4584 6192
563 641 605 709 36
982 642 1082 693 hitorae
1100 641 1202 706 Kepleri
1221 642 1371 707 aliorumque
1389 649 1490 692 mutuae

563 824 674 883 apparet,
692 818 759 867 illum
778 825 829 866 tum
848 818 963 879 temporis
976 818 1072 879 privata
1090 816 1174 866 studia
1186 824 1312 881 gerentem
1325 818 1397 880 patri,
1415 816 1588 878 jurisconsulto
1601 816 1761 880 Tubingensi,
1781 815 1813 864 16
1826 829 1917 864 manus

562 892 649 947 iuisse;
669 905 757 937 munus
775 888 916 951 professoris
933 889 994 950 juris
1013 887 1122 936 61111111
1141 889 1186 949 ipsi
1205 896 1244 936 est
1262 902 1327 936 anno
1349 883 1425 944 1610,
1445 903 1492 951 quo
1511 887 1640 951 'lubingae
1662 888 1761 935 iunctus
1780 893 1819 935 est
1838 901 1916 951 usque

561 961 594 1011 ad
613 957 794 1013 1111111635,
815 974 861 1023 quo
881 958 1056 1023 lngolstadium
1075 961 1187 1007 secessit.
1215 958 1326 1007 Mortuus
1345 966 1383 1007 est
1396 959 1487 1008 ibidem
1507 972 1571 1006 anno
1595 955 1669 1005 1638.
1707 958 1828 1021 Pleraque
1847 972 1914 1021 quae

563 1033 706 1094 conscripsit
719 1047 794 1095 opera
812 1030 845 1079 ad
859 1029 1082 1092 jurisprudentiam,
1102 1030 1228 1092 politicam
1247 1037 1272 1078 et
1289 1029 1418 1079 historiam
1436 1031 1553 1085 attinent,
1573 1043 1654 1091 pauca
1673 1029 1705 1077 ad
1727 1028 1913 1092 philosophiam,

563 1109 589 1153 et
608 1117 773 1166 eorumquae
798 1103 945 1164 inspeximus
964 1100 1057 1149 nullum
1076 1100 1106 1148 de
1125 1102 1197 1149 rebus
1216 1100 1369 1165 astrologicis
1389 1102 1449 1164 agit,
1469 1114 1530 1164 quas
1549 1100 1667 1149 Besoldus
1687 1113 1761 1163 supra
1780 1100 1849 1147 dicit.

652 1172 724 1233 Quae
736 1174 856 1222 Besoldus
876 1172 905 1220 de
927 1173 1091 1234 „professione
1110 1171 1293 1234 philosophiea“
1314 1179 1339 1219 et
1351 1172 1483 1221 Maestlino
1504 1171 1571 1230 dicit,
1592 1172 1623 1219 ab
1639 1172 1713 1220 amici
1732 1173 1812 1233 potius
1832 1173 1915 1220 animo

562 1252 618 1294 orta
637 1259 691 1295 esse
710 1244 829 1300 ridentur,
849 1259 923 1308 quam
941 1243 989 1291 tido
1008 1244 1066 1290 nixa
1084 1242 1252 1299 fundamento,
1274 1259 1329 1291 1111
1342 1243 1420 1292 multa
1439 1242 1489 1291 alia
1507 1250 1631 1291 testentur
1644 1248 1800 1306 argumenta.
1821 1241 1914 1291 Tabia-

562 1330 652 1381 gentes
672 1321 697 1365 et
715 1316 847 1379 praecipue
866 1315 974 1363 ordinem
995 1313 1164 1377 theologorum
1182 1313 1318 1376 Keplerum
1337 1316 1445 1377 apertis
1465 1314 1609 1363 academiae
1630 1314 1768 1362 seclusisse.

651 1387 791 1448 Principum
805 1401 863 1449 quos
874 1385 933 1433 dicit
946 1385 1065 1434 Beseldus
1076 1384 1352 1448 Wilrttembergicorum
1371 1385 1434 1434 alter
1453 1390 1507 1433 erat
1519 1384 1664 1444 Fridericus,
1685 1385 1732 1433 dux
1742 1391 1794 1433 tam
1804 1393 1915 1448 tempore

563 1457 794 1521 Wirrttembergiae,
815 1458 845 1504 de
864 1472 910 1519 quo
929 1457 1032 1504 diximus
1051 1455 1107 1503 Vol.
1127 1455 1146 1503 l.
1165 1472 1188 1518 p.
1211 1453 1269 1515 163,
1299 1455 1362 1504 alter
1385 1457 1457 1518 hujus
1476 1456 1539 1503 lilius
1566 1463 1628 1504 natu
1646 1458 1766 1505 maximus
1785 1455 1915 1504 lohannes

562 1530 707 1593 Pridericaa
736 1528 785 1591 qai,
811 1534 882 1590 patre
910 1542 975 1576 anuo
1006 1524 1196 1581 16681101111,
1224 1528 1249 1574 in
1276 1530 1328 1588 ejus
1355 1527 1435 1575 locum
1463 1524 1722 1587 1111111111111111111
1747 1542 1812 1576 anno
1835 1524 1914 1581 1628,

561 1597 595 1648 lt
616 1595 756 1658 annorum).

649 1670 717 1718 Inter
735 1684 785 1725 eos,
806 1683 861 1717 cum
880 1669 966 1733 quibus
980 1668 1103 1731 Keplerus
1121 1683 1165 1730 per
1184 1668 1283 1732 longam
1303 1683 1422 1717 annorum
1441 1670 1529 1717 seriem
1547 1667 1674 1717 literarum
1693 1670 1838 1717 commercio
1855 1671 1915 1731 jau·

562 1749 617 1791 1111
637 1748 700 1798 1111,
729 1756 777 1788 111
804 1740 888 1788 ultimo
914 1740 967 1789 loco
992 1739 1156 1788 nominandus
1184 1747 1222 1787 est
1239 1739 1254 1788 J
1263 1754 1379 1788 oannes
1399 1739 1519 1803 Papias
1538 1738 1602 1797 (1111.
1622 1754 1645 1788 1.
1668 1736 1871 1803 15581ph0viao
1890 1742 1915 1788 in

560 1813 708 1868 Frentanis,
726 1809 742 1870 †
759 1807 848 1870 1622),
864 1813 903 1873 qui
922 1811 1023 1859 rectoris
1041 1824 1140 1858 munere
1160 1811 1309 1873 fungebatur
1326 1826 1369 1873 per
1388 1810 1481 1873 aliquot
1499 1825 1577 1859 annos
1588 1810 1679 1859 Gratiis
1698 1811 1784 1861 eodem
1802 1817 1915 1874 tempore

561 1898 607 1948 quo
625 1882 749 1946 Keplerus
767 1882 857 1931 ibidem
876 1882 991 1945 degebat.
1029 1881 1121 1929 Postea
1139 1881 1230 1929 relictis
1249 1881 1340 1929 Gratiis
1354 1881 1493 1945 Tubingam
1512 1897 1630 1937 reversus,
1650 1882 1707 1930 inde
1725 1883 1824 1930 transiit
1837 1880 1913 1930 Onel-

561 1955 627 2004 diam
638 1953 808 2003 aMarchione
827 1952 1061 2017 Brandenburgensi
1078 1953 1206 2014 primarius
1225 1952 1334 2001 medicus
1357 1958 1470 2008 vocatus,
1494 1949 1643 2001 11111663
1665 1961 1736 2016 „post
1753 1952 1847 2001 obitum
1865 1954 1915 2002 mei

561 2025 677 2088 principis
696 2024 860 2072 illustrissima
878 2023 985 2072 Ducissa
997 2023 1129 2072 Borussiae
1148 2024 1224 2072 literis
1244 2031 1360 2072 accurate
1380 2023 1412 2071 16
1430 2038 1469 2071 me
1488 2025 1627 2086 perscriptis
1646 2038 1726 2072 meam
1740 2025 1917 2087 profectionem

563 2098 588 2144 in
608 2095 751 2144 Bornssiam
772 2091 986 2159 (Regiomontum)
1006 2094 1118 2159 urgebat.
1156 2093 1205 2142 Die
1226 2093 1265 2141 la.
1288 2094 1356 2157 Sept.
1380 2095 1486 2142 feliciter
1505 2096 1576 2159 attigi
1605 2102 1704 2158 etpost
1723 2095 1917 2158 disputationem

562 2166 687 2231 publicam
708 2165 738 2215 de
757 2165 837 2214 lctero
857 2166 1009 2215 demandata
1035 2165 1092 2212 mihi
1113 2172 1150 2213 est
1177 2166 1293 2227 primaria
1320 2167 1437 2227 protessio
1456 2166 1553 2213 medica
1577 2173 1602 2215 et
1619 2166 1687 2214 locus
1706 2166 1822 2215 archiatri
1842 2166 1917 2215 datus

561 2240 588 2286 in
607 2236 692 2287 uula“.
714 2234 762 2297 (Ex
783 2237 887 2300 epistola
904 2237 974 2299 Papii
994 2237 1026 2283 ad
1044 2233 1130 2299 Kepl.)
1168 2236 1259 2298 Papius
1278 2250 1343 2284 anno
1364 2234 1432 2283 1666
1451 2236 1585 2299 Keplerum
1612 2237 1650 2285 his
1669 2238 1747 2285 verbis
1775 2246 1803 2286 11
1823 2238 1917 2286 scribat

563 2316 661 2358 mouet:
691 2307 795 2356 Utinam
822 2315 867 2355 tua
885 2308 1072 2371 paralipomena
1094 2315 1145 2355 tarn
1175 2315 1258 2356 essent
1279 2310 1410 2370 perspicua
1437 2320 1510 2371 quam
1529 2315 1587 2356 sunt
1605 2310 1735 2371 ingeniosa
1762 2315 1788 2358 et
1806 2309 1915 2357 subtilia.

563 2377 624 2427 Mihi
643 2394 687 2443 per
706 2394 805 2427 omnem
824 2381 900 2427 vitam
918 2392 1000 2427 meam
1019 2379 1077 2426 nihil
1097 2386 1149 2426 tam
1169 2378 1268 2427 61161111
1288 2378 1396 2453 oblatum
1416 2385 1453 2427 est
1471 2380 1495 2426 in
1514 2379 1566 2427 ulla
1578 2380 1763 2436 mathematica.
1782 2380 1834 2429 iere
1848 2380 1915 2429 dixe-

561 2452 609 2498 rim
627 2451 653 2498 in
671 2450 722 2498 ulla
743 2449 873 2511 disciplina
900 2449 1073 2512 philosophica.
1111 2448 1164 2497 Des
1191 2444 1274 2513 itaque
1294 2449 1386 2513 aliquid
1404 2450 1655 2499 bonarum'horarum
1679 2451 1758 2499 amico
1777 2456 1820 2499 tuo
1839 2451 1915 2500 reteri

559 2524 613 2583 jam
632 2521 683 2570 lere
703 2521 852 2575 senescenti,
871 2520 997 2569 literarum
1013 2526 1097 2569 tamen
1116 2522 1225 2583 inprimis
1244 2520 1476 2570 mathematicorum
1498 2522 1666 2570 amantissimo
1685 2529 1711 2570 et
1729 2521 1915 2577 studiosissimo,

562 2606 680 2655 meosque
699 2591 758 2639 mihi
777 2590 902 2653 scrupulos
921 2593 956 2640 sic
976 2592 1050 2654 eripe,
1078 2598 1106 2639 ut
1124 2600 1232 2640 mentem
1252 2601 1321 2639 tuam
1340 2608 1370 2640 ex
1388 2593 1466 2641 verbis
1485 2591 1556 2641 claris
1575 2606 1730 2658 cognoscam.
1769 2592 1846 2643 Nulla
1865 2594 1916 2643 iere

562 2671 608 2712 tua
628 2669 666 2711 est
685 2663 823 2726 propositio,
854 2662 884 2710 de
903 2676 952 2725 qua
970 2677 1019 2710 non
1038 2663 1162 2727 ambigam
1189 2673 1214 2711 et
1233 2663 1350 2719 dubitem,
1377 2671 1458 2712 utrum
1477 2672 1504 2712 tu
1532 2680 1581 2712 nou
1599 2663 1750 2713 sufficienter
1768 2665 1852 2713 omnia
1871 2664 1915 2714 de·

560 2739 689 2792 monstres,
711 2740 755 2781 111
773 2747 819 2797 ego
838 2734 964 2781 minimam
984 2733 1220 2782 demonstrationum
1232 2741 1330 2783 tuarum
1344 2742 1438 2797 partem
1451 2734 1588 2801 intelligam
1608 2770 1614 2783 .
1635 2770 1642 2783 .
1661 2771 1667 2783 .
1688 2733 1821 2798 Responde
1840 2750 1916 2800 quam

520 2798 528 2812 ‘
559 2806 671 2868 primum,
692 2811 796 2867 tuasque
815 2804 886 2852 mitte
904 2804 1038 2853 Berlinum.
1777 2799 1781 2809 '

651 2874 746 2934 Quibus
764 2882 845 2923 motus
873 2875 948 2923 literis
968 2876 1126 2938 Keplerus
1154 2876 1238 2924 statim
1257 2877 1382 2938 scripsisse
1401 2877 1505 2932 ridetur,
1534 2884 1616 2926 exstat
1634 2892 1721 2941 nempe
1740 2877 1766 2925 in
1786 2876 1914 2927 Hanschio

559 2946 623 2995 haec
642 2947 765 3009 responsio
785 2945 945 3009 Papii‚·data
962 2947 1039 3010 pridie
1059 2946 1111 2995 Cal.
1132 2945 1283 3008 Septembris
1303 2944 1386 2995 1606:

649 3018 763 3082 Agnosco
782 3030 843 3065 sane
869 3024 895 3066 et
919 3026 993 3081 grata
1011 3026 1094 3066 mente
1114 3031 1230 3081 agnosco,
1257 3025 1282 3066 te
1311 3020 1414 3080 primum
1442 3018 1571 3075 11111111,
1601 3018 1692 3067 clariss.
1713 3025 1740 3068 et
1759 3018 1860 3067 chariss.
1882 3019 1914 3068 D.

559 3087 675 3151 Keplere,
694 3088 765 3136 nobis
784 3087 886 3137 medicis
906 3098 931 3136 et
948 3088 1098 3151 philosophis
1117 3102 1200 3137 rerum
1219 3089 1317 3138 ridendi
1336 3091 1456 3138 rationem
1476 3095 1690 3146 commonstrasse.
1718 3096 1744 3138 et
1762 3092 1833 3138 mitto
1853 3091 1913 3139 611-

559 3159 604 3208 bus
623 3161 671 3207 tuis
690 3159 771 3207 liberis
790 3160 877 3222 cuique
896 3160 1013 3208 ducatum
1033 3157 1097 3223 (quis
1117 3161 1182 3207 enirn
1201 3160 1255 3222 plus
1273 3162 1395 3222 pecuniae
1410 3167 1462 3208 tam
1475 3161 1574 3209 incertis
1587 3162 1662 3223 postis
1676 3157 1796 3220 1116111)
1815 3155 1913 3208 dedux-

558 3243 637 3298 τρον,
661 3245 711 3278 non
730 3244 792 3278 sane
810 3229 893 3290 labore
912 3237 963 3285 tuo,
992 3245 1064 3294 quern
1083 3232 1108 3277 in
1128 3245 1166 3278 me
1187 3230 1320 3279 erudiendo
1339 3232 1476 3293 suscepisti,
1505 3232 1619 3296 dignum;
1648 3231 1819 3295 dignissimum
1838 3234 1914 3288 enim.

559 3302 596 3349 ita
614 3315 653 3349 me
672 3300 741 3349 Deus
761 3307 836 3357 11111,
862 3316 908 3365 ego
928 3310 953 3349 te
969 3301 1108 3363 iudiearem
1127 3315 1205 3351 aurea
1224 3317 1323 3358 corona,
1351 3316 1414 3365 quae
1440 3303 1476 3350 tui
1496 3304 1601 3366 corporis
1619 3303 1715 3365 pondus
1735 3310 1843 3366 aequet:
1869 3302 1915 3353 sed

559 3378 587 3419 11
605 3372 776 3434 qualecunque
795 3385 866 3422 meae
894 3374 918 3420 11
938 3383 963 3422 11
982 3372 1138 3435 gratitudinis
1158 3380 1183 3421 et
1203 3373 1387 3422 benevolentiae
1411 3375 1509 3436 signum
1527 3373 1630 3429 habeas,
1659 3373 1724 3437 quod
1741 3375 1839 3422 interea
1858 3375 1914 3424 boni

559 3443 672 3491 consulas
691 3443 769 3492 donec
789 3444 887 3492 occasio
907 3443 1024 3492 offeratur
1051 3445 1087 3491 ita
1107 3443 1136 3491 de
1157 3450 1182 3492 te
1201 3445 1297 3507 tuisque
1316 3445 1379 3493 bene
1397 3445 1503 3493 vicissim
1522 3444 1639 3503 merendi,
1666 3451 1694 3493 11
1711 3451 1811 3509 gratum
1830 3457 1914 3494 meum

559 3514 667 3562 animum
686 3528 711 3563 re
730 3514 785 3575 ipsa
804 3515 955 3563 evidentibus
975 3516 1124 3576 argumentis
1145 3511 1308 3578 cognoscatis.
1347 3514 1505 3563 Vitellionem
1519 3521 1544 3562 et
1557 3515 1712 3563 Alhaaenum
1724 3515 1851 3580 perlegere
1865 3531 1913 3565 non

558 3591 640 3632 racat.
679 3582 781 3647 Speravi
801 3584 893 3647 aliquid
912 3599 942 3633 ex
960 3580 976 3630 4
996 3584 1061 3633 libris
1081 3586 1167 3647 opticis
1187 3584 1297 3634 Risneri:
1323 3586 1367 3634 sed
1386 3593 1414 3634 ut
1431 3592 1459 3634 tu
1476 3585 1536 3634 mihi
1553 3587 1626 3634 nimis
1644 3586 1741 3634 subtilis
1760 3601 1794 3642 11,
1818 3588 1855 3635 111
1873 3586 1914 3635 hic

556 3654 616 3703 mihi
635 3662 717 3703 tecam
737 3663 893 3717 comparatus
911 3655 990 3704 idiota
1010 3663 1055 3705 est.
1093 3655 1175 3704 Velim
1194 3663 1263 3704 111111
1283 3656 1313 3705 61
1327 3656 1431 3704 Risnero
1447 3656 1567 3718 judicium
1585 3657 1660 3705 libere
1679 3657 1825 3720 perscribas.
1856 3658 1913 3706 Pol·

555 3724 645 3775 licetur
663 3725 778 3774 Ramista
796 3726 901 3774 Pisanus
928 3727 1067 3774 uniuersam
1087 3726 1208 3791 Opticam,
1229 3730 1298 3789 cujus
1318 3743 1363 3791 ego
1382 3728 1420 3774 rix
1439 3727 1503 3776 haec
1522 3727 1662 3776 rudimenta
1680 3743 1734 3777 esse
1752 3734 1821 3790 puto.
1860 3728 1916 3778 Tua

555 3811 599 3859 per
618 3795 666 3844 Dei
685 3797 792 3860 gratiam
810 3798 862 3857 iam
881 3797 1036 3846 mediocriter
1062 3812 1186 3861 assequor,
1212 3798 1256 3847 sed
1274 3799 1334 3847 nihil
1352 3798 1411 3846 mihi
1434 3797 1566 3859 jucundius
1590 3798 1702 3847 accidere
1719 3805 1811 3862 posset,
1840 3809 1915 3863 quara

556 3868 577 3915 si
596 3883 641 3930 per
659 3868 815 3915 occasionem
834 3867 937 3930 amplius
955 3868 1115 3931 responderes
1143 3869 1175 3917 ad
1192 3882 1287 3932 paucas
1307 3869 1426 3932 quasdam
1446 3871 1610 3932 quaestiones,
1636 3871 1723 3932 quibus
1743 3869 1825 3918 adhuc
1844 3871 1915 3919 intri-

556 3952 607 3992 cor.
626 3951 688 4002 quas
707 3952 759 3986 una
776 3939 856 3987 mitto.
895 3937 934 3987 Ne
954 3940 1048 3987 mireris
1066 3938 1189 3989 bominem
1208 3942 1346 4003 imperitum
1365 3940 1509 4002 disciplinae
1529 3941 1625 4002 opticae
1643 3942 1754 4003 imperite
1773 3941 1850 3990 etiam
1869 3942 1914 3990 du-

556 4008 642 4057 bitare.
680 4008 768 4057 Nullus
795 4017 834 4058 est
861 4010 887 4057 in
905 4010 982 4074 plaga
999 4010 1047 4058 hac
1076 4011 1263 4074 septentrionali
1282 4013 1384 4075 iusignia
1402 4011 1461 4059 mihi
1489 4011 1679 4060 mathematicus
1705 4018 1786 4067 notus,
1815 4018 1916 4075 praeter

556 4078 588 4127 D.
608 4079 730 4127 Thomam
749 4080 927 4136 8111111111,
955 4081 1117 4143 professorem
1136 4082 1245 4130 Halalae
1264 4082 1481 4131 mathematicum:
1511 4082 1544 4130 ad
1569 4096 1640 4144 quern
1663 4083 1748 4131 statim
1767 4082 1915 4146 simulatque

556 4157 613 4199 tuas
633 4151 718 4212 accepi
739 4150 870 4214 diligenter
888 4153 972 4215 scripsi
993 4153 1022 4200 de
1043 4152 1126 4215 eclipsi
1146 4152 1205 4201 illa:
1235 4161 1263 4200 11
1281 4155 1384 4216 primurn
1403 4167 1546 4216 responsam
1565 4165 1692 4214 accepero,
1718 4153 1744 4202 id
1762 4154 1795 4202 16
1814 4160 1840 4203 11
1858 4168 1914 4217 per·

556 4222 613 4270 ierri
634 4222 731 4269 curabo.
769 4222 883 4286 Plagrari
902 4237 963 4285 puer
984 4223 1064 4271 studio
1083 4223 1287 4272 mathematices:
1316 4224 1360 4272 sed
1379 4226 1532 4287 argentinae
1557 4224 1649 4286 peritos
1668 4224 1776 4273 artifices
1800 4226 1914 4275 nancisci

556 4306 605 4339 non
625 4291 708 4352 potui:
730 4293 860 4354 quiescant
879 4294 903 4341 in
922 4307 985 4356 pace
1005 4296 1100 4342 cineres
1120 4294 1257 4357 Dasypodii
1276 4301 1302 4343 et
1320 4294 1511 4350 Wallrenstenii
1540 4293 1571 4342 de
1590 4295 1677 4356 opticis
1703 4295 1741 4363 hia
1760 4298 1838 4345 tantis
1857 4297 1914 4345 viris

557 4375 645 4424 parum
664 4362 739 4411 luisse
758 4371 912 4427 perspectum
932 4366 1049 4426 suspicor.
1086 4364 1146 4413 Post
1165 4374 1190 4414 te
1209 4366 1360 4428 seripserunt
1377 4365 1455 4414 ltalus
1475 4364 1671 4428 11111116111,
1694 4366 1824 4415 Bauhinus
1843 4382 1914 4417 suum

555 4432 681 4480 theatrum
700 4430 745 4482 611.
758 4428 779 4495 ³)
817 4435 948 4486 Excandui
966 4449 1021 4483 cum
1041 4435 1148 4498 legerem
1168 4445 1296 4499 utrumque
1315 4437 1339 4484 in
1359 4437 1459 4499 antiquo
1473 4450 1553 4484 errore
1571 4437 1730 4498 pertinaciter
1748 4452 1914 4500 perseverare,

557 4510 583 4551 et
601 4517 647 4552 nec
666 4501 721 4552 Deo
740 4505 844 4568 gloriam
870 4520 916 4555 nec
936 4507 981 4554 tibi
999 4506 1090 4554 habere
1109 4508 1214 4570 gratiam
1242 4523 1284 4569 pro
1309 4516 1360 4555 tam
1384 4508 1511 4570 praeclaro
1539 4508 1646 4554 inuento.
1686 4507 1809 4557 Constitui
1827 4510 1913 4572 itaque

556 4571 596 4634 (ut
614 4575 662 4622 mei
681 4576 799 4623 similibus
819 4577 974 4625 occasionem
993 4577 1049 4625 dem
1068 4583 1093 4625 te
1113 4578 1251 4626 admirandi
1271 4586 1296 4626 11
1315 4578 1420 4633 colendi.
1446 4585 1490 4626 tua
1508 4592 1603 4641 quoque
1627 4580 1721 4641 scripta
1739 4578 1913 4639 exosculandi)

555 4651 611 4709 post
629 4645 718 4693 festum
737 4645 867 4695 Michaelis
887 4647 1012 4709 disputare
1031 4648 1061 4696 de
1081 4648 1141 4708 risu,
1163 4655 1188 4697 et
1207 4657 1231 4697 11
1250 4657 1278 4697 11
1296 4650 1320 4697 11
1340 4649 1433 4697 chartis
1451 4649 1518 4697 rides
1536 4663 1579 4711 pro
1597 4650 1683 4697 merito
1704 4649 1843 4700 celebrare:
1870 4651 1915 4701 sed

554 4730 587 4764 ne
607 4717 665 4779 quid
684 4718 797 4765 uitiosum
817 4718 928 4782 evulgem
948 4725 973 4766 et
991 4734 1030 4767 rue
1051 4718 1160 4782 aliosque
1180 4720 1205 4767 in
1225 4735 1330 4769 errorem
1343 4719 1466 4779 inducam,
1487 4719 1586 4782 singula
1598 4720 1675 4767 etiam
1688 4721 1762 4769 rerba
1779 4735 1845 4784 quae
1864 4737 1915 4772 11111

554 4787 656 4851 placent
682 4787 753 4844 dele.
781 4788 882 4837 meliora
900 4789 1029 4844 substitue,
1048 4795 1077 4838 ut
1095 4792 1186 4839 veritas
1205 4798 1300 4853 pateat,
1320 4797 1346 4839 11
1364 4805 1410 4854 ego
1424 4803 1546 4854 agnoscar
1564 4790 1697 4838 doctissimi
1709 4793 1822 4856 magistri
1840 4788 1920 4844 1111·Ι

555 4872 633 4921 quens
653 4858 794 4921 discipulus.
816 4894 821 4905 .
844 4894 877 4907 ..
908 4859 947 4909 Ne
966 4861 1067 4918 mireris,
1098 4876 1137 4909 me
1157 4863 1193 4909 ita
1211 4862 1297 4910 rudem
1316 4863 1391 4910 inisse
1414 4863 1438 4908 in
1458 4861 1575 4924 prioribus
1593 4862 1655 4910 meis
1673 4861 1757 4912 literis.
1795 4861 1915 4916 Consului

553 4929 593 4977 hlc
612 4928 659 4978 loci
678 4930 706 4977 in
724 4929 771 4979 hoc
791 4939 935 4994 argumento
954 4932 1026 4987 viros,
1049 4932 1135 4994 quise
1155 4932 1259 4981 exclusis
1279 4933 1333 4981 aliis
1352 4931 1416 4980 solos
1437 4933 1600 4981 inscientiae
1619 4935 1798 4995 possessionem
1817 4937 1915 4987 11111110

554 5006 657 5062 putant:
681 5009 708 5049 at
726 5001 779 5049 illos
798 5001 874 5049 multo
893 5003 974 5049 minus
993 5016 1032 5049 me
1052 5002 1190 5067 intelligere
1210 5004 1398 5067 cognoscebam,
1425 5009 1452 5051 ut
1470 5004 1550 5066 potius
1570 5002 1722 5065 deplorarem
1744 5005 1915 5069 ignorantiam

555 5083 629 5134 quam
648 5071 767 5122 irascerer
786 5073 816 5121 de
836 5087 879 5134 spe
897 5072 1024 5120 frustrata.
1063 5071 1123 5120 Post
1148 5088 1291 5136 responsum
1310 5081 1378 5122 tuum
1404 5088 1443 5121 me
1469 5073 1633 5136 philosophice
1664 5082 1839 5140 regeneratum
1858 5094 1915 5129 esse

554 5145 621 5203 puto.
661 5140 760 5201 Quanto
774 5142 865 5207 gaudio
883 5157 923 5193 rna
942 5142 1080 5193 exultarem
1099 5144 1232 5201 existimas,
1252 5150 1281 5194 ut
1293 5144 1324 5193 de
1337 5142 1484 5193 Scheubelio
1503 5143 1599 5201 6111111,
1620 5145 1660 5193 ubi
1674 5158 1793 5210 accepero
1811 5163 1914 5214 respon·

553 5212 635 5263 rienes
653 5212 727 5264 tuas?
755 5227 829 5278 quam
848 5228 888 5265 me
906 5227 992 5280 geram
1011 5226 1072 5279 erga
1091 5220 1186 5264 ceteros
1210 5215 1363 5271 insolentius,
1394 5228 1495 5278 quorum
1521 5215 1547 5263 in
1574 5213 1621 5265 hae
1649 5231 1675 5267 re
1705 5218 1838 5269 scientiam
1856 5233 1915 5272 mea
