4584 6192
945 560 1029 627 ὕψει
1045 560 1090 613 tv,
1108 560 1136 612 ⁴·
1655 553 1717 623 18¹2

448 731 595 813 Sequitur
626 750 699 812 ergo
730 756 785 817 per
816 739 1006 819 analogiam,
1040 746 1074 800 ut
1096 738 1126 799 in
1159 745 1244 800 recta
1275 737 1357 799 linea
1388 743 1514 817 uterque
1548 737 1632 798 locus
1657 736 1719 809 (uta

368 822 507 905 loquimur
531 823 569 885 de
592 830 693 896 recta,
723 827 786 888 sine
811 847 880 902 usu,
909 836 1026 890 tantum
1050 828 1088 889 ad
1113 828 1283 906 analogiam
1319 826 1542 904 complendam)
1567 824 1719 889 coincidet

368 912 511 993 inipsam
534 919 670 974 rectam:
695 916 792 996 sitque
817 936 893 979 unus
916 927 950 979 ut
972 917 1002 978 iu
1026 917 1148 979 circulo.
1187 918 1221 977 ln
1246 915 1356 977 circulo
1380 915 1473 994 igitur
1496 916 1580 976 locus
1599 915 1628 975 in
1651 914 1718 992 ipso
1742 991 1744 994 Ι

368 1009 465 1065 centm
494 1009 562 1069 est,
596 1000 771 1078 longissime
804 1006 948 1067 recedens
973 1028 991 1067 a
1019 1005 1260 1067 circumferentia
1291 1003 1444 1083 proxima,
1469 1004 1498 1065 in
1533 1002 1632 1080 ellipsi
1660 1004 1720 1082 jam

369 1090 458 1154 ninus
480 1089 607 1163 recedit,
632 1092 711 1155 etin
735 1093 879 1172 parabole
903 1096 997 1157 multo
1021 1094 1128 1167 minus,
1153 1094 1277 1155 tandem
1296 1093 1325 1154 in
1350 1100 1435 1154 recta
1458 1093 1542 1154 focus
1567 1090 1720 1153 minimum

370 1180 401 1242 nb
423 1179 493 1259 ipsa
515 1176 645 1254 recedit,
671 1182 725 1243 hoc
750 1192 812 1257 est,
838 1184 867 1245 iu
891 1184 988 1263 ipsam
1011 1183 1127 1245 incidit.
1174 1181 1226 1244 Sic
1249 1182 1351 1260 itaque
1374 1182 1404 1243 iu
1429 1180 1579 1255 terminis,
1613 1179 1723 1240 circulo

370 1278 395 1332 et
416 1276 513 1342 recta,
537 1274 648 1329 coiinnt
664 1270 731 1342 loci,
756 1271 817 1333 illic
840 1272 1014 1352 longissime
1030 1272 1135 1345 distat,
1160 1271 1207 1332 hic
1222 1272 1311 1351 plane
1331 1269 1436 1332 incidit
1455 1270 1540 1331 iocus
1556 1268 1586 1330 iu
1599 1267 1720 1330 lineam.

371 1358 398 1421 ln
420 1356 522 1419 media
544 1355 689 1434 parabole
713 1360 828 1422 intinito
852 1361 1013 1424 intervallo
1038 1361 1163 1434 distant,
1189 1360 1216 1420 in
1241 1359 1341 1437 ellipsi
1364 1367 1395 1420 et
1418 1358 1581 1439 hyperbole
1605 1359 1721 1419 latera-

372 1446 441 1509 libus
464 1445 528 1507 bini
554 1452 624 1505 actu
648 1445 706 1511 loci
730 1451 830 1527 spatio
854 1450 990 1512 dimenso
1015 1450 1152 1521 distant;
1177 1448 1207 1510 in
1229 1449 1329 1527 ellipsi
1351 1447 1428 1509 alter
1443 1448 1536 1509 etiam
1559 1447 1641 1508 intra
1664 1454 1723 1518 est,

374 1536 395 1597 iu
417 1534 583 1616 hyperbole
607 1534 686 1598 alter
709 1547 805 1599 extra.
853 1539 991 1617 Undique
1016 1547 1086 1600 sunt
1109 1538 1244 1599 rationes
1268 1536 1436 1615 oppositae.

452 1623 551 1684 Linea
583 1622 663 1700 MN,
696 1645 772 1706 quae
806 1628 903 1689 locum
935 1628 963 1689 in
997 1646 1053 1687 axe
1088 1635 1220 1689 metatur
1250 1624 1540 1705 perpendiculariter
1572 1623 1602 1684 in
1636 1641 1724 1683 axem

376 1712 521 1786 insistens,
546 1711 665 1775 dicatur
688 1716 772 1777 nobis
796 1716 918 1789 chorda,
943 1724 975 1777 et
993 1734 1069 1795 quae
1094 1716 1285 1776 altitudinem
1310 1713 1445 1775 ostendit
1467 1713 1526 1774 ioci
1545 1735 1564 1774 a
1586 1710 1725 1791 proxima

377 1810 451 1881 parta
485 1799 630 1864 sectionis
654 1823 673 1864 a
695 1804 825 1873 vertice,
859 1824 931 1885 pars
964 1823 1069 1884 nempe
1103 1805 1169 1865 anis
1197 1803 1255 1865 BR
1284 1804 1333 1864 vel
1355 1802 1416 1863 DK
1446 1802 1493 1862 vel
1521 1800 1573 1863 ΕΒ
1607 1799 1726 1861 dicatur

379 1889 483 1969 sagitta
506 1889 556 1950 vel
579 1889 657 1953 axis.
704 1892 799 1971 Igitur
822 1894 850 1954 in
876 1894 986 1955 circulo
1014 1893 1130 1971 sagitta
1162 1900 1274 1971 aequat
1304 1890 1538 1959 semichordam,
1571 1890 1601 1949 in
1625 1886 1724 1967 ellipsi

381 1980 463 2058 major
485 1986 535 2040 eet
558 1980 747 2044 semichorda
768 1982 820 2044 BP
844 2002 932 2062 quarn
956 1982 1072 2060 sagitta
1089 1982 1156 2053 BR,
1182 1981 1278 2059 major
1301 1979 1393 2041 etiam
1417 1978 1532 2058 sagitta
1555 1978 1612 2039 BR
1636 1996 1725 2056 quant

383 2068 522 2130 dimidium
544 2067 598 2128 BP
627 2071 833 2132 semichordae
867 2091 920 2133 seu
953 2071 1083 2132 chordae
1116 2077 1225 2149 quarta
1257 2088 1338 2148 pars.
1391 2068 1423 2128 ln
1455 2067 1615 2147 parabole,
1647 2065 1725 2144 quod

384 2156 495 2219 vitellio
524 2157 761 2234 demonstravit,
795 2160 912 2238 sagitta
935 2161 993 2221 DK
1017 2159 1154 2238 praecise
1184 2166 1295 2236 aequat
1328 2165 1465 2237 quartam
1498 2155 1628 2217 chordae
1652 2154 1726 2225 MN,

387 2245 430 2308 hoc
451 2254 500 2306 est
522 2245 581 2308 DN
606 2256 654 2310 est
687 2249 778 2328 dupla
802 2250 840 2310 ad
864 2249 932 2311 ΒΚ.
980 2249 1013 2309 ln
1047 2246 1208 2330 hyperbole
1232 2244 1290 2315 EQ
1320 2246 1387 2325 plus
1416 2254 1480 2319 est,
1515 2262 1604 2324 quam
1637 2243 1729 2322 dupla

387 2334 464 2413 ipsius
481 2331 545 2406 ES,
570 2353 615 2397 sc.
639 2337 735 2400 minor
754 2346 802 2399 est
825 2338 941 2417 sagitta
960 2335 1011 2398 Es
1036 2356 1125 2417 qnam
1151 2344 1259 2416 quarta
1282 2334 1412 2396 chordae
1436 2343 1468 2395 et
1491 2351 1610 2411 semper
1632 2331 1729 2392 minor

389 2432 461 2503 atque
482 2423 581 2484 minor
603 2444 657 2504 per
681 2445 784 2488 omnes
807 2426 1027 2506 proportiones,
1053 2426 1147 2487 donec
1172 2432 1338 2485 evanescat
1360 2422 1390 2484 in
1414 2429 1508 2495 recta,
1533 2420 1583 2482 ubi
1608 2421 1674 2482 loco
1697 2420 1727 2481 iu

390 2510 480 2574 lineam
513 2512 613 2589 ipsam
642 2513 850 2590 incumbente,
885 2515 1014 2576 altitudo
1048 2514 1106 2576 foci
1137 2533 1191 2574 seu
1224 2513 1340 2592 sagitta
1372 2511 1540 2584 evanescit,
1575 2517 1607 2570 et
1639 2508 1728 2570 simul

391 2599 482 2663 chorda
503 2600 621 2664 infinita
645 2604 781 2677 eflicitur,
807 2604 979 2666 coincidens
995 2622 1039 2664 sc.
1064 2622 1130 2664 cum
1155 2622 1225 2664 arcu
1249 2621 1303 2663 suo
1328 2600 1452 2662 abusive
1476 2600 1520 2662 sic
1545 2599 1635 2672 dicto,
1661 2615 1728 2659 cunr

392 2699 455 2751 recta
476 2690 557 2752 linea
580 2691 631 2752 sit.
679 2690 810 2772 Oportet
833 2694 911 2755 euim
939 2692 1026 2753 nobis
1055 2692 1168 2754 servire
1200 2710 1291 2752 voces
1322 2688 1523 2769 geometricas
1547 2687 1727 2767 analogiae:

393 2777 527 2855 plurimum
542 2799 671 2862 namque
685 2800 753 2842 amo
768 2782 926 2861 analogias
945 2781 1136 2843 fidelissimos
1157 2798 1241 2842 meos
1261 2780 1433 2859 magistros,
1457 2777 1587 2839 omniurn
1602 2786 1729 2837 naturae

394 2883 546 2930 manorum
578 2871 735 2932 conscios:
773 2871 803 2931 in
835 2870 1002 2950 geometria
1041 2870 1201 2949 praecipue
1236 2868 1461 2948 suspiciendos,
1495 2867 1564 2927 dum
1597 2863 1729 2926 infinitos

394 2973 462 3048 caus
482 2958 659 3037 interjectos
682 2959 764 3021 iutra
790 2980 846 3021 sua
875 2968 1013 3022 extrema
1042 2959 1230 3038 mediumque
1259 2957 1449 3038 quantumvis
1479 2954 1618 3016 absurdis
1642 2954 1728 3015 locu-

395 3043 501 3108 tionibus
539 3048 735 3122 concludnnt,
775 3057 929 3129 totamque
964 3047 1006 3109 rei
1040 3048 1168 3127 alicujus
1209 3046 1373 3109 essentiam
1409 3044 1575 3106 luculenter
1611 3047 1727 3121 ponunt

394 3132 420 3193 ob
440 3136 548 3198 oculos.

461 3222 539 3294 Quin
574 3223 667 3285 etiam
698 3224 727 3284 in
759 3224 960 3303 descriptione
997 3225 1163 3286 sectionum
1198 3222 1338 3301 analogia
1374 3223 1533 3302 plurimum
1566 3238 1612 3281 me
1640 3216 1730 3297 juvit.
1804 3299 1807 3306 1

393 3306 490 3375 Etenim
514 3334 554 3375 ex
577 3313 632 3386 Ill,
658 3310 710 3375 5t.
734 3311 787 3377 52.
817 3315 971 3393 Apollonii
1000 3314 1164 3392 descriptio
1192 3314 1303 3394 hyper·
1459 3330 1510 3394 rig.
1532 3323 1574 3375 ot.

393 3396 457 3463 bolos
486 3412 517 3464 et
546 3402 689 3481 ellipseos
714 3403 843 3465 efficitur
872 3402 1032 3476 facillima;
1065 3410 1225 3482 potestque
1254 3400 1302 3461 vel
1642 3430 1659 3465 a

392 3488 426 3549 llo
449 3491 562 3571 perfici.
609 3490 722 3552 Positis
756 3492 834 3553 euim
867 3492 941 3552 locis
970 3491 1007 3565 A,
1033 3491 1058 3552 B
1084 3500 1115 3552 et
1144 3491 1223 3552 inter
1250 3508 1302 3550 eos
1589 3462 1640 3570 si

391 3581 483 3645 vertice
505 3580 549 3655 E,
582 3579 712 3658 figantur
740 3600 812 3641 acus
835 3580 865 3642 in
900 3580 974 3641 locis
998 3582 1037 3653 A,
1061 3581 1097 3653 Β,
1123 3586 1304 3640 annectatur
1635 3579 1656 3674 b

390 3668 519 3733 dacum
539 3669 571 3730 A
594 3669 674 3729 filum
699 3669 886 3748 longitudine
901 3670 968 3743 AB,
993 3670 1073 3730 adB
1097 3669 1178 3730 iilum
1202 3667 1302 3744 longi·
1476 3728 1485 3744 .
1499 3733 1502 3739 ,
1516 3665 1532 3684 ⁷
1649 3680 1652 3686 ’

390 3758 473 3821 tudine
496 3757 562 3820 BE.
609 3757 808 3836 Prolongetur
839 3766 995 3837 utrumque
1020 3758 1099 3819 filum
1128 3757 1304 3836 aequalibus
1423 3767 1462 3838 s
1502 3750 1660 3829 51

389 3846 586 3917 additionibus,
610 3855 644 3908 ut
658 3836 685 3907 si
699 3846 809 3927 duplex
832 3847 912 3908 filum
929 3847 1032 3926 digitis
1056 3846 1302 3926 comprehendas,
1372 3843 1537 3924 ρξ”ζκ
1563 3917 1570 3924 N
1638 3835 1642 3886 ἱ

390 3932 466 4017 iisque
482 3936 520 3997 ab
535 3934 562 3996 Ε
588 3934 812 3997 discedentibus
833 3936 905 3997 bina
919 3936 969 3996 fila
988 3935 1134 4014 paulatim
1155 3934 1301 4006 dimittas,
1479 3921 1591 3942 ⁸
1611 3897 1691 4015 '50

389 4023 528 4106 alteraque
552 4043 642 4085 manu
670 4024 773 4103 signes
796 4025 855 4086 iter
884 4024 1001 4103 anguli,
1032 4043 1117 4104 quem
1145 4032 1303 4101 utrumque
1359 4030 1365 4040 ‘

389 4111 451 4178 ilum
484 4114 560 4176 lacit
599 4113 679 4191 apud
712 4112 841 4192 digitos,
875 4133 911 4175 ea
944 4112 1114 4193 designatio
1145 4112 1204 4173 erit
1234 4107 1405 4192 hyperbole.
1452 4100 1583 4163 Facilius
1617 4096 1733 4176 ellipsis

390 4200 561 4266 describitur.
607 4201 679 4263 Foci
703 4201 765 4262 siut
787 4202 827 4275 A,
853 4203 888 4275 B,
912 4210 1017 4264 vertex
1040 4201 1077 4263 Ε.
1124 4202 1198 4280 Fige
1223 4219 1295 4261 acus
1319 4198 1418 4256 firmas
1443 4192 1471 4252 in
1495 4189 1535 4259 Α,
1554 4189 1591 4264 Β,
1616 4196 1732 4286 utran13

391 4308 432 4367 quc
452 4293 502 4354 lilo
526 4291 709 4368 amplectere
733 4291 863 4369 simplici
887 4292 1040 4370 amplexu,
1068 4299 1101 4353 nt
1123 4292 1201 4352 inter
1224 4288 1280 4349 AB
1305 4286 1385 4345 tilunr
1411 4301 1468 4343 non
1498 4277 1628 4339 intersit.
1675 4275 1733 4336 Filr

392 4376 528 4460 longitudo
561 4379 604 4440 sit
627 4378 684 4441 ΑΕ
716 4378 886 4458 duplicata,
921 4388 952 4439 et
983 4381 1084 4458 capita
1116 4378 1156 4439 fili
1191 4378 1268 4438 nodo
1297 4377 1358 4437 siut
1488 4368 1542 4432 rig.
1562 4363 1606 4415 ⁶⁵·

392 4484 518 4532 munera.
567 4469 672 4530 lusere
691 4469 755 4546 jam
780 4466 976 4548 graphiumC
1001 4469 1030 4529 in
1055 4468 1181 4529 eundem
1205 4466 1245 4526 lili
1270 4483 1354 4525 com-

393 4555 492 4631 plexum
507 4576 576 4619 cum
591 4556 656 4630 AB,
682 4567 713 4618 et
728 4565 816 4619 tenso
831 4558 890 4628 filo,
915 4566 1058 4637 quantum
1077 4556 1108 4617 id
1127 4555 1250 4636 patitur,
1276 4553 1356 4615 circa

394 4643 435 4705 AB
455 4645 624 4709 circumduc
653 4645 777 4716 lineam,
811 4648 887 4708 haec
919 4646 1035 4725 ellipsis
1064 4645 1132 4707 erit.
1181 4642 1257 4705 Cum
1281 4642 1355 4703 haec
1419 4639 1471 4727 ti
1520 4645 1542 4722 l,¹

395 4734 561 4797 ausaritis
585 4743 668 4796 esset
690 4734 870 4814 descriptio,
895 4754 951 4795 nou
976 4732 1112 4814 indigens
1137 4732 1272 4812 operosis
1297 4729 1356 4792 illis
1441 4717 1499 4799 ii*-
1541 4730 1549 4778 l

1440 4779 1552 4853 iRi

395 4819 503 4901 circinis,
528 4822 635 4905 quibus
659 4822 751 4903 aliqui
779 4824 923 4885 cudendis
953 4823 1182 4884 admirationem
1208 4819 1356 4882 hominnm
1545 4840 1551 4892 ς

1419 4536 1438 4580 n
1462 4566 1474 4577 ’“
1483 4582 1501 4608 ··.

395 4921 536 4987 vermem,
568 4911 619 4973 diu
648 4911 743 4980 dolui,
776 4933 833 4974 non
866 4932 956 4993 posse
990 4913 1034 4973 sic
1067 4912 1160 4973 etiam
1192 4907 1357 4988 parabolen
1416 4921 1455 4995 Rq

396 4995 515 5063 describi.
563 5000 697 5062 Tandem
726 5001 869 5081 analogia
901 5001 1083 5063 inonstravit
1113 5002 1161 5073 (et
1192 4994 1360 5077 geometria
1437 4997 1440 5040 t

395 5091 566 5170 comprobat)
600 5107 658 5151 non
690 5090 783 5153 multo
824 5090 980 5175 operosius
1013 5097 1045 5153 et
1076 5089 1154 5152 hanc
1187 5087 1359 5168 designare.
1416 5055 1476 5205 41·
1499 5034 1707 5150 wQo
