4584 6192
991 596 1073 661 Caput
1090 597 1148 649 vn.
1169 595 1193 648 8.
1707 596 1768 665 361

414 771 524 831 ceteris
548 790 636 832 suum
660 771 777 833 lumen:
803 801 857 836 non
878 785 950 837 enim
971 800 1084 853 prorsus
1105 783 1194 836 latere
1217 784 1243 836 in
1265 783 1432 847 defectibus,
1461 786 1509 837 sed
1529 786 1663 856 ellhlgere
1684 787 1777 840 colore

414 871 530 940 quodam
553 886 669 939 prunam
690 872 829 925 referente
851 880 882 924 et
904 872 1031 935 terribili,
1053 872 1098 942 qui
1120 871 1181 938 ejus
1203 872 1240 924 sit
1260 872 1406 942 proprius;
1430 863 1499 941 Ipse
1520 865 1703 942 respondens
1718 865 1775 925 hoc

413 951 507 1026 ipsum
533 948 657 1026 objicit:
682 959 818 1023 videmus,
843 950 947 1029 inquit,
968 962 1076 1015 Lunam
1104 960 1275 1014 deficientem
1301 961 1373 1014 alias
1402 960 1486 1014 alium
1513 962 1630 1015 colorem
1658 979 1773 1036 sumere,

412 1054 479 1108 quos
499 1038 692 1092 mathematici
719 1041 850 1110 temporis
877 1040 986 1095 ratione
1008 1042 1047 1094 sic
1067 1041 1243 1094 discernunt:
1273 1041 1295 1093 si
1324 1041 1375 1093 suh
1404 1057 1550 1110 vesperam
1570 1042 1651 1095 Luna
1675 1043 1774 1106 delicit,

411 1118 583 1172 horribiliter
609 1117 692 1188 nigra
717 1129 838 1189 apparet
862 1138 949 1191 usque
971 1124 1006 1174 ad
1028 1122 1124 1174 horam
1154 1121 1265 1174 tertiam
1286 1129 1317 1173 et
1337 1136 1423 1189 supra
1449 1122 1588 1174 semissem
1610 1122 1705 1175 horae.
1746 1120 1776 1176 si

411 1198 501 1252 media
523 1205 618 1260 nocte,
650 1206 716 1252 tunc
742 1200 825 1253 istum
855 1201 1000 1269 puniceum
1021 1209 1051 1255 et
1070 1201 1182 1271 igneum
1213 1201 1332 1253 colorem
1361 1201 1434 1253 edit:
1467 1218 1485 1253 1
1510 1202 1629 1270 septima
1656 1202 1726 1255 hora
1746 1210 1776 1257 11

411 1278 524 1331 semisse
544 1279 629 1331 rubor
650 1280 812 1343 ostenditur,
836 1297 931 1333 versus
953 1296 1081 1334 auroram
1108 1280 1166 1349 jam
1192 1280 1349 1333 caeruleum
1375 1288 1534 1351 trucemque
1555 1283 1663 1335 vultum
1683 1281 1774 1336 sumit.

411 1357 494 1417 llaec
519 1356 639 1436 quidem
663 1358 768 1435 regula
797 1359 891 1432 fallit,
917 1379 971 1419 nec
996 1360 1034 1420 ad
1058 1359 1256 1438 propositum.
1303 1359 1422 1418 Arabes
1452 1358 1538 1419 nobis
1567 1361 1656 1421 aliani
1682 1378 1772 1437 prae·

411 1444 560 1524 scripsere
586 1444 623 1504 de
648 1446 798 1508 coloribus
830 1447 1005 1525 eclipsium,
1035 1467 1124 1527 quam
1150 1446 1347 1507 Cardenus
1371 1445 1400 1506 in
1430 1447 1640 1525 supplemento
1666 1449 1774 1510 Alma*

413 1534 488 1594 uach
513 1541 546 1594 et
575 1530 603 1593 in
629 1531 808 1596 Commento
840 1555 930 1615 super
961 1533 1223 1615 Quadripertitum
1253 1554 1291 1594 ex
1318 1535 1446 1596 Alionso
1476 1544 1507 1595 et
1530 1533 1711 1608 Linerio⁶⁵)
1736 1537 1774 1597 ad

414 1622 481 1681 nodi
514 1621 771 1701 propinquitatem
804 1633 834 1685 et
867 1644 1031 1704 apogaeum
1064 1624 1286 1693 accommodat,
1320 1643 1394 1702 quae
1424 1623 1584 1684 Reinhoidi
1619 1624 1773 1685 traditioni

412 1710 509 1790 magis
525 1719 598 1770 suut
616 1722 838 1773 consentanea:
865 1714 999 1792 quamvis
1016 1714 1095 1774 aeris
1109 1714 1196 1773 varia
1211 1713 1387 1773 constitutio
1412 1713 1545 1789 regulam
1562 1733 1619 1773 111
1636 1714 1774 1774 videatur

412 1798 582 1861 admittere.
635 1799 696 1860 Sed
727 1802 827 1879 pergit
856 1801 1037 1864 Plutarchus
1069 1803 1145 1863 hanc
1181 1822 1266 1863 suam
1299 1800 1497 1880 objectionem
1531 1803 1772 1874 accommodans,

412 1890 482 1943 hunc
512 1906 647 1959 pruneum
675 1891 769 1959 potius
797 1892 857 1962 quis
887 1892 1007 1946 alienum
1030 1910 1048 1946 a
1067 1894 1147 1945 Luna
1178 1891 1281 1945 dixerit
1302 1908 1334 1944 ac
1363 1891 1511 1945 mixturam
1540 1892 1633 1961 potius
1664 1892 1773 1945 luminis

412 1979 563 2033 deficientis
588 1969 722 2048 (egregie
749 1974 878 2042 mecum)
903 1988 932 2034 11
961 1999 1011 2051 per
1039 1983 1163 2035 umbram
1193 1980 1338 2042 enitentis,
1365 1979 1505 2049 proprium
1526 1997 1591 2033 vero
1613 1980 1722 2051 nigrum
1743 1986 1774 2034 11

412 2074 581 2122 terrestrem.
621 2055 696 2118 Cum
719 2078 790 2120 vero
814 2059 850 2119 de
876 2061 974 2120 causis
1000 2062 1064 2137 agit
1087 2061 1186 2120 lumen
1211 2058 1331 2120 umbrae
1356 2059 1662 2137 interspergentihus,
1689 2068 1774 2121 astra

413 2157 516 2207 cetera
549 2146 652 2208 Solem
690 2146 916 2210 circumstantia
953 2150 1094 2209 adducit:
1133 2167 1255 2209 causam
1293 2147 1330 2207 ad
1367 2146 1443 2206 hune
1481 2147 1599 2225 quidem
1636 2148 1772 2209 ruborem

414 2234 535 2296 nimium
568 2235 715 2296 debilem:
755 2236 889 2316 quamvis
922 2238 1001 2299 infra
1034 2238 1097 2316 ejus
1128 2237 1219 2297 etiam
1257 2236 1335 2297 ratio
1372 2234 1532 2296 habebitur
1562 2236 1589 2295 in
1623 2235 1772 2299 coloribus

410 2324 532 2386 ceteris.
582 2324 707 2385 Vitellio
731 2335 844 2400 noster,
871 2346 937 2388 cum
962 2335 1045 2386 esset
1067 2334 1231 2404 negaturus
1255 2326 1359 2385 Lunae
1388 2342 1474 2383 omne
1500 2323 1596 2384 lumen
1620 2324 1771 2404 proprium

412 2432 495 2492 prop.
513 2410 567 2474 77.
594 2413 660 2473 libri
676 2414 731 2487 IV,
757 2414 824 2475 huic
848 2424 948 2475 tamen
974 2415 1073 2476 rubori
1090 2415 1196 2475 Lunae
1220 2414 1249 2474 iu
1274 2411 1434 2491 eclipsibus
1459 2411 1578 2473 videtur
1601 2413 1772 2476 destinasse

410 2500 645 2581 propositionem
671 2501 722 2564 31.
749 2502 814 2563 libri
831 2504 872 2563 II.
915 2514 1052 2577 Umbram,
1078 2502 1118 2563 ibi
1143 2503 1196 2574 ait,
1223 2511 1416 2566 remotioribus
1443 2510 1570 2580 parribus
1599 2512 1689 2566 minus
1713 2529 1770 2568 um·

412 2601 550 2655 bresoere.
588 2589 1135 2666 8111111111,11111111111111.
1176 2589 1316 2653 Ceterum
1333 2589 1459 2650 Vitellio
1483 2591 1649 2652 causamin
1674 2591 1770 2654 visum

409 2680 500 2740 refert
523 2690 751 2759 comparantem
776 2682 910 2742 umbram
926 2689 956 2742 et
980 2680 1081 2741 radios
1107 2682 1266 2742 lucidiores
1287 2681 1333 2741 vel
1355 2678 1515 2739 debiliores
1535 2679 1624 2758 juxta
1644 2680 1770 2743 invicem

408 2769 534 2847 positos.
584 2768 725 2830 Ceterum
750 2769 805 2831 hoc
833 2779 923 2850 pacto
955 2771 1026 2830 nihil
1058 2771 1148 2849 plane
1173 2771 1259 2830 Luna
1288 2768 1368 2828 aliud
1393 2767 1422 2827 in
1447 2787 1500 2827 111
1525 2787 1648 2848 corpore
1678 2778 1770 2849 pate-

410 2863 505 2931 retur,
539 2858 716 2936 prcfundius
746 2867 778 2919 et
801 2858 1083 2937 caliginosissimam
1106 2867 1223 2938 partem
1256 2857 1429 2918 transiens:
1464 2857 1537 2917 nihil
1566 2857 1666 2937 itaque
1695 2858 1770 2920 haec

408 2945 489 3005 visus
512 2945 678 3024 phantasia
707 2949 825 3008 confert
848 2948 886 3007 ad
916 2948 993 3008 hunc
1022 2948 1087 3026 ejus
1120 2947 1267 3009 ruborem.
1316 2944 1418 3007 Causa
1446 2962 1517 3004 vero
1550 2946 1639 3024 plane
1669 2955 1717 3008 est
1739 2946 1768 3008 iu

410 3034 658 3111 retractionibus,
684 3044 717 3095 ut
740 3036 782 3096 sit
805 3037 878 3097 nihil
901 3036 982 3097 aliud
1007 3038 1096 3097 rubor
1119 3036 1187 3110 iste,
1213 3054 1300 3115 quam
1330 3032 1494 3094 illustratio
1518 3034 1622 3094 Lunae
1646 3056 1665 3094 a
1688 3034 1769 3098 Solis

408 3122 516 3195 radiis,
553 3142 608 3203 per
641 3124 720 3185 atris
759 3125 939 3186 densitatem
977 3125 1179 3199 transmissis,
1220 3131 1251 3185 et
1278 3125 1356 3184 iutro
1389 3140 1494 3181 versus
1528 3142 1613 3182 axem
1647 3123 1769 3185 umbrae

409 3210 558 3287 refractis,
583 3221 617 3273 ut
641 3214 896 3293 exsequentibus
922 3206 1134 3292 esperimentis
1160 3215 1271 3274 clarum
1296 3212 1414 3272 evadet.

494 3319 687 3380 Frodoardus
704 3314 749 3398 ⁶⁶)
775 3321 812 3380 ad
838 3340 946 3380 animur
972 3318 1088 3381 Christi
1113 3316 1194 3383 926:
1230 3331 1311 3384 Luna
1332 3330 1392 3383 Cal.
1414 3327 1503 3398 April.
1528 3344 1614 3398 passa
1633 3330 1770 3385 defectum

408 3416 436 3460 11
456 3407 483 3462 iu
505 3409 642 3478 pallorem
665 3426 799 3463 conversa
819 3418 863 3463 est
884 3413 1002 3481 quadam
1024 3410 1132 3465 luminis
1148 3411 1247 3465 relicta
1267 3408 1416 3479 particule,
1438 3409 1517 3462 11111
1536 3416 1612 3462 11111
1633 3413 1768 3475 secundm

407 3499 499 3569 sicque
522 3516 624 3553 aurora
650 3500 708 3567 jam
735 3499 883 3570 incipiente
906 3500 1136 3571 insanguineum
1159 3506 1221 3553 tota
1250 3507 1359 3552 mutata
1384 3506 1428 3550 est
1456 3498 1582 3552 colorem.
1637 3488 1719 3569 Ergo
1751 3510 1770 3550 a

412 3577 506 3638 latere
533 3579 665 3639 umbram
690 3579 784 3652 rasit3
810 3598 875 3638 cunr
900 3580 976 3639 hunc
1000 3580 1137 3640 ruborem
1161 3598 1232 3659 prae
1257 3598 1288 3638 se
1315 3579 1415 3639 ferret.

493 3692 604 3753 Refert
633 3692 789 3754 Cornelius
819 3692 947 3754 Gemma
978 3693 1212 3756 Cosmocritices
1242 3694 1315 3756 libro
1340 3693 1381 3753 Il.
1409 3693 1428 3750 f.
1455 3687 1518 3756 tl:
1552 3692 1640 3752 Auno
1673 3687 1767 3754 1569.

408 3781 513 3842 Martii
544 3780 592 3840 die
618 3778 646 3843 3.
669 3810 748 3846 mane
763 3794 833 3846 hora
854 3795 1084 3847 tertiaPhoebeu
1107 3794 1221 3862 eclipsin
1239 3794 1402 3846 horrendam
1417 3807 1529 3859 passam
1545 3791 1609 3843 diris
1631 3791 1767 3845 coloribus

407 3880 578 3951 insignitam.
621 3881 711 3934 Primo
741 3873 828 3944 enim,
853 3873 959 3951 inquit,
982 3885 1088 3945 fuscus,
1112 3885 1174 3936 inde
1196 3883 1364 3952 sanguineus
1387 3881 1477 3943 fulsit,
1500 3897 1565 3932 mox
1585 3886 1615 3932 et
1634 3880 1766 3947 puniceus

406 3973 434 4014 et
453 3962 548 4014 virens
569 3967 599 4012 et
619 3961 716 4014 lividus
739 3978 772 4014 ac
793 3964 903 4015 tandem
925 3963 1077 4016 incredibili
1099 3963 1237 4016 varietate
1259 3960 1395 4015 deformis.
1453 3960 1520 4019 Hoc
1552 3958 1765 4037 propemodum

407 4049 493 4122 dixit,
521 4050 550 4109 in
576 4048 663 4110 Luna
686 4050 767 4110 visos
792 4070 858 4110 esse
883 4052 999 4111 colores
1023 4050 1117 4112 iridis.
1155 4052 1172 4110 1
1195 4068 1272 4110 nunc
1291 4057 1323 4109 et
1346 4048 1453 4109 vitrum
1477 4045 1664 4125 sphaericum
1688 4064 1768 4125 aqua

406 4137 563 4217 impletum
587 4137 711 4198 obverte
744 4139 828 4199 radio
854 4138 934 4200 Solis
959 4158 1012 4218 per
1042 4140 1177 4200 rimulam
1201 4140 1229 4198 in
1261 4137 1452 4199 tenebrosam
1485 4153 1634 4196 cameram
1663 4133 1766 4214 ingre-

408 4227 522 4299 dienti,
557 4226 674 4287 videbis
699 4227 728 4287 in
757 4228 871 4305 pariete
906 4229 1023 4306 objecto
1057 4231 1174 4289 colores
1204 4227 1289 4287 iridis
1322 4245 1435 4287 omnes.
1482 4224 1570 4285 Adeo
1594 4242 1713 4303 semper
1735 4223 1766 4285 hi

406 4316 522 4377 colores
547 4323 618 4375 suut
641 4316 773 4376 humoris
797 4318 932 4389 soboles,
962 4334 1047 4395 quem
1077 4317 1180 4378 radius
1204 4314 1285 4377 Solis
1309 4322 1455 4376 transeat.
1504 4313 1548 4374 At
1572 4312 1637 4392 quis
1662 4313 1767 4375 humor

407 4404 455 4477 sit,
482 4422 569 4483 quem
588 4401 669 4464 Solis
684 4404 785 4465 radius
801 4406 929 4466 transire
950 4406 1056 4483 possit,
1082 4425 1170 4486 quam
1191 4403 1312 4465 humida
1326 4404 1405 4464 aeris
1429 4401 1585 4481 sphaera?
1609 4401 1767 4462 Tendebat

406 4492 524 4571 quidem
548 4493 636 4552 Luna
658 4493 697 4552 ad
727 4493 918 4572 perigaeum,
953 4494 1007 4554 sed
1040 4495 1264 4556 meridionalem
1296 4491 1420 4553 umbrae
1450 4498 1571 4570 partem
1603 4490 1764 4551 transihat.

405 4579 480 4643 Erat
503 4581 605 4658 itaque
629 4580 658 4641 in
683 4590 808 4661 utroque
833 4584 968 4661 exemplo
993 4583 1023 4644 in
1048 4593 1135 4663 parte
1159 4582 1293 4654 umbrae,
1317 4590 1350 4641 ut
1373 4599 1439 4640 cum
1462 4577 1626 4640 Vitellione
1651 4579 1764 4657 loquar,

405 4669 500 4730 minus
525 4669 744 4743 umbresceute,
769 4671 824 4732 hoc
844 4682 891 4732 est
910 4672 1006 4732 diluta
1022 4673 1122 4733 multis
1139 4671 1220 4733 Solis
1239 4670 1343 4743 radiis,
1368 4669 1397 4729 in
1422 4665 1636 4747 septentrionis
1660 4684 1765 4727 crasso

405 4764 473 4819 aere
506 4758 720 4820 refractionem
750 4760 861 4837 passis.
912 4761 990 4821 hain
1024 4770 1057 4821 et
1084 4762 1233 4821 Saturnus
1267 4778 1332 4820 cum
1361 4758 1456 4832 Jove,
1490 4763 1522 4817 et
1548 4754 1667 4834 Jupiter
1699 4773 1763 4816 curn

406 4846 522 4920 Marte,
558 4856 590 4907 et
619 4845 672 4908 Sol
705 4867 772 4910 curn
805 4849 955 4910 Mercurio
993 4849 1169 4927 configurati
1210 4848 1350 4927 vapidum
1385 4864 1423 4906 ex
1453 4846 1564 4906 Terrae
1597 4843 1764 4905 calentibus

406 4934 530 4997 latebris
564 4936 719 4997 excierant
751 4944 870 5012 111111,
905 4946 938 4998 11
971 4939 1217 4999 constantissima
1250 4955 1304 4996 uos
1338 4935 1427 4995 docet
1458 4932 1653 5012 experientia.
1699 4931 1765 4994 Nec

406 5023 595 5085 mediocriter
618 5026 718 5086 forsan
739 5025 905 5104 adjuvabat
924 5028 993 5087 anni
1017 5035 1193 5107 tempestas,
1218 5032 1252 5086 ut
1271 5042 1347 5103 quae
1368 5041 1446 5083 anuo
1462 5023 1522 5083 alic
1546 5016 1763 5083 111111111597

405 5111 434 5171 in
449 5111 486 5174 iis
500 5111 577 5175 locis
592 5119 692 5175 111111
708 5123 866 5194 tantopere
881 5115 1080 5191 incrassabat,
1102 5124 1136 5176 ut
1149 5113 1325 5195 prodigiosa
1341 5112 1396 5173 illa
1410 5109 1598 5173 Zemblensis
1622 5109 1764 5172 refractis
