4584 6192
468 620 535 688 ted
921 621 1128 686 rumpam
1144 621 1171 671 ra
1189 620 1356 672 cremonem.

468 801 577 863 stituta
600 806 653 862 aut
675 804 724 861 est
746 806 841 873 recta,
866 805 920 859 ant
942 797 1085 870 circulus,
1109 805 1164 859 aut
1190 796 1333 877 parabole
1358 804 1412 859 aut
1433 796 1597 879 hyperbole
1623 805 1677 860 aut
1699 797 1829 878 ellipsis.

468 891 551 952 Inter
574 889 630 950 has
653 887 750 950 lineas
772 887 820 948 hic
844 894 892 948 est
919 886 993 948 ordo
1022 905 1116 948 causa
1145 886 1340 966 proprietatis
1369 905 1456 961 snae,
1486 895 1518 948 et
1544 887 1703 966 analogice
1730 887 1831 967 magis

468 997 557 1060 quarn
580 976 763 1058 geometrice
791 976 958 1055 loquendo:
988 976 1067 1055 quod
1090 995 1110 1036 a
1133 976 1213 1037 linea
1240 983 1325 1036 recta
1347 994 1401 1054 per
1429 976 1611 1056 hyperbolas
1639 976 1776 1038 infinitas
1799 976 1830 1038 in

467 1066 646 1147 parabolen,
677 1065 746 1127 iude
775 1083 829 1143 per
861 1064 982 1142 ellipses
1015 1063 1149 1126 infinitae
1177 1064 1206 1124 in
1241 1064 1383 1125 circulum
1412 1073 1461 1126 est
1494 1065 1653 1127 transitus.
1705 1064 1829 1126 Etenim

467 1155 599 1218 omnium
622 1152 852 1235 hyperbolamm
876 1152 1071 1214 obtusissima
1094 1160 1143 1214 est
1167 1153 1247 1214 linea
1269 1161 1367 1226 recta,
1393 1153 1569 1215 acutissima
1593 1153 1760 1236 parabole:
1784 1155 1829 1215 sic

467 1246 597 1306 omnium
621 1240 769 1320 ellipsium
801 1240 978 1303 acutissima
1002 1250 1049 1303 est
1071 1241 1231 1322 parabole,
1266 1241 1461 1303 obtusissima
1489 1242 1627 1305 circulus.
1674 1241 1829 1304 Parabole

467 1333 559 1412 igitur
587 1331 681 1393 habet
703 1349 740 1391 ex
768 1331 866 1392 altera
892 1338 980 1410 parte
1009 1331 1084 1391 duas
1114 1338 1224 1391 natura
1256 1329 1404 1405 infinitas,
1437 1330 1622 1411 hyperbolen
1647 1337 1680 1392 et
1701 1338 1828 1407 rectam,

467 1441 506 1483 ex
528 1421 627 1482 altera
650 1420 725 1480 duaa
753 1418 853 1480 finitas
881 1428 914 1480 et
936 1419 966 1480 in
990 1438 1023 1480 se
1047 1420 1221 1493 redeuntes,
1254 1418 1374 1497 ellipsin
1402 1426 1434 1480 et
1464 1421 1617 1481 circulum.
1665 1421 1739 1499 Ipsa
1761 1420 1828 1482 loco

467 1509 564 1572 medio
588 1508 688 1570 media
710 1517 820 1568 natura
842 1527 875 1568 se
900 1507 1001 1570 habet.
1049 1507 1171 1569 Infinita
1192 1506 1271 1569 enim
1295 1516 1327 1567 et
1349 1508 1417 1586 ipsa
1439 1516 1497 1582 est,
1523 1508 1577 1569 sed
1600 1507 1766 1570 finitionem
1790 1527 1829 1570 ex

468 1599 565 1660 altera
588 1603 675 1677 parte
708 1596 846 1668 affectat,
879 1615 936 1676 quo
969 1597 1066 1675 magis
1090 1596 1168 1658 enim
1202 1595 1391 1674 producitur,
1426 1596 1483 1658 hoc
1506 1596 1604 1675 magis
1626 1597 1662 1657 lit
1683 1596 1744 1659 sibi
1769 1597 1828 1679 ipsi

466 1686 647 1767 parallelos,
672 1694 703 1747 et
726 1684 861 1759 brachia,
885 1693 919 1746 ut
942 1684 986 1746 ita
1009 1685 1123 1760 dicam,
1157 1704 1214 1746 nou
1239 1693 1273 1745 ut
1296 1685 1460 1765 hyperbole
1485 1684 1646 1765 expandit,
1672 1687 1727 1747 sed
1752 1705 1828 1747 con-

467 1774 561 1839 trahit
584 1774 623 1835 ab
651 1772 758 1835 infiniti
790 1773 963 1851 complexu,
998 1792 1116 1853 semper
1138 1775 1207 1853 plus
1240 1773 1359 1853 quidem
1391 1775 1609 1853 complectens,
1645 1781 1680 1835 at
1707 1793 1829 1855 semper

467 1864 564 1927 minus
588 1869 753 1941 appetens:
785 1881 851 1923 cum
873 1861 1051 1944 hyperbole,
1076 1881 1134 1942 quo
1157 1864 1225 1942 plus
1249 1869 1319 1923 actu
1343 1862 1421 1923 iuter
1449 1862 1574 1925 brachia
1603 1863 1824 1943 complectitur,

467 1954 523 2015 hoc
544 1952 613 2032 plus
638 1950 729 2011 etiam
753 1959 890 2030 appetat.
928 1949 1008 2014 Sunt
1020 1950 1112 2030 igitur
1135 1950 1266 2031 oppositi
1286 1949 1413 2022 termini,
1438 1952 1566 2013 circulus
1588 1959 1620 2012 et
1642 1960 1737 2026 recta,
1763 1951 1825 2014 illic

466 2060 542 2121 pura
564 2046 614 2102 est
636 2038 782 2113 curvitas,
812 2040 860 2101 hic
883 2057 959 2118 pura
981 2040 1140 2104 rectitudo.
1187 2039 1377 2121 Hyperbole,
1401 2040 1560 2119 parabole,
1585 2039 1702 2119 ellipsis
1725 2041 1824 2102 inter-

464 2131 562 2211 jectae
586 2136 617 2190 et
647 2135 730 2190 recto
754 2136 786 2189 et
814 2146 903 2190 curvo
926 2129 1129 2209 participant3
1154 2129 1300 2207 parabole
1319 2147 1356 2189 ex
1376 2147 1481 2207 aequo,
1506 2129 1670 2210 hyperbole
1693 2129 1763 2208 plus
1786 2130 1826 2190 de

466 2218 665 2291 rectitudine,
699 2216 815 2295 ellipsis
845 2218 913 2297 plus
944 2218 981 2278 de
1015 2217 1172 2279 curvitate.
1219 2219 1386 2296 Propterea
1418 2217 1581 2299 hyperbole
1614 2236 1672 2296 qno
1705 2218 1826 2299 longius

465 2306 653 2387 producitur,
678 2306 735 2367 hoc
757 2306 854 2385 magis
882 2314 984 2368 rectae
1013 2326 1066 2368 seu
1095 2313 1269 2389 asymptotu
1292 2324 1364 2366 suae
1388 2305 1423 2367 fir
1449 2306 1568 2369 similis.
1614 2306 1742 2385 Ellipsis
1766 2326 1826 2387 quc

465 2396 584 2474 lougius
600 2395 681 2456 ultra
702 2394 832 2456 medium
855 2395 1055 2469 continuatur,
1079 2396 1136 2457 hoc
1151 2394 1249 2475 magis
1272 2394 1508 2456 circularitatem
1532 2396 1659 2456 allectat
1681 2396 1826 2457 tandem-

466 2502 523 2565 que
547 2483 609 2545 coit
630 2483 740 2545 iterum
763 2503 863 2545 secum
887 2486 972 2565 ipsa:
996 2485 1140 2565 parabole
1156 2486 1221 2547 loco
1241 2483 1349 2557 medio,
1374 2501 1494 2562 semper
1517 2483 1635 2546 curvior
1648 2489 1697 2545 est
1710 2483 1826 2564 hyper·

466 2573 546 2642 bola,
561 2572 588 2633 si
603 2571 779 2651 aequalibus
798 2574 972 2636 interstitiis
991 2575 1203 2654 producantur,
1220 2591 1395 2652 semperque
1410 2572 1521 2635 rectior
1535 2572 1644 2651 ellipsi.
1677 2571 1826 2653 Cumque,

466 2668 500 2724 nt
522 2658 651 2723 circulus
674 2667 706 2721 et
732 2667 818 2723 recta
845 2668 981 2724 extrema
1011 2663 1171 2735 claudunt,
1203 2662 1247 2722 sic
1279 2661 1424 2741 parabole
1458 2668 1561 2723 teneat
1594 2661 1745 2723 medium:
1782 2662 1828 2723 ita

467 2749 559 2811 etiam
583 2757 617 2811 ut
639 2756 740 2810 rectae
764 2768 868 2812 omnes
892 2751 1015 2827 similes,
1040 2752 1172 2832 itemque
1196 2759 1228 2812 et
1251 2749 1354 2812 circuli
1377 2769 1491 2826 omnes,
1516 2751 1560 2812 sic
1583 2757 1655 2811 sunt
1677 2758 1710 2811 et
1731 2768 1827 2830 para·

378 2857 387 2864 ·
466 2838 554 2900 belae
578 2857 682 2899 omnes
706 2838 820 2901 similes
843 2840 966 2920 solaque
991 2841 1163 2921 quantitate
1187 2840 1338 2902 differunt.

555 2924 633 2989 Sunt
657 2934 757 2988 antem
781 2930 859 3007 apud
883 2930 938 2992 has
963 2930 1059 2992 lineas
1083 2930 1184 3011 aliqua
1213 2936 1327 3009 puncta
1353 2927 1535 3007 praecipuae
1563 2925 1826 3002 considerationis,

466 3035 543 3097 quae
567 3015 770 3079 definitionem
794 3026 908 3080 certam
930 3020 1054 3094 habeut,
1079 3038 1188 3081 nomen
1213 3018 1341 3091 nullum,
1367 3018 1425 3078 nisi
1447 3034 1501 3095 pro
1530 3016 1648 3077 nomine
1672 3014 1827 3077 delinitio·

466 3124 534 3168 nem
558 3114 611 3166 aut
633 3106 850 3184 proprietatem
873 3108 1004 3188 aliquam
1027 3127 1164 3188 usurpes.
1203 3107 1253 3168 Ab
1273 3107 1310 3167 iis
1325 3106 1404 3167 euim
1427 3105 1547 3194 punctis
1571 3111 1674 3166 rectae
1698 3104 1828 3167 eductae

466 3195 504 3255 ad
520 3194 729 3272 contingentes
745 3197 911 3258 sectionem
924 3204 1096 3277 punctaque
1116 3204 1308 3258 contactuum
1332 3195 1520 3256 constituunt
1535 3193 1678 3274 aequales
1698 3194 1829 3273 angulos

466 3283 518 3357 iis,
545 3283 594 3363 qui
617 3282 706 3355 finnt,
738 3284 764 3344 si
787 3294 900 3363 puncta
928 3287 1069 3366 opposita
1091 3306 1158 3347 cum
1183 3285 1291 3345 iisdem
1321 3283 1441 3364 punctis
1471 3289 1664 3345 contactuum
1694 3300 1828 3345 cennec-

467 3378 578 3432 tantur.
618 3371 683 3433 Nos
707 3373 782 3434 lucis
806 3394 898 3437 eausa
922 3382 954 3436 et
976 3376 1071 3437 oculis
1093 3375 1124 3437 in
1148 3373 1354 3436 mechanicam
1378 3372 1503 3434 intentis
1527 3391 1564 3432 ea
1587 3380 1700 3451 puncta
1724 3372 1829 3433 iocos

466 3459 693 3538 appellabimus.
740 3459 854 3525 Uentre
884 3463 1077 3538 dixissemus,
1113 3464 1183 3544 quia
1213 3462 1336 3524 suntin
1360 3462 1468 3522 axibus
1496 3460 1679 3534 sectionum,
1714 3460 1774 3521 nisi
1797 3460 1828 3522 in

466 3548 631 3630 hyperbole
651 3556 684 3609 et
706 3549 805 3630 ellipsi
829 3551 923 3614 conici
947 3561 1086 3615 auctores
1105 3552 1188 3614 aliud
1211 3564 1354 3631 punctum
1369 3549 1464 3612 centri
1483 3542 1601 3610 nornine
1625 3549 1827 3629 appellarent

1219 3643 1317 3721 Focus
1340 3639 1432 3717 igitur
1447 3639 1477 3699 iu
1502 3638 1612 3700 circulo
1636 3658 1713 3700 unus
1737 3638 1829 3701 esth

1219 3730 1302 3809 isque
1318 3729 1397 3789 idern
1411 3727 1461 3808 qui
1474 3735 1505 3789 et
1518 3735 1669 3789 centrum:
1685 3727 1715 3788 iu
1731 3727 1831 3808 ellipsi

1071 3810 1151 3903 ss
1220 3818 1277 3879 ioci
1306 3818 1364 3878 duo
1393 3824 1463 3877 sunt
1490 3817 1526 3891 B,
1551 3815 1587 3890 (l,
1619 3817 1790 3895 aequaliter
1812 3837 1831 3876 a

1050 3899 1110 3936 's'
1218 3914 1322 3968 centro
1353 3907 1465 3984 figurae
1500 3904 1606 3966 remoti
1638 3912 1671 3966 et
1700 3906 1768 3985 plus
1800 3905 1830 3966 in

1024 3974 1052 4010 s
1218 3995 1362 4056 acutiore.
1411 3996 1444 4055 ln
1468 3994 1611 4072 parabole
1635 3994 1759 4055 uuusD
1783 4001 1832 4056 est

1217 4085 1298 4145 intra
1312 4084 1487 4155 sectionem,
1508 4083 1586 4144 alter
1605 4082 1652 4143 vel
1674 4090 1764 4144 extra
1781 4083 1830 4144 vel

1216 4174 1297 4234 intra
1330 4172 1494 4234 sectionem
1523 4172 1551 4233 in
1580 4191 1638 4232 axe
1671 4171 1842 4251 fingendus·

1215 4270 1264 4322 est
1309 4261 1422 4323 infinito
1464 4260 1627 4322 intervallo
1667 4280 1687 4320 a
1728 4260 1829 4340 priora

1214 4359 1362 4424 remotus,
1397 4350 1472 4410 adeo
1496 4357 1531 4410 ut
1560 4349 1671 4410 educta
1693 4347 1758 4410 HG
1779 4350 1830 4412 vel

1215 4438 1260 4500 [G
1285 4459 1322 4501 er
1345 4439 1397 4500 illo
1418 4456 1509 4500 caeco
1530 4438 1596 4500 foco
1615 4437 1645 4498 in
1670 4438 1828 4518 quodcun-

1213 4547 1270 4607 que
1298 4536 1441 4609 punctum
1472 4527 1616 4589 sectionis
1641 4525 1685 4595 G,
1710 4523 1753 4589 sit
1779 4526 1829 4588 axi

1139 4638 1167 4644 ·-
1214 4617 1273 4677 nu
1287 4616 1462 4698 parallelos.
1500 4616 1534 4676 ur
1555 4615 1724 4696 hyperbole
1742 4616 1830 4677 roem

1095 4722 1123 4758 *x
1151 4756 1170 4783 χ
1213 4715 1356 4769 externus
1389 4706 1414 4766 F
1449 4705 1566 4765 interno
1599 4703 1626 4765 ln
1658 4711 1746 4766 tanto
1781 4711 1834 4767 est

1212 4795 1342 4874 propior,
1369 4800 1482 4875 quanto
1506 4802 1555 4854 est
1581 4791 1746 4874 hyperbole
1772 4794 1830 4854 cb-

1213 4885 1319 4945 tusior.
1362 4883 1404 4944 Et
1427 4881 1476 4961 qui
1501 4890 1642 4944 externus
1666 4888 1717 4943 est
1739 4882 1831 4944 alteri

1212 4974 1378 5036 sectionum
1414 4969 1637 5050 oppositarum,
1676 4970 1705 5031 is
1737 4971 1830 5033 alteri

1213 5071 1262 5124 est
1284 5062 1420 5124 internus
1444 5067 1476 5121 et
1499 5067 1615 5121 contra.
