4584 6192
1977 603 2244 654 o-ovn,
3336 605 3465 674 555

937 776 1212 856 Denique
1261 777 1310 837 si
1371 776 1564 856 prima
1623 779 1905 840 refractio
1966 786 2141 840 tanta
2203 780 2316 855 sit,
2384 789 2449 841 ut
2505 788 2602 860 ρδ,
2655 805 2716 844 κε
2764 779 3194 862 convergentes
3253 803 3466 846 versus

761 869 815 937 δ,
865 887 892 925 s
939 866 1088 925 fiant
1134 867 1296 928 intus
1351 866 1624 943 paralleli
1675 868 1767 943 δβ,
1818 890 1894 947 ey,
1947 876 2086 929 tunc
2132 889 2237 950 per
2282 868 2519 932 XCIII.
2575 890 2922 933 conversam
2981 892 3212 934 rursum
3261 874 3464 934 diver-

760 959 908 1031 gent
956 954 1014 1014 in
1063 952 1153 1031 βζ,
1200 979 1276 1033 yx.

940 1041 1077 1103 CV.
1170 1042 1576 1105 Problema.
1673 1043 1959 1104 Visibilia
2020 1046 2179 1106 lente
2247 1064 2399 1106 cava
2455 1054 2516 1108 et
2576 1067 2723 1107 con·
2782 1102 2806 1137 c
3417 1101 3445 1134 ι

764 1150 921 1191 vexa
966 1132 1215 1212 pingere
1259 1150 1438 1210 super
1482 1150 1710 1213 papyro
1751 1132 1958 1211 majori
2009 1134 2370 1213 quantitate,
2421 1156 2595 1215 quam
2625 1156 2733 1215 per
2822 1137 2842 1250 ¹

3383 1136 3459 1488 ¹

2976 1015 3094 1130 mg}
3132 1012 3218 1065 27.

761 1222 955 1280 solam
1003 1239 1350 1292 convexam,
1404 1221 1510 1280 sed
1560 1240 1791 1281 eversa.
2846 1244 2862 1301 i,

940 1310 1007 1370 In
1058 1310 1361 1370 schemate
1395 1306 1499 1369 27.
1551 1310 1630 1369 sit
1670 1310 1795 1369 lens
1845 1330 2113 1370 convexa
2147 1308 2283 1383 GH,
2324 1319 2548 1390 puncta
2580 1332 2727 1373 con-
2830 1298 2882 1397 ¹¹¹¹.¹

757 1416 1037 1458 cursuum
1090 1417 1194 1459 seu
1245 1397 1448 1477 apices
1494 1398 1907 1477 penicillorum
1955 1401 2021 1468 F,
2070 1400 2141 1473 B,
2173 1399 2264 1471 D;
2315 1399 2728 1478 interponatur
2838 1385 2898 1475 ¹¹².

758 1486 889 1545 lens
937 1506 1089 1547 cava
1136 1487 1243 1548 LN
1295 1487 1473 1565 paulo
1536 1506 1716 1565 supra
1762 1488 1946 1547 FBD.
2043 1488 2206 1547 Tunc
2276 1488 2507 1549 visibile
2559 1487 2726 1550 CAE
2842 1476 2914 1537 Γ·
3094 1494 3110 1585 ¹
3351 1489 3430 1586 ¹

751 1574 1035 1653 pingetur
1097 1576 1286 1653 primo
1350 1593 1528 1653 super
1597 1576 1814 1635 lentem
1881 1595 2092 1635 cavam
2158 1595 2343 1655 prope
2401 1576 2566 1645 DBF
2621 1578 2725 1637 sed
2850 1558 2930 1658 ¹¹¹

752 1664 935 1741 paulo
984 1665 1319 1738 confusiuS‚
1379 1663 1517 1742 quia
1568 1665 1694 1724 lens
1745 1685 1895 1724 cava
1952 1665 2252 1743 intercipit
2303 1665 2506 1744 apices
2553 1666 2727 1746 peni·
2854 1645 2862 1713 '-
2898 1672 2910 1741 ἰ,
3062 1621 3123 1764 ¹¹.-

753 1751 1066 1813 cillorum:
1108 1762 1171 1815 et
1197 1753 1479 1832 pingetur
1510 1771 1719 1812 everso
1748 1753 1889 1823 situ,
1931 1753 2068 1832 quia
2101 1753 2287 1813 sectio
2320 1754 2726 1833 penicillorum
2858 1730 2862 1774 ¹
2920 1817 2922 1820 ,
2974 1820 2978 1833 ,

743 1840 876 1919 jam
926 1849 1023 1900 est
1070 1842 1236 1901 facta
1274 1842 1330 1900 in
1374 1839 1494 1901 GH
1544 1850 1606 1901 et
1653 1841 1855 1920 apices
1923 1842 2332 1921 penicillorum
2391 1843 2520 1920 jam
2571 1863 2723 1922 pene
2866 1857 2870 1886 ¹
2978 1833 2998 1922 ¹1..
3050 1733 3123 1912 ¹¹¹¹.

754 1949 793 1988 a
840 1948 905 1988 se
954 1939 1157 1990 mutuo
1208 1930 1430 1991 exserti
1478 1938 1644 2003 sunt,
1706 1930 1923 2007 singuli
1980 1931 2139 1990 intra
2186 1950 2250 1990 se
2300 1931 2357 1990 in
2408 1940 2723 2009 angustum
2866 1914 2874 1969 ¹³
2934 1924 2938 1937 '
2998 1912 3094 2021 ''21¹¹''
3247 1988 3251 1997 .

754 2017 974 2079 coacti.
1069 2019 1475 2078 Transeuntes
1525 2018 1706 2097 igitur
1753 2037 1963 2079 cavam
2014 2020 2233 2079 lentem
2279 2018 2545 2098 penicilli
2596 2020 2723 2079 sin-
2874 2009 2878 2067 Ι
3014 1997 3123 2113 ¹¹¹¹·
3227 2068 3231 2077 .
3295 2069 3299 2077 ,

753 2105 909 2184 guli,
977 2125 1086 2184 per
1151 2105 1320 2167 CIV.
1392 2115 1496 2166 aut
1557 2108 1612 2166 in
1677 2126 1922 2167 acumen
1994 2108 2274 2168 desinunt
2349 2108 2723 2185 longinquius
2966 2164 2970 2186 ,
3030 2112 3086 2174 “..“

755 2193 820 2267 S,
873 2194 943 2268 P,
984 2195 1034 2254 T
1083 2204 1146 2255 et
1192 2204 1330 2255 tunc
1377 2196 1616 2274 pictura
1665 2215 1844 2274 super
1889 2216 2119 2275 papyro
2170 2195 2250 2254 ibi
2302 2180 2610 2275 applicata
2657 2197 2723 2256 fit
2886 2226 2890 2238 ·
2970 2186 2982 2277 ¹.
3022 2176 3058 2302 »¹¹
3119 2087 3139 2275 ¹.
3187 2253 3191 2297 Ι

756 2283 1065 2356 distincta,
1118 2293 1220 2343 aut
1269 2285 1543 2362 paralleli
1594 2283 1875 2345 incedunt
1925 2286 2094 2344 unius
2140 2285 2408 2363 penicilli
2458 2285 2608 2345 radii
2661 2292 2723 2344 et
2890 2277 2894 2319 ¹
2982 2289 2986 2313 ¹
3026 2265 3123 2364 {¹¹2st
3155 2248 3215 2345 ¹¹⁵⁴.

754 2381 896 2432 tunc
942 2372 1178 2450 pictura
1227 2382 1430 2434 manet
1476 2372 1534 2432 in
1585 2392 1658 2432 ea
1706 2374 2052 2434 confusione
2100 2374 2373 2452 parvula,
2426 2393 2541 2453 qua
2587 2374 2718 2453 pri·
2990 2360 3058 2465 ΉΙΙ
3119 2354 3187 2514 5¹¹
3235 2361 3247 2433 ,¹

750 2461 936 2521 mitus
984 2460 1042 2520 in
1092 2479 1302 2521 cavam
1353 2462 1572 2521 lentem
1617 2462 1798 2535 venit,
1850 2470 1956 2522 aut
1989 2462 2241 2541 denique
2290 2462 2610 2540 divergunt
2660 2467 2721 2521 et
2902 2454 2906 2498 ¹
3002 2441 3106 2567 {¹¹¹¹
3159 2394 3235 2617 ¹¹¹

751 2549 1085 2610 dilatantur
1129 2550 1394 2629 penicilli
1445 2559 1506 2611 et
1555 2559 1693 2610 tunc
1736 2551 1927 2629 magis
1977 2551 2288 2629 magisque
2337 2551 2717 2611 confunditur
2906 2514 2910 2579 ¹
2998 2529 3102 2642 '¹³¹5‘
3187 2538 3231 2641 '¹'

746 2637 985 2717 pictura
1022 2656 1154 2698 cum
1203 2639 1471 2699 discessu
1515 2640 1725 2720 papyri
1757 2660 1793 2699 a
1822 2640 1983 2699 lente
2024 2658 2196 2699 cava.
2274 2639 2477 2717 Major
2516 2645 2715 2699 autem

744 2726 1018 2787 redditur
1063 2727 1300 2806 pictura
1349 2726 1501 2810 SP'13
1558 2746 1733 2806 quam
1781 2728 1945 2788 FBD
1991 2747 2102 2806 per
2157 2728 2349 2788 solam
2402 2726 2519 2788 GH
2569 2746 2716 2787 con-

743 2833 983 2889 vexam,
1035 2816 1174 2894 quia
1219 2815 1495 2894 penicilli,
1531 2818 1599 2890 F,
1649 2817 1706 2875 D
1754 2817 1995 2877 refracti
2044 2818 2102 2877 in
2152 2835 2305 2876 cava
2352 2816 2464 2876 LN
2513 2817 2715 2876 incur-

742 2912 967 2964 vantur
1012 2912 1350 2965 extrorsum
1400 2904 1457 2964 in
1508 2903 1581 2978 S,
1632 2905 1685 2964 T
1728 2923 1835 2982 per
1880 2903 2020 2979 XC,
2084 2903 2416 2966 exteriores
2480 2923 2718 2983 semper

741 2993 881 3071 plus
931 3012 1105 3071 quam
1154 2993 1470 3053 interiores
1518 3011 1626 3071 per
1672 2994 1749 3054 11.

925 3077 1093 3142 CVI.
1187 3082 1400 3143 Nota.
1498 3080 1672 3151 Quod
1728 3081 1787 3141 J.
1838 3081 2126 3160 Baptista
2171 3080 2356 3141 Porta
2403 3081 2759 3158 profitetur,

741 3169 947 3230 radios
978 3167 1142 3230 Solis
1190 3171 1441 3249 primum
1491 3171 1794 3248 colligere,
1842 3177 1982 3249 post
2013 3170 2300 3230 collectos
2332 3169 2390 3228 in
2422 3169 2713 3230 infinitum

742 3259 986 3318 mittere
1050 3266 1113 3317 et
1172 3261 1259 3319 sic
1337 3259 1717 3330 comburere,
1785 3260 1902 3319 etsi
1963 3260 2034 3318 de
2104 3258 2368 3339 speculis
2437 3258 2716 3337 loquitur,

742 3346 983 3407 videtur
1028 3355 1227 3408 tamen
1281 3348 1353 3408 de
1399 3347 1762 3427 perspicillis
1829 3347 2083 3424 intelligi
2134 3347 2385 3420 debere,
2456 3347 2594 3425 quia
2642 3348 2715 3406 de

744 3434 1040 3495 industria
1115 3436 1445 3496 occultavit
1521 3436 1902 3497 sententiam.
2018 3433 2248 3504 Quodsi
2318 3437 2390 3496 de
2457 3436 2717 3497 lentibus

742 3523 1000 3602 intelligi
1048 3524 1258 3597 debet,
1310 3544 1425 3584 non
1475 3525 1636 3585 aliud
1686 3526 1803 3585 erit
1858 3524 2190 3597 artificium,
2243 3544 2418 3603 quam
2465 3524 2718 3603 primum

742 3614 906 3673 lente
957 3630 1222 3673 convexa
1271 3613 1551 3692 colligere
1601 3615 1819 3674 multos
1862 3613 2087 3687 radioS‚
2138 3622 2280 3690 post
2311 3614 2397 3672 sic
2430 3613 2716 3672 collectos

744 3701 1016 3778 proxime
1073 3709 1353 3779 punctum
1413 3721 1734 3763 concursus
1794 3702 2065 3780 excipere
2117 3703 2273 3762 lente
2325 3720 2502 3772 cava,
2566 3720 2715 3779 quae

749 3808 825 3849 ex
857 3790 1360 3866 convergentibus
1394 3792 1720 3869 parallelos
1762 3791 1967 3864 faciat,
2018 3798 2083 3850 ut
2113 3789 2334 3849 dictum
2375 3808 2541 3868 prop.
2578 3787 2710 3849 CV.

748 3878 962 3957 Itaque
1030 3879 1165 3938 vide
1224 3897 1314 3952 ea,
1388 3900 1536 3959 quae
1585 3898 1754 3959 prop.
1808 3879 1979 3940 LVI.
2043 3887 2186 3939 sunt
2251 3879 2415 3938 dicta
2480 3886 2710 3938 contra.

741 3964 979 4036 Quibus
1018 3967 1148 4044 jam
1197 3968 1353 4027 addo
1402 3977 1465 4028 et
1512 3968 1623 4028 hoc
1672 3969 1962 4047 amplius:
2026 3967 2141 4027 etsi
2189 3965 2602 4027 emendaveris
2651 3967 2708 4026 in

736 4054 964 4116 Portae
1015 4055 1213 4116 verbis
1263 4056 1409 4116 illud
1456 4058 1528 4118 de
1577 4058 1737 4118 linea
1793 4056 2023 4118 ustoria
2088 4056 2348 4127 infinita,
2415 4064 2481 4116 ut
2528 4056 2610 4115 sit
2654 4056 2784 4117 scil.
2837 4056 2990 4116 idem
3052 4054 3205 4133 quod
3264 4072 3447 4116 conus

740 4145 1005 4204 ustorius
1072 4152 1357 4222 quantum
1423 4146 1573 4206 velis
1632 4155 1981 4225 protensuS,
2053 4153 2119 4204 ut
2176 4145 2262 4205 ita
2329 4145 2521 4205 adbuc
2584 4163 2694 4224 per
2757 4145 3083 4205 sectionem
3146 4143 3447 4212 radiorum

737 4232 1004 4292 incensio
1055 4243 1376 4311 quaeratur
1422 4233 1478 4295 in
1528 4236 1641 4295 fine
1691 4235 1858 4307 coni3
1905 4243 2105 4296 tamen
2154 4234 2301 4294 nihil
2351 4234 2571 4312 profici.
2646 4234 2805 4296 Nam
2835 4234 2885 4295 si
2929 4233 3117 4293 sectio
3166 4241 3450 4294 causatur

736 4321 1178 4394 incensionem,
1247 4323 1418 4383 fortis
1465 4325 1654 4384 sectio
1706 4326 1917 4383 fortem
1979 4322 2321 4401 praestabit
2387 4322 2817 4398 incensionem,
2887 4322 3103 4384 debilis
3170 4322 3445 4383 debilem.

731 4411 825 4471 At
872 4411 930 4470 in
982 4410 1314 4488 longissimi
1362 4413 1494 4473 coni
1544 4413 1769 4473 vertice
1819 4411 2192 4473 debilissima
2240 4412 2356 4472 erit
2403 4411 2613 4472 sectio.

917 4496 1120 4559 CVII.
1213 4499 1656 4579 Propositi0.
1753 4500 1920 4562 Cava
1967 4503 2128 4562 lente
2192 4501 2462 4579 proxime
2510 4501 2743 4562 oculum
2797 4498 3032 4579 posita,
3102 4516 3253 4579 quae
3300 4496 3450 4559 soli-

734 4588 899 4649 taria
945 4589 1198 4648 confusa
1256 4597 1599 4666 praestaret
1664 4590 1945 4663 visibilia,
2015 4607 2399 4669 quaecunque
2445 4589 2574 4649 lens
2636 4590 2846 4668 majori
2914 4588 3135 4649 circulo
3185 4604 3452 4647 convexa

731 4676 790 4737 in
844 4696 963 4737 una
1009 4684 1180 4736 certa
1224 4678 1554 4738 remotione
1602 4699 1638 4738 a
1685 4697 1838 4739 cava
1885 4678 2202 4756 distinguit
2249 4678 2512 4739 visibilia
2558 4686 2620 4737 et
2666 4685 2869 4757 auget.

913 4766 1073 4826 Nam
1120 4782 1228 4843 per
1278 4765 1349 4827 C.
1399 4786 1584 4827 cavae
1644 4768 1837 4828 lentes
1888 4767 1960 4827 de
2009 4767 2227 4828 circulo
2277 4766 2450 4827 nimis
2499 4773 2756 4844 angusto
2804 4767 2858 4827 si
2904 4764 3169 4845 proxime
3217 4761 3450 4824 oculum

731 4854 1141 4937 applicentur,
1202 4856 1455 4915 confusa
1499 4857 1756 4917 reddunt
1799 4864 2047 4938 propter
2106 4855 2348 4917 nimiam
2412 4854 2713 4915 radiorum
2770 4852 3229 4934 divergentiam.
3324 4849 3448 4912 Sed

729 4961 843 5022 per
887 4942 1124 5005 LXXI.
1174 4942 1544 5004 radiationes
1594 4943 1767 5006 unius
1822 4943 2026 5024 puncti
2070 4963 2182 5023 per
2229 4961 2560 5004 convexam
2617 4943 2840 5004 lentem
2899 4941 3231 5003 solitariam
3277 4940 3450 5001 oculo

726 5031 937 5112 posito
985 5031 1145 5092 intra
1192 5039 1460 5093 centrum
1517 5051 1874 5108 concursus,
1938 5040 2257 5113 praestant
2312 5033 2622 5093 confusam
2671 5032 2958 5094 visionem
3002 5035 3251 5109 propter
3297 5047 3447 5090 con-

725 5119 1131 5199 vergentiam.
