4584 6192
951 585 1061 673 'caro
1077 606 1119 659 x1-
1657 601 1721 671 sss
1820 629 1824 635 ·

375 785 600 850 barbaricamm
631 784 762 864 gentium
798 784 916 847 illuvies
952 787 1021 849 luxu
1062 785 1265 847 effeminatam
1302 794 1334 847 et
1368 786 1509 848 libertate
1542 785 1720 847 dissolutam
1808 802 1811 809 ’

373 893 527 972 Europam
558 892 765 968 inundaverit,
797 892 933 955 omnibus
965 901 997 955 et
1032 892 1145 954 artibus
1185 902 1215 954 et
1250 892 1424 973 prodigiosa
1461 892 1603 954 librorum
1637 890 1723 973 copia

375 1000 509 1062 funditus
532 997 726 1078 exstirpatis:

640 1124 735 1187 Qualis
756 1124 803 1177 ubi
824 1127 858 1178 ad
880 1131 978 1186 terras,
1001 1124 1119 1193 abrupto
1140 1124 1236 1187 sidere,
1259 1124 1374 1188 nimbus,
1471 1186 1473 1189 .

638 1205 664 1260 lt
684 1222 758 1258 mare
778 1222 829 1274 per
848 1204 979 1259 medium:
1001 1204 1105 1258 miseris
1126 1205 1181 1258 beu
1200 1206 1328 1273 praescia
1348 1206 1432 1277 louge

639 1287 808 1339 Horreseuut
828 1287 910 1338 corda
931 1283 1068 1354 agricolis,
1091 1284 1168 1337 dabit
1188 1284 1236 1337 ille
1257 1285 1350 1338 ruinas

639 1366 790 1419 Arboribus
811 1373 987 1436 stragemque
1009 1364 1086 1427 satis,
1108 1373 1171 1417 ruet
1191 1365 1281 1418 omnia
1301 1366 1367 1419 late.

638 1446 807 1499 Anterolunt
827 1446 998 1515 sonitumque
1019 1445 1112 1498 ferunt
1132 1446 1166 1497 nd
1187 1444 1285 1498 littora
1305 1446 1388 1499 venti.

689 1527 727 1578 Et
743 1525 803 1594 jam
823 1526 974 1597 aggeribus
995 1524 1084 1594 ruptis
1106 1542 1233 1593 spumeus
1255 1525 1342 1579 amnis

638 1606 717 1661 Exiit
737 1606 932 1675 oppositasque
953 1604 1036 1658 evicit
1056 1605 1169 1676 gurgite
1191 1606 1295 1666 moles;

637 1689 736 1740 Fertur
755 1686 783 1739 iu
804 1702 872 1739 arva
893 1686 985 1739 furens
1006 1686 1113 1739 cumulo
1135 1701 1299 1756 camposque
1319 1701 1370 1756 per
1391 1702 1483 1738 omnes

640 1768 707 1821 Cum
727 1766 845 1820 stabulis
867 1774 994 1820 armenta
1014 1765 1110 1819 trahit.

462 1880 523 1942 Sed
547 1882 621 1941 haec
645 1880 760 1961 superis
784 1899 873 1941 curae
897 1889 995 1940 sunto.
1042 1879 1129 1940 Nunc
1149 1878 1212 1959 jam
1242 1888 1359 1958 tempus
1383 1887 1431 1939 est
1453 1877 1571 1945 videre,
1605 1877 1724 1958 qualem
1833 1920 1836 1928 .

370 1972 454 2031 Dens
479 1968 550 2049 Opt.
576 1970 658 2031 Max.
684 1970 748 2047 ipse
779 1970 895 2030 clavum
918 1968 1017 2029 buerit
1046 1968 1084 2028 ad
1109 1968 1205 2030 locum
1230 1976 1261 2030 et
1285 1970 1363 2029 diem
1391 1967 1478 2045 hujus
1502 1966 1624 2027 ultimae
1648 1985 1722 2026 oon·
1767 1968 1771 1973 ’

365 2058 552 2138 junctionis:
584 2068 615 2119 et
638 2058 718 2137 quali
749 2068 938 2119 monumento
969 2058 1051 2118 illam
1077 2058 1114 2117 ad
1144 2059 1335 2137 posteritatis
1368 2058 1540 2117 memoriam
1570 2073 1722 2117 commen-

370 2148 508 2209 daverit:
534 2148 611 2226 qnod
635 2147 690 2208 sub
713 2146 891 2227 principium
915 2147 1002 2226 hujus
1027 2146 1118 2207 libelli
1144 2148 1202 2209 dici
1226 2154 1373 2230 coeptum,
1398 2164 1475 2206 nuuc
1500 2145 1598 2225 quoad
1621 2152 1723 2205 astro·

373 2238 507 2300 nomiam
531 2237 703 2317 diligentius
727 2237 904 2300 excutietur.

931 2789 1049 2888 Caput
1075 2789 1162 2862 XII.

730 2967 964 3030 Observationes
986 2969 1079 3053 bajus
1101 2968 1211 3030 Nonae
1235 2965 1360 3031 Stellae.

464 3127 659 3188 Memorabile
683 3135 730 3187 est
753 3135 783 3189 et
806 3126 1007 3206 superioribus
1032 3128 1267 3206 adjungendum,
1292 3128 1428 3190 omuibus
1447 3129 1531 3204 locis,
1556 3148 1594 3190 ex
1618 3129 1723 3209 quibus

372 3218 484 3277 adme
509 3217 589 3277 faura
613 3217 679 3276 novi
714 3218 821 3277 sideris
854 3218 1006 3296 pervenit,
1038 3218 1152 3278 coelum
1176 3236 1230 3298 per
1252 3218 1328 3278 hauc
1351 3217 1437 3279 Jovis
1461 3227 1493 3278 et
1516 3218 1625 3279 Martis
1649 3237 1723 3279 con-

366 3305 555 3386 junctionem
585 3306 738 3384 ipsumque
771 3306 877 3366 sideris
910 3315 1043 3366 exortum
1076 3308 1167 3367 inisse
1196 3306 1327 3386 pluvium
1359 3307 1580 3369 contineutibus
1611 3307 1725 3388 aliquot

373 3396 491 3456 diebus.
539 3394 595 3455 Die
630 3389 715 3473 mv.
741 3393 883 3456 Octobris
917 3395 1080 3456 serenitate
1113 3397 1256 3458 restituta
1289 3395 1363 3457 haec
1393 3395 1552 3458 observavi
1583 3405 1723 3457 sextante

371 3486 481 3556 ferreo,
507 3483 555 3562 qui
578 3483 773 3562 sequentibus
797 3484 901 3545 diebus
926 3485 1077 3545 abundare
1103 3486 1306 3565 deprehensus
1330 3486 1387 3546 fuit
1410 3486 1524 3565 aliquot
1547 3485 1677 3547 minutis.

464 3572 580 3635 Occaso
611 3571 701 3641 Sole,
733 3573 816 3633 clara
845 3574 942 3634 adhuc
975 3574 1041 3648 die,
1073 3574 1199 3637 vidimus
1232 3574 1308 3635 satis
1341 3575 1451 3650 altum,
1485 3581 1646 3655 autequam
1676 3574 1723 3634 vel

370 3662 494 3741 Jupiter
518 3663 565 3723 vel
589 3662 650 3723 nlla
674 3662 765 3723 stella
789 3664 868 3723 cerui
892 3671 1005 3742 posset.

777 3779 874 3832 Jovem
899 3821 1100 3837 .....
1163 3778 1196 3834 3⁰
1217 3777 1302 3848 28¹i,l

779 3861 898 3915 Martem
948 3903 954 3915 .
997 3904 1003 3916 .
1045 3906 1051 3917 .
1094 3904 1099 3915 .
1162 3859 1189 3915 8.
1214 3857 1260 3914 31.

523 3942 598 3994 luter
618 3940 725 3994 Novam
778 3940 952 3995 Saturnum.
995 3982 1002 3997 .
1046 3987 1052 3999 .
1093 3986 1099 3997 .
1163 3938 1462 3995 6.12.ve16⁰14‘.

610 4027 639 4073 et
778 4021 927 4075 Humerum
947 4022 1037 4093 Sagis.
1094 4062 1101 4076 .
1143 4020 1190 4076 20.
1234 4022 1261 4076 0.

778 4102 914 4155 Dextrum
936 4119 1011 4173 genn
1032 4104 1101 4173 Opb.
1165 4103 1191 4235 [II.
1215 4100 1262 4235 ἓξ.
1285 4095 1415 4169 (difficilis
1436 4094 1619 4169 observatio.)

464 4283 590 4345 Haece
614 4293 766 4366 tempore,
792 4307 848 4367 quo
871 4288 975 4364 Nova,
999 4288 1136 4367 Jupiter,
1164 4286 1248 4348 Mars
1278 4286 1445 4348 habuerunt
1476 4285 1664 4348 altitudinem
1688 4282 1727 4349 9⁰

370 4392 467 4454 usque
501 4374 568 4434 dum
599 4374 674 4436 baec
707 4375 841 4437 decrevit
874 4378 912 4437 ad
945 4377 1134 4439 altitudinem
1159 4372 1206 4439 4⁰.
1253 4376 1419 4449 Saturnus,
1448 4375 1537 4437 Nova
1566 4385 1598 4438 et
1627 4376 1723 4437 femur

371 4464 547 4525 formabant
570 4464 722 4525 scalenum
747 4466 970 4546 acutangulum.
1008 4466 1105 4528 Erant
1127 4466 1221 4545 primo
1235 4466 1323 4527 Nova
1340 4474 1370 4526 et
1389 4464 1474 4526 Mars
1496 4464 1526 4526 iu
1551 4463 1725 4543 aequilibrio

372 4552 549 4623 horizontis,
575 4552 663 4631 paulo
687 4564 758 4633 post
781 4555 869 4617 Nova
893 4562 925 4616 et
945 4553 1073 4635 Jupiter.
1111 4554 1209 4616 Erant
1232 4556 1260 4615 in
1284 4555 1388 4614 eadem
1413 4560 1497 4615 recta
1518 4553 1616 4629 Nova,
1640 4552 1725 4614 Mars

372 4653 406 4704 et
429 4640 579 4721 posterior
601 4642 629 4702 in
663 4643 797 4723 trapezio
822 4643 992 4722 Sagittarii,
1018 4645 1093 4705 Jove
1118 4644 1263 4718 inferiori,
1296 4643 1345 4722 qui
1378 4651 1478 4705 tamen
1503 4651 1567 4704 erat
1600 4651 1723 4725 septen-

372 4730 513 4793 trionalis
533 4730 648 4811 aliquot
667 4732 796 4793 minutis.
835 4734 940 4814 Itaque
965 4734 1146 4812 arguebatur
1170 4731 1251 4793 sidus
1267 4732 1304 4793 ab
1324 4732 1464 4813 ecliptica
1479 4731 1722 4812 septentrionale.

878 4839 935 4902 Die
960 4834 1044 4919 8118.
1070 4838 1221 4901 Octobris.

619 4929 714 4981 Jorem
737 4970 938 4986 .....
1002 4929 1035 4985 3⁰
1056 4932 1105 4985 40¹
1127 4931 1180 4985 bis.

371 5008 573 5065 luterNovcm
620 5008 767 5062 Humerum
788 5010 879 5080 Sagit.
936 5051 943 5065 .
986 5008 1032 5065 20.
1080 5012 1115 5075 1.,
1147 5008 1359 5079 2002132‘bis.

455 5096 486 5142 et
619 5090 756 5144 Dextmm
776 5107 852 5161 genn
874 5091 945 5162 Opb.
1008 5088 1035 5144 7.
1061 5089 1106 5145 31.
1149 5088 1276 5153 Difficilis
1313 5090 1470 5146 observatio
1499 5091 1535 5144 ob
1565 5090 1665 5146 stellae
1694 5097 1725 5147 et

779 5178 783 5184 '
1009 5172 1035 5227 l.
1059 5170 1106 5245 32.Ι
1207 5170 1380 5238 instrumenti
1401 5170 1470 5226 situs
1490 5169 1678 5237 incommodos.
