4584 6192
538 627 604 696 aaa
1118 623 1310 687 hanaen

538 824 592 868 reu
616 803 837 883 inconspicuns‚
861 802 979 863 omuino
1003 818 1112 878 magna
1136 800 1221 860 fieret
1244 800 1384 859 refractio
1415 800 1574 860 radiomm.
1618 801 1699 861 Nam
1722 801 1802 879 ignis
1826 800 1896 862 ideo

538 894 695 972 superiora
718 893 810 972 petit,
841 891 910 970 quia
934 889 1077 949 tenuioris
1105 898 1153 949 est
1182 889 1369 949 substantiae
1398 906 1488 966 quam
1511 895 1573 951 aer.
1619 890 1663 951 Ut
1686 890 1765 950 enim
1787 890 1897 951 inflata

539 983 644 1043 vesica
667 1000 705 1041 ex
729 999 825 1059 aquae
848 979 994 1058 profundo
1018 978 1145 1055 emergit
1177 978 1307 1054 pondere
1336 996 1432 1055 aquae
1460 996 1577 1037 sursum
1608 979 1701 1050 elisa,
1734 979 1778 1039 sic
1803 978 1896 1038 etiam

539 1071 628 1150 ignea
651 1069 825 1129 substantia
848 1085 969 1127 cansam
994 1085 1137 1126 ascensus
1162 1067 1207 1125 sui
1232 1067 1441 1127 extenuitate
1465 1086 1520 1126 sua
1543 1068 1749 1146 consequitur,
1773 1067 1898 1145 pellitur

540 1159 620 1221 euim
644 1178 662 1218 a
685 1156 866 1218 circumduxi
891 1155 970 1214 aeris
995 1156 1134 1215 crassiori
1159 1172 1293 1231 corpore.

630 1244 706 1307 Cum
731 1246 821 1321 igitur
843 1243 959 1324 physici
981 1244 1100 1315 dicant,
1124 1262 1216 1321 supra
1239 1244 1340 1320 capita
1363 1253 1468 1302 nostra
1495 1243 1704 1304 circumfusam
1729 1262 1798 1304 esse
1822 1244 1897 1304 sub·

539 1334 684 1397 stantiam
709 1333 889 1411 pellucidam
914 1332 1079 1391 tenuiorem
1103 1338 1173 1391 aere
1190 1331 1245 1390 hoc
1270 1342 1382 1403 nostro,
1407 1349 1516 1409 negare
1538 1352 1595 1391 non
1619 1342 1771 1411 poterunt,
1796 1331 1898 1393 radios

541 1423 704 1485 visibilium
727 1422 756 1482 in
782 1422 911 1481 transitu
935 1421 1093 1480 confinium
1117 1420 1212 1480 crassi
1235 1420 1313 1480 aeris
1338 1432 1369 1478 et
1392 1419 1470 1497 ignis
1495 1420 1640 1481 tenuioris
1664 1421 1897 1500 superficierum,

542 1529 717 1591 quacunque
741 1510 860 1589 oblique
892 1519 1067 1581 transeunt,
1100 1508 1242 1585 refringi:
1275 1517 1432 1568 transeunt
1463 1519 1564 1569 autem
1595 1509 1714 1587 oblique
1737 1509 1778 1570 ad
1803 1511 1899 1570 locum

543 1599 712 1680 spectantis
735 1609 856 1676 praeter
879 1617 968 1658 unum
992 1617 1105 1658 omnes.
1144 1598 1282 1677 Undique
1307 1597 1397 1674 igitur
1420 1615 1549 1675 magnae
1571 1598 1678 1658 fierent
1700 1598 1900 1659 refractiones

542 1688 702 1751 radiorum.

631 1775 811 1853 Argumenti
834 1773 880 1834 vis
904 1773 1109 1853 experimento
1133 1773 1225 1833 relnti
1251 1774 1288 1832 ad
1313 1774 1429 1834 oculum
1454 1772 1597 1851 explicari
1621 1782 1734 1852 potest.
1782 1774 1902 1835 Luceut

542 1863 599 1928 Sol
629 1874 733 1924 contra
771 1863 928 1942 parietem.
982 1862 1181 1923 luterlocetnr
1217 1862 1398 1922 thnribulum
1433 1881 1498 1922 cum
1533 1863 1712 1923 carbonibus
1745 1862 1844 1924 viris:
1875 1861 1901 1923 si

542 1952 723 2030 tranquillus
747 1952 787 2011 sit
811 1958 877 2023 aer,
901 1970 938 2010 ex
966 1951 1117 2011 thuribulo
1141 1960 1225 2011 recta
1256 1952 1399 2011 ascendet
1431 1951 1512 2010 rivus
1543 1951 1663 2029 quidam
1695 1954 1803 2030 igneae
1827 1951 1903 2011 sub·

544 2042 694 2114 stantiae,
726 2040 807 2100 nullo
839 2039 918 2099 fumo
949 2039 1098 2111 immixt03
1132 2040 1177 2099 sin
1202 2040 1341 2099 ventulus
1370 2040 1514 2111 interflet,
1547 2040 1630 2100 rivus
1654 2041 1703 2100 ille
1731 2059 1839 2118 parum
1862 2038 1901 2100 ad

545 2131 626 2192 latus
651 2129 793 2189 deflectet
817 2138 905 2187 rento
936 2130 1121 2195 concedens,
1146 2148 1264 2188 sursum
1288 2138 1389 2187 tamen
1418 2127 1611 2187 undulatione
1636 2149 1691 2188 sua
1718 2128 1900 2189 scaturiens.

544 2217 655 2281 Rivum
680 2217 756 2277 hunc
780 2216 858 2295 ignis
882 2216 977 2276 oculis
1002 2236 1058 2277 non
1087 2217 1293 2295 consequeris,
1327 2217 1435 2295 qnippe
1463 2216 1562 2276 colore
1586 2218 1664 2278 omni
1693 2228 1849 2278 carentem
1872 2226 1903 2277 et

545 2306 738 2387 pellucidum.
785 2308 829 2365 At
852 2304 877 2363 si
908 2306 1053 2383 parietem
1085 2306 1256 2383 oppositum
1289 2306 1438 2383 aspicias,
1473 2314 1600 2366 tremere
1632 2305 1749 2366 videbis
1780 2306 1903 2367 umbras

546 2414 644 2457 rernm
670 2404 755 2454 trans
777 2412 903 2473 prunam
927 2393 956 2453 in
972 2393 1045 2454 Sole
1069 2395 1244 2472 positarum,
1269 2413 1344 2471 quae
1369 2394 1491 2454 umbrae
1510 2411 1565 2471 per
1588 2394 1664 2454 hnnc
1688 2395 1767 2474 iguis
1792 2395 1903 2455 fluxum

546 2483 745 2563 trajiciuntur.
793 2483 918 2543 Tremor
940 2502 1011 2542 vero
1041 2491 1140 2543 motus
1171 2483 1288 2561 species
1312 2490 1370 2541 est.
1418 2482 1525 2561 ltaque
1555 2484 1631 2543 radii
1656 2482 1738 2544 Solis
1768 2483 1904 2544 umbram

547 2569 826 2635 circumscribentes
850 2580 990 2643 tremunt,
1015 2580 1177 2651 propterea
1200 2571 1278 2650 quod
1301 2570 1505 2631 ebullitionem
1535 2571 1618 2631 illam
1648 2572 1768 2648 igneam
1798 2582 1904 2633 trans-

476 2658 485 2669 ’
547 2670 653 2722 euntes
685 2660 880 2736 franguntur,
912 2659 999 2737 idque
1031 2660 1111 2720 varie
1135 2678 1189 2738 pro
1217 2660 1302 2719 varia
1335 2659 1554 2738 superficierum
1583 2659 1663 2719 illins
1694 2661 1792 2720 fluxus
1826 2658 1904 2738 ignei

547 2747 835 2810 transformatione:
868 2767 904 2806 ex
929 2767 987 2826 qua
1015 2748 1198 2809 inconstanti
1231 2748 1390 2809 inflexione
1420 2748 1567 2808 radiorum
1591 2748 1619 2808 in
1645 2748 1800 2826 superficie
1825 2748 1905 2809 illius

549 2836 732 2898 ebullitionis
757 2836 887 2896 resultat
920 2835 1094 2898 inconstans
1119 2838 1209 2896 etiam
1244 2837 1417 2897 inflexorum
1442 2856 1494 2896 seu
1518 2837 1714 2898 refractorum
1743 2837 1906 2898 incidentia

550 2926 579 2987 in
602 2924 762 3003 parietem,
789 2924 1030 3003 inconstansque,
1056 2926 1111 2986 hoc
1136 2933 1185 2985 est
1206 2937 1349 2996 tremens,
1374 2925 1495 2985 umbrae
1520 2925 1677 3003 projectio.
1725 2926 1792 2986 Hoc
1816 2925 1906 3003 igitur

550 3013 756 3092 experimento
780 3022 911 3086 constat,
937 3015 1037 3074 radios
1062 3015 1137 3075 lucis
1153 3014 1180 3073 in
1206 3015 1360 3092 superficie
1383 3014 1490 3091 igneae
1515 3014 1716 3087 substantiae,
1742 3022 1904 3093 quantum-

549 3102 596 3163 ris
619 3102 815 3180 inconspicua
838 3103 888 3173 sit,
912 3103 1098 3164 sensibiliter
1121 3103 1252 3180 refringi.
1295 3102 1387 3162 Nulla
1411 3102 1502 3178 igitur
1525 3103 1596 3161 talis
1621 3102 1710 3181 ignea
1733 3102 1907 3164 substantia

549 3191 604 3253 sub
628 3192 712 3252 coelo
741 3210 877 3269 expansa
900 3202 948 3252 est
975 3193 1087 3252 nostris
1117 3191 1273 3252 imminens
1302 3191 1468 3268 capitibus,
1502 3209 1597 3269 neque
1628 3193 1776 3252 fluctuans
1811 3209 1906 3271 neque

550 3281 723 3359 tranquilla,
749 3281 819 3358 quia
841 3279 1053 3340 observatores
1077 3281 1209 3341 siderum
1233 3279 1353 3351 nnllam,
1379 3298 1473 3357 neque
1498 3280 1655 3340 tremulam
1679 3279 1907 3358 deprehendunt

550 3370 707 3429 stellarum
734 3368 944 3430 refractionem
974 3369 1090 3448 locique
1123 3368 1374 3448 permutationem
1402 3386 1497 3445 neque
1526 3378 1730 3442 constantem,
1766 3388 1843 3448 quae
1869 3368 1908 3429 sit

551 3465 791 3518 commensurata
813 3458 925 3535 figurae
950 3458 1096 3535 sphaerae
1125 3460 1248 3536 igneae;
1278 3457 1404 3535 denique
1428 3455 1541 3517 nnllam
1565 3457 1655 3518 aliam
1684 3466 1907 3536 praeteream,

553 3564 629 3627 quae
654 3554 701 3605 est
725 3546 891 3623 superficiei
916 3547 1005 3607 aeris.

640 3636 706 3695 Hoc
730 3634 929 3695 firmissimum
963 3644 1169 3712 argumentum
1199 3634 1282 3694 Pena
1313 3652 1427 3693 rursum
1461 3642 1575 3694 tractat
1608 3634 1747 3695 incante:
1782 3634 1908 3712 dumque

552 3743 651 3786 muros
675 3724 774 3802 quatit
797 3723 944 3802 sphaerae
967 3724 1084 3801 igneae,
1109 3724 1199 3784 nimio
1220 3723 1323 3782 arietis
1343 3722 1431 3800 hujus
1452 3722 1579 3800 impulsu
1595 3744 1613 3783 a
1628 3744 1660 3782 se
1677 3724 1741 3801 ipse
1766 3722 1908 3783 laeditur.

550 3814 645 3875 Putat
668 3813 706 3871 ad
730 3812 903 3873 firmitatem
923 3812 1091 3890 argumenti
1114 3812 1274 3891 pertinere,
1298 3811 1323 3870 si
1338 3811 1427 3888 plane
1445 3811 1543 3870 nullas
1558 3810 1688 3872 siderum
1712 3812 1909 3873 refractiones

552 3903 704 3963 admittat.
752 3902 858 3979 Itaque
891 3920 948 3961 non
984 3902 1102 3961 dubitat
1135 3901 1228 3960 etiam
1261 3899 1521 3960 observationibus
1550 3910 1789 3960 astronomorum
1823 3902 1909 3961 fidem

552 3992 714 4069 derogare,
750 4010 825 4069 quas
858 3990 985 4050 Vitellio
1019 3991 1151 4050 adducit.
1204 3990 1332 4049 Dixerat
1360 3988 1503 4061 Vitellio,
1535 3990 1659 4068 refringi
1691 3990 1793 4050 radios
1826 3988 1908 4061 lucis,

553 4080 641 4158 idque
665 4081 694 4139 in
719 4080 807 4140 Luna
840 4079 965 4151 sentiri,
1000 4081 1083 4158 cujus
1116 4097 1206 4156 saepe
1236 4078 1296 4137 alia
1329 4077 1467 4137 rideatur
1500 4077 1643 4150 latitudo,
1676 4098 1763 4157 quarn
1793 4078 1909 4157 qualem

553 4169 678 4229 tabulae
703 4178 834 4228 motuum
859 4168 1033 4228 admittant.
1081 4168 1165 4227 Pena
1190 4167 1326 4238 occurrit,
1352 4185 1409 4227 non
1435 4185 1502 4226 esse
1527 4167 1555 4226 in
1580 4186 1673 4227 cansa
1697 4168 1911 4228 refractionem

553 4256 607 4316 sed
632 4257 811 4334 parallaxim
838 4276 899 4318 rem
922 4256 1023 4316 not'am
1049 4255 1241 4317 astronomis.
1279 4255 1358 4315 lllira
1385 4255 1552 4315 mehercule
1581 4256 1691 4334 negotii
1715 4257 1910 4338 perplexitas.

553 4345 632 4408 Nam
658 4354 689 4405 et
717 4356 840 4424 uterque
875 4364 975 4406 rerum
1010 4346 1119 4422 dogma
1153 4345 1246 4404 habet
1274 4351 1305 4403 et
1335 4351 1458 4423 uterque
1488 4343 1517 4403 id
1545 4343 1772 4423 impertinenter
1804 4345 1913 4426 probat

554 4434 689 4513 interque
709 4435 893 4514 probandum
916 4435 946 4494 in
966 4453 1082 4494 errores
1107 4433 1210 4493 incidit
1233 4434 1311 4493 circa
1332 4452 1380 4493 res
1401 4441 1557 4511 cognatas.
1583 4433 1664 4494 Vere
1687 4433 1761 4494 dicit
1775 4433 1911 4507 Vitellio,

554 4525 728 4602 contingere
753 4523 976 4584 incurvationes
1000 4523 1151 4583 radiorum
1176 4522 1349 4583 sideralium
1368 4521 1406 4582 ob
1430 4521 1612 4583 densitatem
1637 4522 1727 4583 aeris.
1776 4523 1859 4583 Vere
1883 4530 1913 4582 et

554 4613 610 4675 hoc
634 4613 724 4685 dicit,
760 4613 814 4673 sed
845 4613 984 4685 fortuito,
1017 4612 1045 4672 id
1078 4612 1106 4671 in
1131 4612 1218 4672 Luna
1252 4609 1443 4689 deprehendi.
1491 4609 1552 4672 Sed
1576 4612 1653 4691 quod
1685 4611 1913 4692 praesupponit,

555 4702 622 4763 looa
649 4702 754 4763 Lunae
787 4701 948 4763 irrefracta
978 4720 1014 4761 ex
1048 4702 1163 4761 calculo
1197 4700 1275 4760 illius
1308 4701 1354 4760 sni
1387 4700 1530 4778 temporis
1563 4699 1731 4760 certissime
1767 4698 1913 4780 depromi,

555 4809 649 4871 eoque
678 4791 814 4869 regulam
843 4790 951 4851 statuit
984 4790 1239 4850 aestirnandarmn
1273 4789 1515 4850 observationum
1540 4797 1572 4849 et
1596 4789 1914 4867 deprehepdendarum

555 4894 610 4959 per
633 4899 686 4940 eas
709 4878 937 4949 refractionum,
962 4879 1156 4940 vehementer
1179 4879 1298 4957 quidem
1328 4878 1470 4957 deceptus
1497 4878 1559 4938 fnit.
1609 4878 1716 4957 ltaque
1740 4897 1801 4939 non
1827 4878 1913 4939 facile

556 4968 696 5043 dixerim,
731 4977 800 5029 ante
830 4969 1000 5048 Tychonem
1030 4968 1128 5029 Brahe
1153 4987 1172 5025 a
1200 4985 1346 5046 quoquam
1377 4968 1581 5047 deprehensas
1615 4985 1682 5026 esse
1714 4968 1915 5029 refractiones

556 5056 671 5131 Lunae,
706 5077 764 5119 non
788 5065 905 5118 tantum
930 5056 967 5117 ob
991 5056 1233 5116 incertitudinem
1264 5055 1379 5136 antiqui
1403 5056 1525 5130 calculi,
1557 5056 1610 5116 sed
1634 5056 1726 5116 etiarn
1750 5056 1788 5117 ob
1813 5056 1913 5135 negli-

556 5147 691 5230 gentiam
722 5147 950 5209 observatorum
982 5145 1123 5223 priorum.
1172 5143 1379 5223 Deprehendit
1410 5152 1510 5205 autern
1543 5144 1680 5206 Brabens
1712 5144 1915 5208 refractiones
