4584 6192
864 603 867 608 ⁴
893 589 1182 641 aremarensem
1198 586 1252 639 ca·
1297 590 1320 634 ·;
1682 584 1747 654 401

482 764 567 825 Haec
592 766 757 828 scientifica
787 769 908 830 suntin
934 767 1081 830 Galilaei'
1098 769 1216 837 literis,
1250 770 1353 829 ceter'a
1384 768 1481 830 mitto.
1512 767 1626 829 :Vides
1655 766 1746 848 igitur

390 852 486 914 lector
528 856 680 927 studiose,
728 860 873 937 quomodo
908 857 1038 919 Galilaei
1079 857 1332 937 praestantissimi
1371 856 1540 934 mehercule
1573 857 1745 937 philosophi

389 942 603 1004 sollertissima
625 964 709 1005 mens
733 948 905 1025 perspicillo
929 948 985 1007 hoc
1010 955 1113 1008 nostro
1136 947 1229 1007 veluti
1254 946 1345 1009 scalis
1365 946 1542 1025 quibusdam
1565 953 1660 1021 usa,'.
1676 946 1745 1025 ipsa¹

389 1030 494 1092 ultima
525 1043 556 1093 ct
585 1034 737 1095 altissima
760 1035 865 1097 Mundi
897 1036 1096 1115 aspectabilis
1125 1036 1244 1096 moenia
1276 1036 1477 1109 conscendat,
1511 1035 1611 1095 omnia
1643 1055 1744 1097 coram

389 1119 499 1180 lustret
522 1121 649 1201 indeque
683 1125 721 1184 ad
746 1138 851 1185 nostra
882 1125 957 1185 haec
991 1125 1159 1204 tuguriola,
1192 1126 1230 1184 ad
1264 1124 1370 1203 globos
1403 1125 1529 1203 inquam·
1558 1124 1744 1201 planetarios

390 1209 585 1288 argutissimo
610 1211 768 1274 ratiocinio
793 1214 957 1292 despiciat,
987 1213 1101 1274 extima
1125 1213 1249 1286 intimis,
1281 1232 1396 1273 summa
1419 1211 1487 1273 imis
1511 1212 1608 1273 solido
1628 1212 1743 1291 judicio

388 1315 575 1376 comparans.

477 1386 557 1457 Quia
581 1407 652 1450 vero
676 1409 824 1469 nunquam
849 1392 957 1452 desunt
980 1393 1008 1452 in
1025 1388 1215 1469 philosophia
1230 1388 1383 1451 nationum
1406 1389 1487 1450 inter
1510 1405 1543 1450 se
1567 1390 1668 1451 studia
1691 1399 1745 1454 aut

388 1475 643 1552 obtrectationes,
669 1480 810 1558 multique
835 1499 888 1558 per
913 1479 1107 1541 Germaniam
1128 1478 1347 1539 Germanorum
1370 1478 1418 1539 hic
1440 1477 1615 1539 testimonia
1639 1480 1742 1560 requi-

388 1565 475 1626 situri
499 1574 588 1628 sunt:
623 1587 680 1646 age
709 1567 769 1629 illis
793 1571 829 1629 de
854 1571 943 1630 rebus
968 1569 1073 1629 iisdem
1098 1568 1190 1629 etiam
1211 1566 1360 1629 Germani
1393 1566 1549 1643 cujusdam
1582 1567 1742 1645 epistolam

388 1653 534 1714 exhibeo:
561 1675 598 1715 ex
622 1677 681 1735 qua
704 1657 792 1717 simul
817 1665 849 1718 et
871 1659 944 1719 illnd
968 1658 1097 1737 patebit,
1123 1675 1180 1717 non
1206 1656 1283 1717 male
1308 1657 1422 1717 lactum
1446 1675 1465 1716 a
1487 1654 1637 1727 Galilaea,
1664 1658 1743 1736 qnod

388 1760 486 1803 rerum
511 1764 631 1805 suarum
655 1756 802 1823 satagens
834 1748 958 1808 inventa
989 1766 1046 1807 sua
1077 1754 1204 1817 mature,
1234 1764 1289 1868 per
1321 1745 1443 1823 griphos
1475 1752 1600 1818 tamen,
1608 1746 1742 1868 Ptagam

389 1830 543 1893 nobiscum
568 1834 840 1896 communicaverit.
1304 1876 1306 1881 -
1523 1857 1526 1864 ·
1673 1839 1740 1893 ³·

476 1920 528 1981 Sic
553 1921 644 2001 igitur
666 1924 808 1984 Marius
841 1926 879 1985 ati
912 1942 1097 1985 communem
1129 1931 1264 1985 nostrum
1298 1922 1442 1985 amioum:
1483 1923 1627 2002 „Interim
1651 1881 1741 1992 aliud

390 2015 474 2069 teuto
498 2029 592 2088 opus,
631 2013 658 2073 in
694 2032 750 2093 quo
774 2013 900 2092 primum
922 2013 1163 2075 immobilitatem
1185 2012 1301 2072 Terrae
1333 2030 1438 2073 assero
1468 2010 1588 2071 omissis
1621 2001 1741 2074 omnino

387 2100 614 2175 personalibus:
640 2100 666 2174 b)
700 2103 754 2162 sed
778 2112 951 2180 argumenta
978 2102 1074 2162 solum
1097 2100 1310 2168 examinantur
1337 2099 1598 2162 conmutationes
1622 2098 1740 2179 Ceper-

388 2186 522 2260 nicanas,
549 2208 623 2267 quas
648 2200 751 2251 nostro
776 2201 910 2270 tempore
935 2192 1084 2270 Keplerus
1108 2207 1175 2251 cunr
1200 2188 1341 2251 Galilaeo
1355 2189 1504 2250 Patauino
1521 2189 1740 2251 Matlrematico

386 2277 537 2354 approbat
560 2288 593 2339 et
615 2280 693 2340 serio
718 2283 760 2341 sic
785 2301 818 2340 se
842 2282 953 2341 habere
969 2281 1078 2341 statuit
1101 2284 1136 2351 ⁰).
1180 2279 1478 2357 Argumenta'meae
1502 2279 1679 2339 assertionis
1704 2298 1742 2340 ex

388 2366 484 2425 sacris
516 2386 653 2428 assumo:
677 2367 705 2441 l)
739 2371 945 2449 adstipulante
980 2370 1071 2430 etiarn
1103 2368 1231 2448 physica
1254 2371 1281 2443 ⁰)
1313 2375 1345 2427 et
1365 2366 1567 2429 :astronomia
1624 2365 1741 2429 Deinde

386 2454 566 2516 militabitur
590 2458 688 2534 opinio
712 2478 829 2530 eorum,
853 2460 902 2537 qui
926 2476 1053 2536 corpora
1077 2458 1222 2518 coelestia
1246 2457 1323 2518 adeo
1344 2465 1535 2518 monstrosae
1561 2456 1648 2517 molis
1673 2476 1740 2517 esse

385 2551 547 2621 putarunt,
577 2553 608 2605 et
631 2566 710 2607 nova
732 2547 921 2608 verisimilior
945 2547 1088 2607 dimensio
1113 2544 1290 2626 quantitatis
1315 2567 1334 2606 a
1357 2564 1403 2605 me
1427 2545 1584 2606 tradetur:
1623 2565 1682 2624 qua
1711 2546 1741 2606 in

386 2650 419 2691 re
442 2650 489 2692 mc
513 2634 671 2711 plurimum
691 2637 772 2714 juvit
796 2637 1025 2697 instmmentum
1048 2635 1219 2713 belgicum,
1250 2633 1454 2713 perspicillnm
1477 2633 1567 2712 vulgo
1591 2643 1739 2696 vocatum.

389 2720 492 2781 Tertio
516 2724 737 2797 demonstrabo,
763 2726 913 2786 Venerem
937 2745 996 2786 non
1020 2745 1107 2786 secus
1131 2724 1291 2785 illuminari
1314 2745 1333 2785 a
1356 2722 1427 2784 Sole
1452 2742 1576 2802 eamque
1601 2723 1739 2784 cornicu-

389 2810 493 2883 latam,
520 2817 674 2893 σιχοτομοι
693 2823 751 2875 etc.
777 2816 870 2887 reddi,
895 2823 985 2894 prout
1007 2835 1028 2874 a
1048 2815 1104 2874 line
1129 2812 1198 2874 anni
1214 2814 1375 2892 superioris
1396 2810 1419 2889 ¹)
1436 2820 1535 2892 'usque
1561 2813 1589 2872 in
1604 2812 1741 2892 Aprilem

387 2901 558 2976 praesentis
581 2924 600 2961 a
624 2922 670 2963 me
694 2922 751 2982 ope
775 2904 937 2982 perspicilli
956 2902 1072 2982 Belgici
1091 2902 1245 2963 multoties
1271 2911 1302 2963 et
1325 2901 1554 2984 diligentissime
1578 2901 1741 2964 observata

387 2996 421 3047 et
451 2988 518 3048 visa
551 2998 617 3065 est,
656 2994 772 3072 qnando
802 2994 907 3054 Venus
940 2992 1077 3071 proxima
1105 2992 1217 3052 Terrae
1251 2999 1316 3051 erat
1340 3012 1416 3055 cnm
1447 2990 1644 3051 occidentalis
1677 2999 1741 3052 tum

387 3076 556 3139 orientalis.
603 3078 720 3149 Quarto
753 3100 842 3161 agam
875 3083 912 3142 de
942 3081 1028 3143 novis
1059 3081 1192 3159 planetis
1215 3079 1491 3159 lorialihus,jqui
1529 3079 1610 3140 circa
1632 3079 1740 3142 Jorem

388 3166 522 3226 feruntur
557 3177 590 3228 ut
621 3171 762 3248 planetae
791 3170 896 3249 reliqui
930 3172 1010 3231 circe
1042 3169 1159 3242 Solem,
1194 3170 1346 3249 inaequali
1364 3180 1478 3232 tamen
1511 3167 1674 3229 interstitio
1708 3176 1739 3228 et

386 3254 520 3333 periodo.
567 3258 700 3319 Duomm
730 3268 931 3321 extremomm
954 3259 1093 3339 periodos
1113 3258 1178 3336 jam
1208 3259 1350 3337 indagavi
1373 3259 1551 3336 tabulasque
1575 3256 1738 3338 construxi,

387 3352 421 3403 ut
444 3343 512 3403 inde
536 3347 614 3406 omni
640 3356 775 3427 tempore
791 3348 932 3409 facillime
957 3347 1027 3409 sciri
1050 3349 1158 3427 possit,
1182 3358 1255 3428 quot
1273 3348 1398 3428 minutis
1422 3349 1537 3410 distent
1560 3367 1578 3407 a
1600 3347 1676 3406 Jove
1700 3346 1740 3407 ad

387 3433 526 3493 dextram
551 3435 753 3499 sinistramve.
791 3439 934 3518 Haecque
958 3438 1015 3498 duo
1040 3437 1142 3517 capita
1165 3436 1272 3499 ultirna
1290 3443 1365 3500 'suut
1387 3440 1475 3518 plane
1499 3435 1635 3497 inaudita
1659 3434 1738 3496 omni

387 3540 473 3582 aevo.
515 3524 630 3585 Forsan
655 3527 715 3586 alia
731 3527 833 3601 etiarn,
859 3527 978 3588 interim
994 3527 1063 3587 dum
1083 3525 1196 3598 laboro,
1224 3529 1596 3604 occurrerit“i‚llucusque
1612 3523 1736 3584 Marius.

477 3610 581 3673 Habes
606 3614 696 3693 igitur
721 3617 819 3677 amice
836 3617 936 3677 ‘lector
958 3617 1170 3677 confirmatam
1179 3615 1343 3695 perspicilli
1366 3617 1454 3678 fldem
1478 3616 1507 3674 in
1524 3612 1736 3673 observatione

386 3718 528 3761 noromm
566 3703 742 3770 coelestium
781 3706 867 3766 unius
901 3706 1023 3784 insuper
1045 3702 1197 3765 ,Germani
1240 3703 1423 3768 testimonio.
1462 3700 1561 3771 nnio
1592 3700 1737 3779 impediat

387 3788 479 3866 igitur
518 3810 564 3850 me
605 3794 870 3870 praestantissimo
907 3795 1105 3855 instrumento
1139 3793 1349 3874 panegyricum
1381 3790 1572 3853 hoctlibelle
1606 3807 1737 3868 pangere

386 3880 611 3956 geometricum,
637 3889 743 3962 teque,
769 3884 883 3956 lector,
915 3883 1037 3944 honoris
1060 3903 1154 3943 causa
1176 3884 1329 3960 praesenti
1354 3883 1450 3943 animo
1474 3876 1738 3956 ennon-vulgari

386 3967 497 4028 mentis
521 3970 699 4045 attentione,
725 3973 793 4031 dum
818 3991 885 4032 eum
909 3976 963 4049 eg'o
988 3970 1093 4043 recito,
1117 3970 1395 4049 interessel3Qna=
1414 3990 1506 4050 opera
1526 3976 1561 4029 'et
1586 3965 1738 4046 ingenium

385 4075 477 4115 acues
502 4065 533 4117 et
556 4078 714 4121 causarum
737 4062 931 4139 perceptione
957 4062 1067 4121 evades
1090 4061 1336 4140 inphirosophia
1359 4061 1493 4133 doctior,
1518 4058 1557 4119 ad
1574 4055 1736 4120 'mechani-

382 4164 457 4206 carn
475 4155 506 4205 et
534 4167 630 4207 rerum
656 4150 770 4211 utilium
795 4159 884 4229 atque
905 4150 1121 4229 jucundarum
1126 4150 1328 4212 inventionem
1351 4149 1541 4218 instructior,
1567 4147 1738 4230 deniquae

382 4234 465 4293 mille
489 4237 595 4304 modis,
630 4238 735 4316 quibus
762 4240 898 4317 vulgus
891 4260 920 4299 ιιι
946 4257 1075 4300 errorem
1108 4239 1187 4299 solet
1211 4239 1328 4316 induci,
1361 4238 1486 4300 cautior
1510 4245 1600 4338 atque
1633 4235 1735 4297 tutior.

383 4322 466 4382 Vale
489 4332 522 4384 et
545 4326 601 4387 hoc
625 4329 811 4407 praeludium
836 4328 1073 4407 aequibonique
1099 4329 1231 4389 consule.

473 4422 518 4470 His
537 4424 600 4473 haec
619 4426 748 4475 addimus:
774 4428 874 4477 Literae
894 4426 1000 4477 Galilasi
1016 4426 1088 4475 modo
1107 4428 1257 4489 praemissao
1275 4428 1360 4476 insunt
1384 4425 1531 4475 editionibus
1550 4438 1651 4487 operum
1669 4423 1739 4474 Gali*

381 4492 433 4541 iaei
451 4508 515 4557 quae
533 4497 603 4545 nobis
621 4506 719 4560 praesto
747 4508 813 4556 snut,
842 4499 931 4547 blilani
959 4500 1031 4548 annis
1052 4495 1155 4547 1808-
1160 4496 1200 4545 11
1219 4505 1246 4547 et
1263 4499 1402 4547 Florentiae
1432 4492 1579 4545 1812-56.
1606 4477 1737 4557 impressis,

383 4563 513 4615 desumtae
533 4569 591 4616 item
611 4584 624 4617 e
644 4568 787 4653 Dioptricae
806 4571 967 4633 praelatione.
1005 4569 1073 4619 Inter
1091 4568 1197 4617 Galilaei
1215 4572 1398 4633 manuscripta.
1418 4580 1482 4632 qnae
1501 4568 1576 4617 editio
1594 4566 1738 4616 Florentius

381 4637 485 4696 primum
505 4640 569 4700 typis
587 4640 707 4702 impressa
725 4644 750 4689 in
769 4642 855 4704 vulgus
875 4642 959 4697 edidit,
980 4640 1038 4689 illae
1058 4640 1163 4689 Galilaei
1187 4640 1273 4689 literae
1292 4656 1341 4689 non
1365 4639 1532 4702 deprehensae
1550 4637 1671 4688 ridentur.
1707 4621 1737 4685 lh

381 4705 503 4755 Hanschii
529 4709 674 4760 collectione
694 4710 766 4773 (Mas.
793 4709 988 4771 tironensibus)
1012 4712 1065 4760 sola
1088 4714 1153 4759 inest
1179 4712 1283 4773 epistola
1308 4712 1374 4760 (1.(1.
1397 4710 1436 4757 11
1458 4705 1735 4759 accrementis

381 4792 439 4825 vero
458 4793 532 4842 quam
552 4780 655 4829 diximus
674 4784 816 4832 Florentius
836 4784 908 4832 affert
926 4783 1061 4845 Kepleri
1085 4784 1269 4845 responsionem
1287 4783 1321 4831 ad
1338 4782 1404 4832 hano
1418 4782 1557 4845 epistelam
1576 4780 1690 4831 Galilaei.

471 4859 556 4931 Quas
594 4864 632 4923 ad
670 4864 784 4924 Illustr.
819 4864 924 4943 Magni
961 4863 1054 4924 Ducis
1086 4863 1246 4925 Hetmriae
1284 4861 1445 4924 Oratorem
1482 4862 1593 4923 dedisti
1629 4861 1736 4922 literas

385 4948 434 5009 ll.
459 4950 534 5011 Dec.
569 4951 663 5029 ipsius
694 4973 839 5014 concessu
872 4952 938 5030 legi.
995 4953 1075 5013 Mira
1106 4972 1153 5012 me
1193 4953 1293 5011 differs
1326 4952 1491 5031 cupiditate
1524 4948 1734 5029 cognoscendi,

380 5040 529 5119 quodnam
555 5050 760 5120 argumentum
785 5043 858 5103 illud
883 5063 919 5104 ex
943 5042 1035 5103 tertia
1059 5051 1111 5102 tna
1128 5042 1340 5102 observatione
1365 5046 1508 5106 extrudis.
1555 5041 1634 5100 Nam
1659 5039 1736 5099 dnae

380 5128 610 5191 observationes
647 5132 863 5210 praecedentes
897 5139 1015 5193 tantum
1043 5130 1158 5192 habent
1190 5130 1343 5207 raritatis,
1385 5139 1419 5193 ut
1449 5135 1485 5196 da
1516 5130 1626 5202 tertia,
1659 5146 1736 5221 quat

1465 5241 1525 5297 30st
