4584 6192
968 575 1131 633 Prooemtum.
1660 579 1723 649 581

369 773 462 838 supra
486 756 682 833 exhibuimus,
707 760 873 841 repetenda
895 777 963 821 esse
987 758 1126 822 videntur
1147 759 1273 839 Kepleri
1295 759 1398 822 verba.
1444 759 1619 840 Alloquitur
1647 761 1726 825 enim

370 865 429 909 nou
453 847 542 908 modo
565 848 700 909 homines
725 869 741 909 e
765 850 882 927 populo,
908 848 958 928 qni
981 849 1042 909 ista
1065 849 1172 911 lecturi
1194 850 1276 923 sint,
1306 849 1360 910 sed
1384 850 1476 911 etiam
1498 852 1725 930 Imperatorem,

370 954 520 997 excusans
544 938 700 1016 angustius
724 938 753 999 in
778 938 879 998 libello
904 956 957 997 suo
982 938 1165 1017 astrologiae
1190 939 1328 999 relictum
1351 938 1492 1018 spatium.
1516 972 1559 983 -

459 1025 494 1085 In
519 1024 718 1104 dijudicandis
741 1026 834 1087 variis
859 1026 1080 1104 astrologorum
1103 1027 1263 1088 sententiis
1279 1027 1397 1089 delatus
1413 1028 1451 1088 ad
1465 1028 1602 1090 Roeslini
1617 1027 1726 1090 medici

369 1112 502 1175 Alsatici
526 1113 703 1190 sententias,
728 1115 807 1175 haud
830 1114 874 1175 ita
897 1133 1006 1193 magna
1029 1115 1122 1177 utitur
1145 1116 1287 1177 comitate
1311 1113 1402 1195 (Cap.
1428 1114 1496 1191 30).
1544 1119 1649 1197 Itaque
1673 1116 1724 1177 ille

370 1223 389 1262 a
412 1202 545 1281 Keplero
569 1203 730 1265 lacessitus
753 1205 916 1282 respondet
939 1223 986 1277 ea,
1011 1204 1117 1284 quibus
1141 1205 1278 1267 acerbius
1307 1205 1471 1267 rescribere
1494 1205 1643 1285 Keplerus
1667 1225 1725 1266 non

369 1298 538 1353 cunctatur.
586 1297 685 1364 (Comp.
704 1299 757 1349 vor.
777 1301 798 1350 1.
815 1317 839 1365 p.
859 1298 910 1351 495
927 1299 973 1362 ss.)

461 1378 537 1459 Cap.
565 1378 606 1443 18
621 1399 686 1460 sqq.
712 1382 777 1460 agit
801 1382 837 1442 de
862 1380 1085 1455 scintillatione,
1110 1381 1246 1455 materia,
1272 1389 1339 1443 ortu
1362 1398 1458 1441 novae
1482 1382 1599 1443 stellae.
1636 1380 1725 1452 Quod

370 1468 484 1529 attinet
507 1468 846 1541 scintillationem,
878 1470 1024 1549 dijudicat
1047 1490 1155 1532 causas
1180 1469 1403 1532 scintillationis
1428 1490 1446 1531 a
1470 1469 1626 1550 Scaligero
1650 1488 1724 1549 pro·

369 1557 504 1635 positas:
529 1566 641 1619 motum
666 1558 794 1630 luminis,
818 1559 939 1632 sideris,
966 1559 1065 1633 aeris3
1099 1559 1269 1621 claritatem
1293 1568 1324 1621 et
1346 1559 1583 1638 magnitudinem
1607 1558 1724 1621 sideris.

368 1646 422 1708 Nil
446 1645 523 1707 certi
547 1647 609 1720 dat,
634 1646 680 1707 his
704 1655 804 1708 autern
829 1646 979 1708 concludit
1003 1647 1118 1708 verbis:
1143 1648 1217 1709 nihil
1235 1648 1406 1727 potuissent
1423 1667 1526 1709 omues
1541 1648 1599 1709 hae
1614 1667 1724 1709 causae

370 1735 561 1813 conjunctae,
585 1736 643 1796 nisi
668 1736 763 1798 lumen
788 1737 886 1816 ipsum
909 1736 936 1796 in
961 1754 1085 1814 corpore
1108 1738 1218 1798 stellae
1241 1746 1322 1797 motu
1346 1737 1395 1798 vel
1418 1737 1574 1798 facultatis
1588 1736 1724 1797 internae

369 1824 419 1883 vel
443 1825 577 1902 corporis
601 1824 694 1903 ipsius
718 1825 896 1886 creberrimo
920 1844 1030 1886 causas
1054 1825 1303 1886 scintillationum
1327 1834 1358 1885 et
1387 1825 1520 1886 colorum
1548 1825 1724 1888 invenisset.

369 1911 418 1971 De
442 1912 599 1973 materia
624 1912 729 1974 dubius
754 1922 818 1974 est:
858 1914 1091 1988 „concludamus
1115 1933 1225 1991 magna
1253 1914 1529 1988 verisimilitudine,
1567 1914 1726 1975 materiam

369 2018 449 2061 novo
472 2000 563 2061 sideri
586 2002 754 2079 praebitam
778 2002 825 2062 vel
849 2003 1007 2082 pinguem,
1037 2021 1112 2081 quae
1138 2003 1247 2081 frigore
1272 2003 1361 2064 fuerit
1383 2003 1523 2078 incensa,
1555 2011 1588 2064 ut
1611 2003 1724 2082 trajec-

370 2089 478 2161 tiones,
505 2090 550 2150 vel
576 2109 711 2169 aqueam,
736 2091 765 2150 in
791 2110 849 2170 qua
871 2111 924 2152 seu
948 2089 1002 2151 Sol
1026 2112 1078 2152 seu
1101 2091 1252 2152 internum
1275 2091 1372 2153 lumen
1395 2092 1579 2155 refulserit.“
1627 2090 1726 2153 Stella

371 2178 449 2238 haec
474 2180 619 2257 quomodo
644 2189 783 2240 exorta
811 2180 863 2252 sit,
889 2180 1025 2241 diversas
1049 2180 1217 2240 sententias
1242 2181 1346 2254 affert3
1380 2189 1536 2260 comparat
1565 2199 1630 2240 eam
1659 2199 1727 2242 cum

371 2284 453 2326 nova
476 2267 568 2327 stella
591 2288 618 2328 a.
648 2266 730 2330 1572
756 2277 918 2348 conspecta
926 2288 935 2342 ;
974 2267 1095 2329 disserit
1119 2269 1155 2328 de
1183 2270 1312 2330 materia
1343 2269 1373 2330 in
1401 2288 1499 2331 rernm
1528 2268 1725 2330 universitate

372 2354 501 2428 diffusa,
528 2375 615 2436 quarn
639 2356 796 2418 mutationi
820 2357 978 2418 obnoxiam
1011 2376 1078 2418 esse
1104 2356 1186 2418 dicit.
1234 2356 1323 2427 Quod
1346 2364 1380 2419 ut
1402 2358 1607 2433 demonstret,
1640 2377 1726 2420 men·

371 2444 487 2505 tionem
520 2445 594 2506 facit
626 2444 707 2507 Solis
745 2445 988 2507 obscurationum
1022 2446 1164 2518 (absente
1196 2446 1316 2521 Luna),
1351 2456 1534 2509 cometarum
1568 2448 1727 2526 eorumque

370 2532 551 2609 caudarum,
586 2535 650 2613 ejus
681 2535 759 2614 quod
791 2536 936 2615 reliquum
970 2544 1018 2597 est
1048 2534 1199 2596 sublustre
1233 2536 1261 2596 in
1295 2535 1368 2596 totis
1392 2535 1473 2597 Solis
1497 2535 1726 2608 defectionibus,

369 2621 476 2682 Lunae
509 2623 539 2683 in
571 2624 722 2685 novilunio
755 2624 838 2684 nulla
870 2624 1037 2685 defectione
1070 2642 1163 2703 prope
1188 2624 1289 2685 Solem
1321 2625 1533 2704 comparentis.
1584 2623 1668 2688 Nihil
1696 2625 1727 2687 in

369 2729 470 2771 rerum
494 2719 602 2773 natura
633 2722 744 2773 temere
775 2713 838 2774 fieri
863 2714 1063 2786 adseverans,
1095 2713 1202 2792 jocans
1231 2714 1332 2775 uroris
1356 2733 1429 2775 suae
1452 2713 1634 2775 sententiam
1658 2714 1726 2775 lau·

371 2798 444 2859 dat:
472 2799 555 2873 ,heri
579 2801 648 2861 dum
673 2802 771 2862 fessus
796 2823 815 2862 a
838 2801 994 2864 scribendo
1025 2801 1182 2881 animoque
1207 2801 1286 2863 intus
1310 2802 1518 2882 pulverulento
1542 2803 1580 2865 ab
1605 2812 1727 2865 atomo·

371 2906 438 2949 rum
463 2888 589 2950 istarum
612 2890 903 2952 considerationibus
929 2891 967 2951 ad
991 2910 1115 2951 coenam
1140 2909 1238 2963 vocor,
1265 2892 1389 2974 apponit
1412 2890 1484 2953 mihi
1500 2911 1537 2953 ea
1551 2910 1639 2972 quam
1654 2890 1726 2975 dixi,

371 2975 546 3038 acetarium.
593 2977 694 3057 Ergo,
728 2979 849 3058 inquam
880 2998 954 3058 ego,
988 2977 1015 3040 si
1048 2986 1112 3039 toto
1146 2984 1216 3039 aere
1241 2982 1394 3041 confertae
1420 2980 1581 3043 volitarent
1604 2982 1727 3060 patinae

370 3076 535 3141 stanncae,
568 3066 641 3127 folia
674 3068 826 3143 lactucae,
856 3069 950 3129 micae
980 3068 1068 3138 salis,
1098 3075 1205 3145 guttae
1233 3088 1345 3148 aquae,
1376 3067 1473 3142 aceti,
1503 3069 1576 3144 olei,
1607 3087 1728 3130 ovorum

370 3155 525 3228 decusses,
551 3156 638 3235 idque
664 3157 701 3218 ab
726 3165 848 3217 aeterno
873 3158 968 3231 duret,
994 3157 1125 3217 futurum
1150 3165 1198 3218 est
1220 3156 1341 3220 tandem
1357 3157 1527 3239 aliquando,
1552 3163 1586 3219 ut
1605 3157 1727 3220 fortuito

370 3243 435 3304 tale
460 3252 548 3304 coeat
571 3246 758 3307 acetarium?
782 3247 938 3325 respondit
960 3245 1040 3307 bella
1064 3264 1147 3307 mea:
1172 3246 1224 3307 sed
1249 3266 1306 3307 non
1330 3247 1387 3308 hoc
1412 3247 1528 3316 decore,
1552 3265 1647 3327 neque
1671 3247 1728 3309 hoc

369 3331 485 3393 ordine.
533 3334 628 3395 Miser
651 3354 726 3412 ego,
752 3334 823 3413 quid
846 3335 983 3396 afferrem
1008 3335 1046 3397 ad
1070 3334 1240 3397 sententiae
1264 3354 1349 3397 meae
1374 3335 1602 3397 defensionem?
1649 3335 1729 3397 Visa

369 3429 421 3481 est
444 3420 619 3484 verisimilia
642 3422 769 3484 dicere.“

462 3509 627 3589 Postquam
651 3531 753 3574 omues
777 3513 906 3574 omnium
931 3513 992 3573 fere
1016 3512 1185 3573 sententias
1209 3513 1324 3588 retulit,
1350 3512 1540 3591 dijudicavit,
1565 3512 1728 3591 redarguit,

373 3597 449 3660 nihil
475 3598 502 3659 ei
526 3601 670 3680 reliquum
695 3612 761 3674 est,
795 3602 911 3663 nisiut
898 3609 1031 3663 trorum
1056 3601 1200 3680 ejusmodi
1229 3600 1404 3662 coelestium
1437 3620 1545 3663 causas
1569 3600 1729 3662 humanam

372 3696 506 3749 mentem
530 3709 679 3771 nunquam
708 3699 927 3760 assecuturam,
959 3690 1161 3770 infinitamque
1185 3689 1242 3750 Dei
1276 3690 1455 3770 sapientiam
1489 3687 1568 3750 omni
1600 3690 1730 3812 humana

372 3778 493 3838 ratione
517 3796 584 3838 esse
609 3779 793 3859 superiorem
816 3788 963 3856 agnoscat
986 3786 1017 3840 ct
1040 3778 1226 3857 profiteatur.

464 3865 565 3945 Magis
595 3867 633 3927 ad
667 3867 884 3929 astronomiam
917 3875 1058 3947 spectant
1088 3865 1164 3946 Cap.
1195 3866 1394 3929 XI-XVII.
1427 3862 1502 3942 Cap.
1524 3863 1582 3926 XI.
1607 3808 1731 3944 inquirit

373 3962 497 4034 tempus
521 3975 617 4017 novae
650 3956 868 4036 conjunctionis
892 3957 1090 4058 planetarum.
1132 3956 1236 4033 Aegre
1265 3954 1325 4016 fert
1352 3953 1579 4016 observationes
1609 3952 1730 4017 minime

372 4051 533 4105 accuratas
567 4053 820 4120 astronomorum,
855 4046 903 4124 qui
936 4046 1016 4105 intra
1042 4042 1081 4105 13
1105 4051 1187 4106 totos
1218 4044 1282 4105 dies
1315 4063 1372 4105 non
1402 4041 1602 4105 consentiant
1649 4041 1730 4106 Suas

370 4132 467 4212 igitur
491 4134 580 4195 affert
602 4135 840 4206 observationes,
865 4134 941 4194 satis
966 4132 1126 4213 diligenter
1151 4128 1730 4195 institutasdiebus15-18.Dece1n·

371 4220 438 4282 bris
462 4241 489 4283 v.
513 4231 552 4282 st.
579 4222 647 4283 anui
675 4218 772 4296 1603,
802 4242 817 4281 e
843 4221 947 4301 quibus
976 4229 1131 4301 computat
1159 4229 1278 4300 tempus
1307 4219 1526 4300 conjunctionis
1550 4218 1676 4285 Saturni
1699 4229 1731 4285 et

371 4310 462 4372 Jovis
486 4330 513 4372 c.
537 4310 692 4372 meridiem
724 4313 754 4373 7.
783 4309 831 4372 17.
856 4311 929 4371 Dec.
957 4307 1062 4383 1603;
1096 4309 1184 4371 Jovis
1208 4318 1240 4370 et
1269 4308 1411 4371 Mercurii
1441 4309 1470 4370 d.
1498 4305 1549 4371 13.
1575 4306 1628 4372 23.
1653 4311 1728 4374 Dec.

370 4400 493 4477 vesperi
517 4401 592 4461 hora
615 4394 700 4483 fi'l2;
735 4399 860 4461 Saturni
885 4408 916 4459 et
937 4398 1079 4460 Mercurii
1110 4400 1138 4459 d.
1168 4395 1217 4460 12.
1244 4395 1297 4460 22.
1322 4398 1396 4460 Dec.
1424 4415 1509 4475 vesp.
1541 4397 1569 4460 h.
1595 4397 1633 4472 7;
1666 4399 1728 4461 Sa-

370 4488 454 4549 turni
494 4498 526 4549 et
552 4489 663 4550 Martis
699 4484 749 4550 16.
774 4485 826 4550 26.
857 4486 943 4568 Sept.
977 4486 1096 4567 vesperi
1123 4495 1194 4566 post
1225 4487 1329 4548 horam
1359 4484 1398 4559 83
1434 4484 1522 4546 Jovis
1554 4493 1586 4547 et
1617 4487 1728 4549 Martis

371 4573 428 4641 29.
453 4574 538 4657 Sept.
569 4573 598 4640 9.
624 4575 695 4639 Oct.
726 4578 799 4638 hora
822 4596 881 4637 una
904 4583 974 4638 ante
998 4575 1161 4637 meridiem.
1209 4574 1446 4637 Observationes
1478 4592 1574 4636 novae
1608 4575 1726 4649 stellae,

371 4685 450 4746 quas
473 4666 538 4745 ipse
556 4665 740 4734 instituerat,
764 4673 902 4727 recenset
920 4666 1068 4744 Keplerus
1084 4662 1160 4744 Cap.
1175 4664 1392 4737 XII-XIV.;
1417 4661 1538 4725 exhibet
1559 4663 1627 4725 loca
1649 4665 1727 4726 stel-

371 4756 471 4816 larum
495 4755 680 4835 quarundam
703 4755 828 4815 fixarum
852 4754 882 4814 in
906 4753 1117 4833 serpentaria,
1141 4751 1291 4831 Serpente
1315 4760 1346 4813 et
1368 4749 1552 4829 Scorpione,
1583 4770 1638 4812 nec
1664 4772 1728 4815 non

371 4843 460 4905 addit
482 4843 619 4906 tabulam
644 4862 659 4904 e
684 4861 786 4921 cupro,
810 4843 971 4903 earundem
995 4842 1258 4903 constellationum
1280 4839 1443 4920 imaginem
1466 4838 1661 4915 referentem,
1692 4850 1729 4903 ut

372 4952 463 5014 quam
487 4931 655 4995 certissime
679 4951 767 4993 verns
791 4932 874 4994 locus
897 4948 993 4993 novae
1017 4931 1125 4992 stellae
1150 4938 1360 5009 cognoscatur.
1398 4925 1569 4991 Distantias
1594 4929 1728 5009 ejusdem

370 5043 391 5084 a
414 5021 617 5103 compluribus
641 5020 739 5084 stellis
763 5019 991 5083 notabilioribus
1016 5018 1178 5093 dimensus,
1202 5018 1303 5097 prodit
1325 5016 1434 5079 stellae
1457 5035 1554 5081 novae
1569 5019 1726 5081 ascensio

370 5130 442 5174 nem
465 5119 580 5175 rectam
603 5107 686 5175 2560
707 5106 771 5186 47’,
797 5110 1027 5173 declinationem
1050 5107 1214 5171 australem
1237 5102 1298 5170 21ο
1324 5105 1353 5169 l‘
1377 5102 1451 5171 30“.
