4584 6192
545 593 610 662 208
1014 592 1205 654 Paralipomens
1223 594 1248 641 in
1268 591 1434 641 vitellianum.

1075 804 1105 817 ..
1249 802 1260 815 ,
1413 801 1419 813 ,
1544 800 1586 821 ψ,
1707 760 1895 815 ,lucrosa

545 816 698 887 receptam
731 807 969 885 geographorum
1002 806 1212 874 traditrauem,
1246 801 1332 866 0578
1366 801 1494 889 altitudo
1524 821 1603 863 aeras
1644 802 1730 861 dabrt
1762 833 1903 901 {mm
1929 892 1935 898 .

545 932 693 993 milliaria.
736 931 801 991 Hac
826 938 881 1002 est,
907 930 936 989 in
962 948 1030 989 arce
1047 927 1247 1004 Uraniburga,
1273 926 1320 986 ubi
1345 926 1541 1006 capiebantur
1564 925 1794 986 observationes
1817 925 1902 985 side-

545 1039 619 1094 rum,
644 1020 773 1081 altitudo
798 1017 877 1078 aeris
903 1018 960 1078 fuit
982 1016 1095 1077 dimidii
1120 1015 1258 1075 milliaris
1285 1014 1466 1086 Germanici,
1492 1034 1549 1074 nun
1574 1013 1679 1092 major.

633 1108 691 1170 llic
717 1107 920 1168 admonendus
946 1114 1028 1166 esset
1053 1106 1147 1165 lectar
1171 1115 1203 1163 et
1227 1105 1292 1182 ejus
1317 1103 1560 1171 concertationis,
1586 1123 1661 1181 quae
1678 1102 1814 1183 Tychaui
1837 1120 1905 1162 cum

546 1197 738 1259 Rothmanno
763 1197 820 1257 fuit
850 1195 885 1256 de
919 1194 1092 1255 substantia
1123 1194 1202 1253 atris
1236 1203 1268 1253 et
1299 1193 1431 1253 aetheris
1465 1192 1493 1252 in
1528 1202 1608 1252 torno
1636 1193 1662 1253 1.
1686 1190 1903 1269 Epistularum,

546 1306 635 1366 quam
660 1286 761 1366 Tycha
787 1284 938 1344 concludit
962 1284 1013 1343 lul.
1039 1279 1092 1345 92.
1116 1283 1429 1361 Progyrnnasrnatum.
1472 1280 1620 1340 Dixerunt
1639 1280 1853 1341 Rothmannus
1873 1289 1905 1339 et

546 1376 640 1449 Pena,
665 1395 683 1434 a
707 1374 802 1434 Terra
826 1373 864 1432 ad
888 1373 1003 1433 caelum
1028 1371 1099 1431 nihil
1134 1390 1201 1430 essa
1231 1368 1286 1430 uisi
1321 1376 1430 1442 adrem,
1464 1376 1589 1447 excepta
1619 1369 1747 1448 paucula
1780 1386 1904 1447 vapore.

547 1463 648 1544 Tycha
673 1481 821 1523 unacum
845 1461 906 1521 illis
931 1461 1029 1538 ignem
1054 1459 1283 1519 Aristotelicum
1309 1458 1482 1532 eliminavit,
1517 1475 1645 1535 vapores
1675 1458 1755 1518 circa
1779 1458 1904 1518 Terram

547 1553 684 1613 diversas
709 1551 747 1611 ab
771 1558 841 1611 abre
865 1549 1009 1627 agnovit:
1044 1549 1097 1609 sed
1122 1554 1222 1608 adrem
1247 1548 1285 1607 ad
1310 1545 1438 1607 confinia
1462 1547 1565 1607 Lunae
1585 1546 1772 1625 prorogavit,
1804 1546 1904 1625 ibique

548 1641 625 1702 dixit
649 1641 731 1700 illurn
753 1638 903 1718 paulatim
926 1639 956 1699 in
991 1637 1145 1697 aetherem
1174 1636 1321 1698 desinere.
1376 1636 1442 1712 Ego
1477 1636 1522 1696 his
1555 1635 1768 1714 experimentis
1806 1643 1906 1695 matus

548 1728 675 1790 medium
701 1738 799 1788 teneo.
848 1726 990 1797 Primum,
1023 1726 1101 1804 quad
1135 1744 1276 1803 vaporem
1305 1725 1454 1797 dixerunt,
1489 1724 1556 1785 dico
1585 1742 1641 1802 ego
1671 1731 1791 1797 adrem;
1821 1723 1904 1785 illum

548 1817 673 1878 termino
698 1835 763 1878 cum
789 1815 920 1895 fastigiis
944 1815 1109 1876 montium:
1135 1832 1226 1892 supra
1249 1814 1420 1874 consistunt
1444 1815 1577 1874 fumosae
1602 1812 1811 1875 exhalationes
1835 1830 1905 1874 cre·

546 1906 736 1985 pusculornm
762 1906 925 1984 lampades,
950 1903 1115 1982 statimque
1141 1902 1246 1963 aether
1270 1902 1413 1965 succedit.

595 2120 623 2179 7.
668 2114 938 2178 Consideratia
963 2135 1099 2186 aarum,
1131 2134 1220 2193 quae
1245 2114 1407 2175 Vitellio
1432 2116 1473 2174 de
1497 2114 1793 2175 retractionibus
1817 2113 1861 2173 ad

883 2204 1150 2264 astronomiam
1175 2203 1398 2264 necessaria
1421 2202 1569 2264 monuit.

638 2363 695 2425 Hic
724 2362 788 2441 jam
822 2371 940 2440 tempus
976 2371 1077 2434 esset,
1112 2372 1144 2423 ut
1177 2362 1411 2441 propositionem
1443 2360 1496 2426 lu.
1526 2361 1633 2423 decimi
1667 2359 1841 2420 Vitellianis
1875 2367 1908 2419 et

550 2461 710 2533 sequentes
742 2469 897 2529 pollerem,
934 2450 990 2511 nisi
1024 2460 1126 2511 assent
1159 2453 1197 2510 ab
1231 2452 1297 2529 ipso
1327 2450 1492 2512 Vitellians
1522 2454 1585 2529 jam
1615 2448 1692 2510 satis
1725 2448 1906 2520 inculcatae,

554 2559 665 2620 nempe
694 2556 779 2619 prop.
800 2535 853 2601 49.
879 2542 967 2599 docet
990 2540 1214 2618 experimentis,
1241 2538 1376 2599 accidere
1400 2540 1478 2600 inter
1501 2539 1729 2601 observationes
1752 2537 1907 2599 stellarum

550 2628 763 2692 refractionem
791 2626 922 2688 luminis.
969 2625 1051 2687 Idem
1081 2628 1183 2708 Tycha
1212 2628 1312 2688 Brahe
1341 2628 1584 2707 exquisitissimis
1618 2626 1758 2707 probavit
1790 2627 1913 2687 instra--

550 2717 671 2779 mentis.
719 2715 798 2775 Vide
822 2716 922 2775 varios
947 2716 1051 2777 modas
1076 2717 1125 2778 lal.
1149 2715 1198 2779 15.
1224 2726 1519 2796 progymnasmatum
1544 2716 1694 2797 Tychonis
1719 2724 1751 2776 et
1775 2715 1827 2776 lal.
1852 2710 1907 2779 93.

550 2807 635 2869 Idem
659 2804 723 2877 alii,
754 2803 872 2883 dequo
900 2804 988 2865 infra.
1035 2804 1077 2865 Et
1107 2805 1225 2885 quidem
1255 2824 1308 2883 per
1336 2805 1470 2866 armillas
1499 2807 1567 2885 pola
1599 2806 1717 2866 elevata
1747 2803 1907 2865 viciniores

551 2903 699 2975 apparent
723 2891 831 2952 stellae
846 2892 926 2952 circa
950 2893 1144 2965 horizontem,
1170 2913 1257 2973 quarn
1278 2894 1307 2953 in
1323 2893 1507 2955 meridiano:
1532 2895 1638 2973 hicque
1658 2892 1764 2954 modus
1783 2891 1907 2971 experi-

550 2980 703 3046 mentandi
729 2981 822 3042 banus
848 2990 896 3042 est
920 2992 951 3042 et
975 3003 993 3041 a
1017 2982 1134 3042 Brahea
1160 2982 1238 3043 inter
1261 2991 1378 3043 ceteros
1402 2993 1571 3061 usurpatus.
1615 2980 1760 3052 Quamvis
1783 2981 1908 3042 credere

550 3091 608 3134 nan
633 3071 742 3150 potuit,
766 3070 820 3130 illa
843 3076 945 3131 aetate
970 3070 1169 3131 aVitellione
1194 3070 1326 3150 legitime
1351 3071 1591 3133 administratura
1615 3079 1669 3132 aut
1692 3070 1730 3131 ab
1749 3070 1907 3131 Alhazeno

551 3161 620 3235 (sal.
644 3156 695 3222 91.
721 3160 1048 3238 l’rugymnasmatum).
1097 3157 1186 3228 Quod
1210 3178 1280 3220 vcra
1306 3159 1432 3220 Vitellia
1457 3161 1542 3221 addit
1564 3160 1684 3221 madum
1711 3160 1850 3232 alterurn,
1875 3165 1909 3217 ut

552 3256 741 3327 computetur
769 3246 852 3307 locus
876 3248 980 3308 Lunae
1010 3258 1040 3308 ct
1068 3250 1241 3309 conferatur
1268 3266 1334 3312 cum
1363 3247 1588 3321 observatione,
1612 3248 1776 3330 ¹splendida
1804 3246 1910 3308 fabula

552 3345 600 3399 est
622 3356 660 3396 ex
683 3336 735 3395 illa
759 3335 878 3413 quidem
893 3336 1068 3397 Vitellianis
1089 3345 1201 3397 aetate.
1239 3337 1307 3398 lVan
1329 3336 1449 3397 dubium
1469 3338 1597 3416 quidem,
1623 3337 1692 3417 quin
1707 3335 1787 3396 idern
1805 3336 1908 3397 Lunae

552 3424 670 3487 accidat
694 3422 772 3502 quod
796 3422 944 3485 sideribus
968 3425 1086 3486 ceteris.
1126 3425 1170 3485 At
1189 3433 1277 3484 tanta
1298 3424 1354 3485 luit
1377 3424 1556 3487 incertitudo
1580 3425 1780 3505 parallaxium
1804 3430 1907 3485 motu-

552 3531 658 3592 umque
674 3512 778 3573 Lunae
797 3511 968 3586 mediorum,
994 3522 1028 3573 ut
1047 3531 1138 3591 saepe
1158 3513 1590 3575 contrariumretractionibus
1609 3514 1745 3575 accidere
1764 3512 1908 3591 potuerit,

552 3602 644 3663 etiam
668 3601 697 3659 in
722 3599 786 3678 ipsa
811 3599 975 3675 horizonte,
1002 3602 1049 3662 ubi
1073 3601 1215 3663 refractia
1240 3611 1307 3662 erat
1331 3602 1472 3663 maxima.

641 3689 690 3750 Ita
712 3688 769 3749 huc
799 3689 930 3769 pertinet
959 3699 991 3750 at
1014 3691 1053 3763 X,
1079 3687 1132 3753 50.
1158 3689 1349 3764 vitellianis,
1380 3692 1532 3752 aetherem
1562 3709 1629 3752 esse
1658 3691 1803 3751 rariorem
1826 3695 1908 3761 atine,

477 3813 487 3824 =
553 3782 664 3841 frustra
688 3778 873 3838 reclamante
896 3777 1106 3847 Rothmanno,
1131 3779 1181 3857 qui
1206 3779 1413 3839 diversitatem
1438 3781 1570 3858 negabat
1593 3788 1624 3840 et
1647 3780 1767 3858 culpam
1791 3778 1907 3840 refrac-

552 3868 644 3930 tianis
669 3867 698 3926 in
724 3866 863 3927 lbrtnitas
887 3885 1015 3944 vapores
1040 3867 1228 3940 conferebat,
1255 3868 1303 3946 qui
1327 3887 1385 3928 nou
1418 3876 1555 3947 tegerent
1578 3869 1681 3947 capita
1705 3875 1817 3929 nostra
1864 3868 1908 3928 At

552 3957 674 4030 erravit,
696 3974 753 4015 nan
774 3954 1025 4031 animadvertens,
1043 3957 1121 4037 quad
1140 3955 1207 4033 ipsa
1221 3956 1434 4018 refractionurn
1450 3977 1542 4018 causa
1562 3957 1753 4018 insensibiles
1771 3963 1910 4035 praestet

553 4048 581 4107 in
605 4063 715 4123 magna
739 4042 909 4104 altitudine.
957 4044 1042 4107 Hanc
1067 4054 1168 4106 autem
1193 4044 1317 4106 Vitellia
1350 4046 1585 4125 propositionem
1617 4045 1750 4123 legitime
1782 4044 1908 4105 deman-

553 4143 632 4195 strat
661 4153 698 4192 ex
728 4151 781 4205 eo,
815 4131 891 4210 quud
925 4132 1053 4194 altitudo
1086 4133 1242 4194 stellarum
1276 4152 1333 4194 nan
1367 4134 1460 4195 minor
1493 4135 1546 4194 sed
1578 4135 1672 4212 major
1699 4135 1785 4213 justa
1819 4151 1910 4211 supra

552 4221 738 4283 horizontem
762 4230 916 4299 appareat.
1963 4219 1965 4221 ’

641 4306 711 4368 Jarn
742 4328 826 4387 prop.
856 4307 908 4371 51.
942 4308 1021 4387 quod
1054 4308 1218 4368 distantiae
1252 4310 1407 4370 stellarum
1442 4312 1469 4371 iu
1502 4311 1602 4372 zeuith
1635 4310 1745 4388 capitis
1778 4312 1910 4371 minares

550 4400 634 4478 Justo
658 4396 829 4471 videantur,
855 4416 956 4458 verum
980 4396 1099 4475 quidem
1122 4405 1187 4468 est,
1216 4399 1271 4458 sed
1295 4399 1432 4477 quicquid
1457 4400 1543 4479 hujus
1570 4406 1627 4470 est,
1650 4398 1826 4460 insensibile
1851 4408 1909 4461 est.

554 4488 632 4548 Nam
657 4493 689 4546 et
712 4486 908 4546 retractiones
932 4486 962 4545 in
988 4485 1099 4545 vertice
1124 4504 1176 4563 per
1201 4484 1232 4550 9.
1258 4486 1345 4564 hujus
1370 4488 1479 4566 capitis
1504 4496 1574 4549 sunt
1600 4487 1802 4549 insensibiles.
1839 4486 1841 4490 ’

643 4572 693 4634 Sic
732 4575 823 4635 etiam
865 4572 1067 4652 propositione
1108 4571 1159 4637 52.
1201 4576 1277 4654 quad
1317 4576 1480 4637 distantiae
1519 4577 1647 4637 siderum
1688 4576 1823 4638 binarum
1862 4578 1911 4637 vel

554 4666 712 4735 diametri,
747 4682 812 4723 cum
837 4674 908 4723 sunt
932 4662 1075 4724 horizonti
1101 4664 1266 4741 parallelae
1290 4667 1371 4724 etei
1396 4665 1532 4737 vicinae,
1568 4665 1696 4725 minares
1730 4675 1911 4744 appareant,

553 4773 642 4835 quarn
666 4752 779 4813 sintin
805 4752 846 4812 rei
871 4751 1008 4824 veritate,
1034 4771 1149 4812 rursum
1175 4771 1276 4812 verum
1300 4754 1419 4831 quidem
1440 4764 1507 4828 est;
1532 4756 1585 4815 sad
1608 4755 1698 4833 plane
1723 4753 1911 4827 insensibile,

554 4843 611 4905 nisi
644 4841 753 4903 stellae
788 4839 974 4900 semicirculo
998 4841 1046 4900 vel
1078 4841 1169 4918 paula
1200 4840 1296 4900 minus
1329 4841 1453 4903 distent.
1501 4841 1550 4903 Sit
1573 4849 1640 4916 (rig.
1660 4847 1706 4911 72)
1730 4843 1787 4904 ΑΒ
1810 4842 1913 4921 partio

553 4930 733 5002 horizontis,
761 4925 784 4988 C
809 4936 928 4997 vertex,
955 4925 1021 5002 CA,
1048 4926 1099 4988 CB
1124 4928 1326 5006 quadrantes,
1352 4939 1382 4991 et
1405 4930 1544 4993 rideatur
1567 4932 1674 5010 Aper
1698 4932 1913 4994 retractionem

553 5021 583 5080 in
608 5019 645 5092 D,
670 5018 695 5078 B
722 5034 793 5076 vera
819 5015 846 5075 in
866 5015 902 5089 E,
928 5017 970 5076 sic
996 5025 1028 5077 ut
1051 5015 1196 5099 distantia
1219 5017 1274 5076 AB
1300 5018 1437 5080 videatur
1461 5039 1528 5080 esse
1548 5020 1612 5093 DE,
1638 5018 1697 5079 erit
1720 5020 1841 5100 quidem
1856 5018 1913 5080 DE

554 5108 650 5168 minor
681 5123 768 5186 qnam
793 5105 865 5178 AB,
900 5104 954 5166 sed
979 5104 1049 5183 quia
1079 5122 1167 5165 arens
1192 5104 1266 5178 AD,
1292 5105 1345 5166 ΒΕ
1370 5125 1428 5168 nan
1462 5117 1606 5183 superant
1629 5104 1694 5179 34‘,
1726 5110 1914 5170 adsensum
