4584 6192
1078 558 1161 627 caput
1179 554 1199 614 1.
1753 545 1816 619 139

550 728 669 797 Contra
692 734 807 799 tmtina
825 737 868 800 sit
885 736 942 800 ΔΕ
966 748 1032 814 (1³¹3.
1052 745 1099 809 te)
1123 740 1247 802 iut’erius
1272 753 1303 800 et
1325 758 1442 810 eversa,
1466 736 1582 814 virgula
1606 734 1662 800 CD
1685 741 1820 796 centrum

462 821 578 885 habens
597 842 638 884 ex
657 821 791 887 Cardani
810 836 842 888 et
862 825 1045 892 Guidubaldi
1066 828 1281 909 imaginatione
1296 830 1325 890 iu
1341 829 1371 891 A
1387 829 1444 889 fine
1465 825 1606 898 trutinae,
1624 833 1657 887 et
1671 822 1739 895 CA,
1761 822 1821 885 AD

463 911 734 991 aequiponderare.
780 915 857 978 Dico
873 936 996 995 rursum
1029 917 1193 980 redituram
1223 918 1370 998 virgulam
1395 917 1434 977 ad
1465 915 1682 995 aequilibrium.
1730 912 1820 983 Quod

463 999 489 1062 si
501 999 539 1062 de
554 1000 613 1062 boc
632 1002 695 1063 situ
719 1004 884 1066 affirmavit
896 1005 1091 1081 Aristoteles,
1116 1027 1237 1069 manere
1262 1007 1410 1084 virgulam
1429 1004 1485 1067 OD
1509 1006 1604 1067 semel
1636 1001 1819 1073 inclinatam,

465 1090 620 1152 fatendum
654 1092 772 1154 omnino
805 1094 863 1155 erit
897 1094 1013 1174 lapsum
1047 1116 1114 1158 esse
1149 1096 1349 1176 experiundo:
1384 1094 1522 1175 quamvis
1553 1094 1609 1155 boc
1643 1092 1753 1153 laisum
1784 1088 1822 1149 de

466 1186 592 1258 utroque
611 1179 673 1240 situ
697 1181 754 1243 sibi
779 1183 1043 1247 demonstrandum
1059 1182 1271 1247 Gnidubaldus
1295 1184 1445 1245 sumserit.
1482 1182 1544 1244 Sed
1558 1181 1683 1244 videant
1702 1176 1821 1249 eruditi,

464 1267 617 1328 nullamne
640 1266 923 1348 interpretationem
948 1273 1112 1335 admittant
1135 1275 1228 1336 verba
1251 1272 1440 1353 philosophi:
1466 1270 1602 1351 suspicor
1625 1270 1703 1331 enirn
1727 1284 1821 1347 quse·

466 1356 542 1418 sisae
567 1363 752 1419 coaetaneos
776 1360 954 1423 Aristotelis
977 1362 1079 1442 aliqua
1103 1363 1130 1424 iu
1157 1363 1233 1425 libra
1256 1361 1447 1441 compendia,
1481 1362 1591 1423 inflexa
1613 1357 1732 1437 virgula
1755 1364 1822 1417 tru-

467 1444 589 1524 tinaque
615 1446 645 1508 iu
669 1448 767 1509 medio
792 1469 879 1512 arcus
902 1451 1077 1524 infibulata3
1102 1470 1159 1532 quo
1183 1461 1273 1531 pacto
1296 1452 1344 1513 rel
1368 1450 1540 1529 dependens
1565 1469 1584 1509 a
1607 1447 1722 1509 trutina
1746 1443 1824 1506 libra

466 1534 514 1595 rel
538 1533 717 1597 incumbens
746 1537 789 1599 illi
818 1538 883 1616 jam
916 1540 1038 1602 inferior
1065 1542 1129 1620 jam
1160 1542 1294 1620 superior
1325 1539 1440 1601 censeri
1470 1538 1586 1619 possit,
1620 1542 1710 1615 prout
1733 1551 1823 1595 arcus

469 1641 586 1684 sursum
610 1625 711 1703 vergit
733 1627 782 1687 rel
805 1629 953 1690 deorsum.
992 1630 1033 1690 Et
1052 1640 1114 1692 turu
1139 1630 1165 1691 si
1189 1637 1324 1691 centrum
1349 1627 1482 1706 virgulae
1501 1627 1556 1688 boc
1576 1626 1663 1686 modo
1686 1620 1824 1703 superius

470 1711 511 1773 sit
534 1712 668 1781 trutina,
687 1714 749 1776 lieri
773 1718 906 1779 concedo
926 1719 1003 1797 quod
1028 1719 1144 1798 quaerit
1159 1719 1353 1781 Aristoteles.
1393 1714 1496 1779 Causa
1519 1714 1597 1776 euim
1619 1732 1694 1793 pene
1718 1710 1824 1772 eadem

472 1808 516 1862 eet
539 1819 609 1863 cum
632 1802 686 1864 illa
710 1821 785 1883 quae
810 1806 920 1879 elficit,
955 1826 1012 1886 quo
1037 1807 1133 1868 miuus
1166 1827 1258 1870 conus
1291 1807 1400 1885 angulo
1434 1806 1577 1868 insistens
1601 1810 1741 1874 maneat,
1771 1798 1823 1861 sed

472 1898 645 1951 evertatur:
672 1893 721 1972 qui
746 1902 845 1955 tamen
870 1905 973 1958 manet
997 1897 1034 1958 ab
1060 1898 1169 1975 angulo
1193 1915 1354 1976 appensus.

556 1979 660 2042 Natus
684 1994 783 2044 autem
808 1993 857 2045 est
879 2003 961 2046 error
977 1982 1168 2047 Guidubaldn
1184 2004 1220 2046 ex
1237 1986 1313 2046 t'also
1337 1983 1499 2063 principio:
1526 1979 1687 2042 deliniebat
1710 1994 1825 2055 aeque-

472 2068 680 2145 peuderautia,
705 2089 782 2150 quae
805 2084 962 2135 manerent
985 2074 1250 2155 quomodocunque
1274 2074 1509 2146 collocarentur,
1538 2070 1626 2131 modo
1650 2065 1826 2146 aequalibus

474 2165 617 2221 acentro
642 2158 738 2221 lineis.

558 2246 624 2309 Sed
647 2249 770 2329 propius
795 2250 833 2310 ad
858 2268 919 2311 rem
944 2252 1108 2312 veniamus.
1155 2250 1240 2313 Dicit
1262 2270 1300 2311 ex
1323 2248 1492 2311 Aristotele
1511 2244 1680 2317 Cardenus,
1704 2242 1827 2323 gravius

476 2352 535 2396 esse
561 2334 621 2401 CA
644 2346 711 2411 (rig.
731 2343 778 2408 tt)
802 2357 868 2400 cum
902 2349 950 2401 est
981 2340 1092 2407 altius.
1123 2340 1233 2419 angulo
1266 2339 1330 2400 scil.
1362 2339 1474 2399 minore
1503 2333 1607 2408 OAB,
1636 2332 1732 2395 levius
1755 2349 1828 2392 rere
1894 2355 1904 2369 ·

460 2422 528 2485 AD
563 2445 633 2489 cum
668 2436 717 2489 est
751 2427 908 2496 humilius,
943 2430 1053 2508 angulo
1084 2428 1149 2490 scil.
1182 2429 1295 2507 majore
1319 2426 1425 2499 BAD,
1459 2434 1491 2487 et
1513 2424 1570 2486 boc
1594 2420 1828 2485 demonstrando

478 2512 599 2576 titubat.
649 2516 774 2580 Summa
798 2536 832 2576 eo
857 2516 950 2590 redit,
985 2517 1111 2596 angulus
1135 2518 1247 2579 addere
1281 2515 1424 2594 gravitati
1456 2515 1673 2576 armamentum
1697 2529 1735 2572 ex
1761 2528 1829 2571 me·

480 2600 630 2667 cbanicis:
655 2625 725 2667 nam
749 2604 834 2667 CAB
858 2616 964 2667 acutus
989 2616 1045 2675 eet,
1069 2608 1153 2685 cujus
1177 2625 1263 2667 crura
1287 2625 1306 2665 a
1328 2604 1460 2685 pondere
1484 2603 1513 2663 iu
1538 2600 1563 2664 C
1589 2599 1707 2662 facilius
1729 2598 1829 2660 divel-

479 2688 581 2765 lmtur,
608 2713 699 2775 quam
723 2695 811 2756 Bau
834 2694 933 2755 obtusi
958 2714 1044 2757 cmra
1067 2696 1239 2774 spondere
1264 2695 1291 2755 iu
1312 2695 1350 2767 D,
1374 2692 1468 2755 vincit
1491 2691 1581 2770 igitur
1604 2689 1677 2750 illud
1699 2688 1829 2768 pondus.

479 2776 585 2843 i'erum
611 2783 638 2844 si
663 2784 793 2863 genuina
817 2802 911 2844 causa
935 2794 1027 2856 esset,
1052 2784 1177 2845 effectus
1201 2783 1370 2862 analogiam
1395 2801 1505 2842 causae
1529 2787 1705 2860 sequeretur
1728 2785 1831 2839 esset·

481 2885 529 2945 que
553 2872 663 2935 eudem
689 2873 853 2953 ponderum
877 2872 905 2932 in
930 2873 1076 2935 inclinata
1095 2872 1171 2934 libra
1194 2872 1357 2952 proportio,
1383 2889 1458 2951 quae
1482 2871 1668 2948 angulumm.
1707 2867 1752 2929 At
1774 2866 1830 2925 hoe

482 2955 582 3021 ubam
615 2970 675 3022 est.
722 2961 825 3023 Aliam
859 2961 960 3040 itaque
993 2981 1113 3023 causam
1147 2962 1262 3024 eminus
1290 2960 1377 3023 nobis
1405 2958 1539 3021 ostendit
1562 2957 1741 3030 Cardenus,
1775 2954 1829 3015 sed

483 3044 762 3112 demonstrationem
791 3069 849 3110 non
884 3051 1025 3129 expedit:
1060 3048 1225 3122 Quamvis,
1258 3050 1372 3129 iuquit,
1405 3047 1429 3111 C
1459 3067 1550 3128 grave
1583 3055 1631 3108 est
1663 3052 1831 3123 naturaque

484 3143 576 3213 aptum
602 3138 673 3200 lerri
698 3142 737 3201 ad
753 3139 864 3199 Terrae
889 3150 1022 3200 centrum
1047 3159 1135 3219 quam
1159 3139 1292 3219 proxime
1312 3158 1366 3218 per
1381 3136 1436 3199 AC
1460 3135 1686 3215 amplitudinem
1709 3137 1850 3213 potest:¹

486 3229 575 3287 umen
601 3246 661 3288 nou
687 3228 844 3289 descendit
867 3229 947 3289 ultra
972 3229 1196 3307 aequilibrium,
1225 3228 1296 3307 quia
1320 3227 1377 3289 AD
1411 3226 1641 3305 aequipondium
1675 3228 1833 3302 cogeretur

487 3322 582 3376 eontra
606 3324 747 3378 naturam
772 3317 944 3378 ascendere.
983 3319 1032 3378 lta
1055 3317 1231 3396 principium
1257 3317 1377 3396 petitur.
1420 3316 1493 3387 luto,
1519 3313 1667 3385 Gardane,
1693 3330 1751 3372 uon
1775 3310 1832 3372 hoc

488 3409 591 3466 tautum
618 3424 747 3486 quaero,
782 3407 835 3467 sed
865 3405 977 3485 aliquid
1012 3406 1160 3485 amplius:
1193 3406 1219 3466 si
1244 3405 1362 3467 omnino
1387 3403 1464 3483 quod
1498 3403 1620 3482 gravius
1651 3408 1700 3462 eet
1727 3406 1832 3461 centro

489 3492 611 3566 proxime
642 3495 788 3555 accedere
821 3495 945 3567 nititu1·;
976 3514 1047 3572 ergo
1072 3514 1137 3556 cum
1167 3503 1238 3556 sunt
1268 3494 1438 3573 inaequalia
1462 3492 1490 3553 in
1520 3490 1656 3554 lancibus
1687 3488 1831 3569 pondera,

490 3596 530 3641 tur
552 3582 632 3661 quod
656 3591 705 3643 est
736 3583 857 3662 gravius
882 3602 939 3644 non
974 3584 1061 3661 plene
1096 3584 1191 3646 locum
1223 3584 1312 3645 imum
1345 3581 1438 3661 petit,
1471 3581 1567 3642 levius
1595 3598 1666 3642 vero
1688 3578 1778 3657 plane
1802 3576 1831 3637 in

492 3668 590 3746 apicem
626 3671 801 3733 attollitur?
833 3671 915 3751 Ergo
939 3692 1032 3733 causa
1065 3672 1138 3731 lmec
1170 3681 1237 3742 est,
1268 3672 1373 3733 eadem
1407 3689 1511 3749 nempe
1536 3689 1612 3750 quae
1637 3668 1665 3728 in
1686 3673 1831 3741 statera:

492 3764 581 3820 centro
596 3760 626 3821 A
654 3760 838 3822 diastemate
857 3759 923 3833 AC,
949 3761 1008 3822 AD
1032 3760 1181 3823 scribatur
1204 3760 1342 3832 circulus,
1367 3760 1395 3821 in
1420 3778 1454 3819 eo
1479 3756 1720 3838 perpendiculum
1741 3752 1832 3815 BAF.

493 3841 675 3910 Manifestum
707 3858 772 3922 est,
807 3860 942 3910 neutrum
976 3849 1139 3928 ponderum
1164 3850 1192 3909 iu
1218 3848 1242 3911 Ο
1267 3857 1299 3910 et
1321 3849 1350 3909 D
1374 3849 1420 3909 vel
1451 3845 1628 3925 profundius
1652 3841 1834 3905 descendere
1910 3915 1913 3920 ,

495 3947 569 4007 posse
602 3956 691 4016 quarn
723 3936 751 3998 in
776 3939 801 3999 F
829 3938 876 3998 vel
910 3938 1001 4000 altius
1035 3937 1133 3999 attolli
1168 3957 1255 4016 quam
1284 3939 1313 3999 in
1337 3938 1374 3998 B.
1422 3936 1469 3998 Ac
1497 3954 1562 3997 cum
1591 3942 1748 4011 utrumque
1777 3929 1835 3991 bac

496 4026 671 4099 conrasit,
706 4035 738 4087 ut
762 4028 799 4087 ad
825 4025 914 4087 imum
939 4027 1060 4100 tendat,
1095 4027 1336 4106 contendantque
1360 4044 1460 4086 secum
1484 4024 1632 4085 invicem:
1665 4019 1836 4100 partientur

497 4126 579 4174 ecum
603 4115 783 4177 descensum
807 4114 859 4175 BF
887 4115 915 4175 iu
949 4114 1156 4194 proportione,
1187 4134 1245 4195 qua
1274 4116 1340 4195 ipsa
1368 4123 1448 4175 sunt.
1495 4114 1652 4174 Ducautur
1676 4127 1714 4169 ex
1736 4103 1834 4183 1),c

497 4203 741 4279 perpendiculares
760 4201 830 4277 DG,
857 4201 921 4266 CH.
959 4204 1019 4265 Per
1042 4225 1079 4265 ea
1103 4204 1194 4283 igitur
1219 4223 1294 4283 quae
1319 4202 1401 4265 dicta
1425 4210 1496 4263 sunt
1519 4201 1576 4263 erit
1590 4199 1646 4261 BH
1671 4198 1835 4259 descensus

498 4290 620 4360 penderis
646 4289 671 4353 C
696 4292 735 4353 ad
758 4290 826 4366 BG,
851 4292 1029 4354 descensum
1058 4292 1198 4371 ponderis
1223 4292 1267 4365 D,
1293 4300 1327 4353 ut
1350 4300 1396 4351 est
1421 4288 1446 4352 C
1470 4289 1587 4372 pondus
1610 4289 1648 4350 ad
1673 4286 1712 4347 D.
1759 4285 1837 4349 Dico

499 4370 556 4439 hauc
578 4399 647 4441 esse
671 4380 820 4442 rationem
845 4389 988 4443 staterae.
1038 4382 1115 4443 n'am
1140 4390 1171 4442 et
1195 4377 1391 4459 quia‘HAO,
1418 4379 1507 4440 GAD
1532 4378 1690 4458 aequales,
1715 4385 1746 4436 et
1769 4372 1837 4444 CA,

501 4461 541 4523 m
562 4469 717 4548 aequales,
751 4469 789 4541 H,
817 4466 846 4528 G
870 4469 960 4542 recti,
995 4480 1082 4531 erunt
1106 4478 1138 4531 et
1160 4470 1237 4540 ΛΗ,
1264 4467 1324 4530 AG
1349 4468 1510 4547 aequales:
1545 4485 1636 4546 quare
1660 4473 1693 4526 et
1716 4463 1837 4526 residua

502 4548 526 4608 de
544 4557 717 4635 aequalibus
741 4558 811 4628 ΗΒ,
843 4555 907 4620 GF.
955 4560 997 4621 Ut
1021 4556 1142 4637 ergoC
1175 4559 1213 4619 ad
1235 4558 1280 4630 D,
1314 4557 1357 4618 sic
1380 4554 1436 4618 FG
1461 4556 1500 4617 ad
1525 4553 1592 4617 GB.
1640 4554 1777 4614 Ducatur
1799 4568 1836 4611 en

502 4635 782 4722 lperpendicutaris
806 4646 835 4706 iu
861 4645 929 4719 01),
956 4667 1032 4726 quae
1057 4647 1098 4706 sit
1122 4648 1187 4707 FK.
1234 4647 1315 4725 Ergo
1347 4646 1418 4725 quia
1441 4642 1544 4717 CAH,
1569 4642 1654 4705 FAK
1680 4639 1834 4719 aequales,

503 4729 600 4804 thA‚
627 4733 683 4795 AF
707 4735 863 4814 aequales,
898 4744 929 4796 et
953 4737 997 4810 H,
1023 4736 1051 4796 K
1076 4736 1170 4796 recti:
1206 4736 1348 4815 aequales
1378 4740 1467 4795 erunt
1489 4741 1522 4794 et
1545 4730 1617 4804 cfl,
1644 4730 1712 4801 FK,
1737 4727 1837 4790 sicet

504 4813 557 4889 dil,
580 4822 649 4883 ΑΚ.
699 4821 800 4893 Quare
833 4831 865 4885 et
897 4824 1065 4905 aequalium
1091 4824 1163 4898 AB,
1189 4824 1262 4898 AD,
1296 4824 1353 4886 AF
1386 4822 1507 4884 residua
1538 4821 1607 4891 ΗΒ,
1644 4817 1700 4881 GF
1724 4824 1755 4877 et
1777 4816 1837 4877 KD

504 4910 626 4985 aequatis.
674 4911 716 4971 Et
748 4930 862 4974 rursum
896 4913 1064 4992 aequalium
1089 4913 1155 4985 FB,
1189 4912 1245 4975 DC
1279 4912 1399 4973 residua
1423 4908 1490 4981 GB,
1516 4907 1571 4971 Kc
1597 4903 1764 4988 aequalia.'
1794 4905 1838 4968 Ut

505 5007 554 5070 0¹80
575 4998 598 5061 C
622 5001 661 5062 ad
686 4999 725 5073 D,
750 5000 793 5061 sic
816 5001 875 5063 DK
890 5003 928 5064 ad
945 5002 1011 5066 Kc.
1051 5004 1095 5063 At
1118 5003 1143 5064 si
1161 5000 1217 5064 CD
1240 5001 1359 5080 virgula
1382 5000 1426 5061 sic
1450 5008 1578 5061 onerata
1602 4996 1629 5055 iu
1653 4996 1680 5056 K
1706 5013 1837 5074 suspeu-

505 5075 609 5149 datura
635 5088 769 5150 trutina:
803 5089 861 5152 erit
892 5092 970 5154 ratio
1002 5100 1152 5165 staterae,
1183 5099 1215 5152 et
1239 5088 1280 5163 C,
1305 5089 1334 5153 D
1358 5107 1452 5170 aeque
1485 5083 1711 5167 ponderabuut‚
1746 5093 1780 5145 ut
1809 5081 1838 5145 iu
