4584 6192
974 549 1056 615 Caput
1073 551 1118 601 lV.
1139 550 1163 600 2.
1248 584 1258 605 ,
1688 552 1746 619 ¹81

392 732 481 792 ditate
505 728 620 790 medii:
643 728 771 808 denique
793 747 889 809 neque
914 730 1065 791 consentit
1088 730 1118 791 in
1143 737 1223 793 aere.
1261 729 1352 790 Ponit
1375 730 1454 790 eninr
1480 730 1520 790 ibi
1536 731 1638 810 Tycho
1663 753 1748 795 cras-

393 820 489 882 sitiem
524 817 606 879 aeris
640 818 855 879 horizontalem
884 812 945 879 142
978 819 1137 892 milliaria,
1172 820 1201 880 in
1235 819 1394 881 altitudine
1425 815 1507 880 60⁰:
1529 818 1568 881 14
1599 822 1747 882 milliaria.

390 909 465 989 Ergo
491 902 541 988 'lm
570 925 643 985 pars
659 907 695 967 de
711 906 889 969 horizontali
911 908 1091 968 refractione
1113 908 1272 970 deberetur
1296 907 1448 968 altitudini
1464 905 1516 980 60,
1541 910 1656 970 scilicet
1671 907 1747 990 37„

390 997 556 1077 dequibus
591 996 775 1060 inclinationi
800 994 860 1059 30⁰
884 998 968 1076 (quia
999 997 1127 1057 altitudo
1162 998 1279 1076 ponitur
1303 993 1378 1069 60⁰)
1406 996 1433 1056 l¹
1460 997 1634 1070 deberetur,
1669 1001 1747 1078 quod

391 1093 482 1166 negat
504 1084 646 1146 Braheus
670 1083 742 1145 fieri.

473 1174 546 1237 Non
580 1173 762 1234 intentatum
787 1192 841 1233 nec
870 1173 925 1233 hoc
959 1173 1079 1252 reliqui,
1114 1182 1212 1234 utrum
1245 1176 1337 1235 semel
1371 1174 1537 1234 constituta
1570 1175 1748 1236 liorizontali

390 1262 571 1326 refractione
588 1282 625 1321 ex
641 1261 791 1323 densitate
809 1261 911 1335 medii,
936 1269 1055 1323 ceterae
1071 1261 1194 1323 sinubus
1219 1263 1431 1324 distantiarum
1447 1263 1592 1324 avertice
1617 1284 1744 1343 respon-

390 1352 518 1414 derent?
543 1349 606 1413 Sed
630 1370 685 1411 nec
709 1351 842 1412 calculus
857 1351 886 1411 id
903 1351 1083 1429 approbavit
1106 1369 1161 1410 nec
1185 1372 1257 1413 sane
1282 1371 1355 1430 opus
1380 1361 1447 1412 erat
1471 1352 1629 1430 inquirere.
1669 1353 1748 1415 Nam

390 1443 495 1503 eadem
529 1441 627 1501 forma
659 1448 830 1502 crescerent
863 1439 1060 1500 refractiones
1093 1441 1121 1499 in
1154 1442 1289 1502 omnibns
1330 1441 1455 1513 mediis,
1490 1441 1566 1520 quod
1600 1451 1749 1521 repugnat

390 1528 604 1610 experientiae.

476 1616 545 1688 Quo
581 1616 698 1677 nomine
732 1625 855 1677 taxatur
888 1615 940 1675 illa
973 1617 1010 1677 ab
1041 1614 1198 1677 Alhazeno
1229 1625 1261 1677 et
1292 1616 1454 1677 Vitellione
1488 1619 1623 1697 allegata
1655 1638 1748 1679 cansa

391 1706 613 1769 refractionum.
665 1706 745 1778 Lur,
781 1705 931 1784 inquiunt,
966 1706 1081 1784 quaerit
1114 1706 1390 1784 compensationem
1423 1707 1521 1767 damni
1556 1726 1593 1766 ex
1628 1706 1747 1786 obliquo

391 1797 503 1859 inflictu
529 1794 657 1873 accepti.
704 1792 825 1863 Quanto
850 1794 928 1854 enim
958 1795 1117 1854 debilitata
1141 1795 1197 1855 luit
1221 1816 1239 1854 a
1262 1793 1410 1855 densioris
1435 1814 1575 1869 occursu,
1601 1803 1687 1857 tanto
1712 1816 1745 1856 se

390 1884 542 1963 recolligit
565 1884 735 1945 accedendo
760 1884 797 1942 ad
822 1882 1077 1961 perpendiculum,
1102 1891 1135 1943 ut
1158 1884 1285 1944 rectiore
1312 1883 1381 1943 ictu⁸
1402 1884 1491 1945 feriat
1514 1884 1634 1944 fundum
1659 1885 1747 1945 medii

392 1972 548 2035 densioris.
596 1972 714 2033 ictuum
737 1972 832 2038 enim,
858 1971 908 2050 qni
932 1979 1002 2032 sunt
1024 1971 1113 2044 recti,
1139 1971 1322 2032 fortissimos
1344 1992 1422 2033 esse.
1470 1972 1511 2032 Et
1535 1973 1649 2032 addunt
1673 1973 1746 2033 sub-

392 2062 441 2125 tile
464 2062 567 2124 nescio
593 2061 682 2139 quid:
709 2069 822 2121 motum
848 2059 922 2120 lucis
951 2061 1069 2140 oblique
1097 2060 1258 2122 incidentis
1288 2062 1423 2139 componi
1448 2081 1484 2121 ex
1509 2071 1592 2122 motu
1616 2080 1746 2141 perpen-

392 2151 516 2213 diculari
540 2159 572 2211 et
603 2157 685 2209 motu
714 2149 861 2228 parallelo
886 2149 924 2208 ad
954 2149 1038 2210 densi
1069 2149 1268 2227 superficiem,
1299 2168 1423 2229 eumque
1451 2159 1564 2210 motum
1592 2150 1635 2210 sic
1664 2170 1771 2211 com-¹

391 2239 520 2321 positum
545 2258 604 2299 non
629 2237 743 2298 aboleri
767 2238 806 2297 ab
836 2255 959 2298 occursu
993 2238 1134 2317 pellucidi
1168 2238 1333 2311 densioris,
1368 2239 1422 2298 sed
1451 2247 1567 2299 tantum
1599 2239 1747 2317 impediri.

391 2330 497 2391 Totum
523 2346 596 2406 ergo
621 2336 744 2399 motum,
770 2336 802 2387 nt
821 2334 869 2387 est
892 2328 1085 2405 compositus,
1111 2346 1178 2387 sese
1195 2328 1308 2387 munire
1333 2326 1449 2402 iterum,
1475 2327 1608 2388 residere
1632 2328 1748 2389 scilicet

394 2419 421 2479 in
436 2427 521 2481 motu
536 2435 591 2495 per
611 2416 736 2476 densam
760 2414 946 2494 superficiem
966 2417 1031 2494 jam
1047 2416 1177 2477 alterato
1197 2416 1327 2494 vestigia
1341 2416 1487 2494 pristinae
1512 2415 1745 2495 compositionis,

393 2516 424 2569 ut
444 2526 504 2568 non
538 2505 629 2584 plane
654 2505 707 2564 liat
738 2503 992 2583 perpendicularis
1021 2523 1076 2564 nec
1109 2506 1198 2584 plane
1230 2505 1403 2583 parallelus.
1450 2505 1619 2565 Deflectere
1648 2513 1749 2566 autem

394 2597 430 2656 ad
452 2593 731 2676 perpendicularem
754 2593 855 2671 potius
880 2611 967 2670 quam
992 2594 1029 2653 ad
1053 2594 1245 2671 parallelum,
1272 2594 1341 2674 quia
1365 2594 1470 2654 fortior
1493 2594 1532 2653 sit
1556 2601 1653 2654 motos
1677 2613 1747 2672 per-

391 2684 551 2764 pendiculi.
599 2682 688 2742 Haud
722 2683 815 2742 multo
847 2682 953 2744 melius
986 2702 1047 2744 rem
1082 2684 1283 2762 explicarunt,
1318 2703 1406 2762 quarn
1435 2682 1608 2744 Macrobius
1641 2683 1692 2744 lib.
1718 2682 1747 2745 7.

393 2772 609 2842 Saturnalium,
634 2772 682 2849 qui
708 2770 928 2831 cunctationem
951 2772 1028 2832 risui
1052 2779 1146 2831 etex
1170 2772 1285 2832 offensa
1312 2791 1464 2832 recursum
1487 2772 1517 2832 in
1542 2790 1609 2831 sese
1633 2772 1748 2835 tribuit.

393 2861 519 2924 Perinde
543 2860 630 2939 quasi
655 2860 729 2920 lucis
759 2860 874 2938 species
899 2868 998 2921 mente
1026 2861 1164 2941 praedita
1193 2870 1287 2933 esset,
1318 2880 1377 2939 qua
1401 2869 1431 2920 et
1455 2860 1636 2921 densitatem
1660 2861 1750 2922 medii

393 2961 423 3012 et
442 2969 529 3013 suum
554 2950 694 3009 damnum
718 2949 904 3020 aestimaret,
928 2958 959 3009 et
982 2949 1102 3028 proprio
1131 2949 1280 3021 arbitratu
1304 2968 1361 3010 non
1387 2956 1532 3009 extranea
1556 2949 1594 3024 ri,
1620 2950 1746 3027 agendo,

393 3059 447 3100 uon
469 3038 632 3117 patiendo,
665 3056 732 3098 sese
761 3038 859 3115 ipsam
888 3038 1073 3116 infringeret.
1120 3037 1154 3099 Si
1178 3039 1253 3098 haec
1278 3038 1355 3098 ratio
1380 3057 1452 3097 vera
1476 3046 1572 3110 esset,
1602 3037 1747 3099 dimensio

394 3127 604 3189 refractionum
638 3134 720 3186 esset
753 3126 904 3205 expedita.
961 3126 1143 3189 Crescerent
1176 3127 1253 3186 enim
1293 3128 1489 3188 retractiones
1522 3146 1586 3187 cum
1625 3126 1747 3188 sinubus

395 3217 602 3277 distantiarum
627 3215 798 3288 avertice,
833 3224 994 3295 propterea
1028 3217 1104 3295 quod
1136 3217 1165 3276 in
1194 3216 1300 3275 eadem
1328 3216 1519 3294 proportione
1553 3215 1748 3277 debilitantur

394 3305 467 3367 ictus
492 3324 531 3366 ex
554 3303 742 3382 obliquitate.
791 3303 825 3364 Si
849 3324 975 3384 namque
1005 3325 1148 3384 quaeras,
1175 3312 1286 3383 quanto
1316 3305 1424 3366 fortius
1448 3304 1502 3365 Sol
1525 3305 1634 3366 Terras
1659 3305 1749 3365 feriat

395 3396 429 3455 ab
452 3393 614 3456 altitudine
639 3389 698 3454 30⁰
721 3413 810 3472 quam
825 3394 863 3455 ab
888 3394 1045 3455 altitudine
1065 3390 1135 3465 45⁰,
1161 3402 1242 3453 recte
1267 3393 1505 3473 respondebitur,
1531 3403 1616 3455 tanto
1642 3394 1748 3455 fortius

396 3492 503 3562 quanto
528 3481 648 3560 longius
673 3492 720 3543 est
744 3484 824 3543 latus
855 3483 993 3562 quadrati
1019 3483 1114 3543 latere
1144 3484 1311 3560 sexanguli.
1357 3484 1436 3544 Nam
1461 3485 1541 3543 circa
1565 3482 1748 3543 horizontem

396 3572 490 3633 subito
527 3572 573 3632 vis
607 3569 672 3631 Soli
700 3572 867 3632 cumulatur
877 3592 886 3645 ;
920 3572 999 3632 circa
1027 3572 1171 3632 verticem
1196 3590 1288 3649 parvo
1316 3573 1468 3643 variatur,
1503 3572 1581 3650 quod
1604 3572 1684 3633 idem
1717 3579 1750 3631 et

396 3660 513 3723 sinubus
538 3658 659 3721 accidit.

477 3749 584 3811 Aliam
609 3748 781 3808 dimetiendi
807 3750 955 3810 rationem
979 3749 1116 3821 confinxi,
1143 3768 1218 3827 quae
1243 3756 1275 3809 et
1299 3748 1479 3809 densitatem
1503 3750 1592 3827 medii
1616 3757 1647 3808 et
1669 3747 1746 3807 inci-

398 3837 523 3899 dentiam
558 3837 765 3916 conjungeret.
812 3838 891 3898 Nam
924 3837 993 3917 quia
1026 3838 1153 3898 medium
1186 3838 1307 3898 densius
1338 3837 1371 3897 fit
1399 3857 1492 3898 causa
1524 3838 1746 3909 refractionum,

398 3926 509 3989 ridetur
531 3946 603 4005 ergo
627 3926 750 4004 perinde
775 3945 842 3987 esse
858 3946 892 3987 ac
908 3926 933 3987 si
958 3926 1024 4005 quis
1040 3927 1104 4005 ejus
1123 3927 1213 3988 medii
1237 3926 1481 4005 profunditatem,
1507 3927 1612 4005 inquo
1637 3924 1747 3984 refrin-

398 4025 498 4093 guntur
522 4015 610 4086 radii,
635 4016 781 4076 extendat
804 4015 832 4076 in
858 4023 974 4076 tantam
998 4015 1238 4094 amplitudinem,
1263 4023 1405 4094 quantam
1420 4023 1548 4093 occupat
1572 4014 1748 4073 tantundem

399 4105 535 4166 materiae
563 4103 619 4165 snb
653 4104 749 4165 forma
778 4105 866 4164 medii
900 4104 1031 4165 rarioris.
1079 4105 1163 4164 Tunc
1192 4104 1268 4164 enim
1301 4103 1376 4163 radii
1406 4104 1434 4164 in
1463 4122 1587 4164 vacuum
1618 4102 1748 4179 spatium

401 4191 529 4255 irretorte
554 4192 683 4269 ingressi
709 4194 747 4253 ad
770 4193 918 4254 visibilem
944 4212 1024 4265 rem,
1050 4193 1107 4253 hac
1130 4212 1184 4271 per
1207 4191 1378 4271 hujusmodi
1408 4192 1652 4268 imaginationem
1675 4209 1748 4271 pro·

402 4280 509 4343 fnndins
543 4282 684 4343 demersa
715 4282 743 4342 iu
777 4283 1037 4362 perpendiculum,
1071 4282 1129 4361 ipsi
1164 4300 1278 4360 quoque
1313 4281 1408 4342 altero
1442 4282 1485 4342 sui
1520 4280 1655 4354 termino,
1691 4299 1748 4360 quo

402 4369 508 4434 risibile
533 4371 721 4449 contingunt,
746 4370 953 4450 intelliguntur
976 4371 1108 4449 demergi
1132 4371 1229 4431 etsie
1253 4371 1435 4449 prolongari.
1483 4369 1532 4431 Sit
1555 4370 1585 4431 A
1609 4370 1668 4442 lux,
1693 4366 1747 4429 BC

404 4460 563 4537 superficies
593 4459 682 4519 medii
711 4460 873 4533 densioris,
898 4459 954 4520 DE
979 4460 1096 4520 fundus.
1144 4459 1340 4520 Descendant
1368 4459 1481 4537 obliqui
1504 4460 1569 4532 AF,
1595 4455 1665 4529 AG,
1690 4456 1748 4518 AB

405 4556 431 4606 et
448 4550 656 4611 continuentur
680 4547 735 4608 AB
760 4549 789 4609 in
812 4548 855 4621 D,
881 4547 942 4609 AG
966 4548 996 4609 in
1020 4549 1048 4621 I,
1072 4549 1128 4609 AF
1152 4548 1180 4608 in
1206 4550 1256 4635 Π,
1279 4567 1418 4627 quorsum
1447 4555 1550 4608 essent
1577 4545 1689 4618 casuri,
1722 4544 1747 4604 si

406 4637 520 4699 medium
545 4646 629 4698 esset
653 4638 808 4698 uniforme.
856 4637 917 4698 Sed
942 4637 1011 4716 quia
1035 4637 1176 4697 densius:
1201 4637 1279 4714 finge
1304 4656 1376 4714 ergo
1401 4637 1523 4697 fundum
1543 4635 1598 4696 DE
1622 4630 1747 4711 deprimi

408 4741 531 4807 eousque,
558 4735 591 4787 ut
614 4734 757 4805 quantum
781 4727 925 4787 materiae
951 4736 999 4786 est
1022 4727 1050 4786 in
1080 4726 1283 4803 profunditate
1308 4723 1361 4786 GE
1386 4726 1440 4787 sub
1466 4727 1562 4786 forma
1590 4720 1747 4793 densioris,

409 4817 571 4877 tantundem
600 4813 642 4876 sit
670 4814 698 4874 in
733 4816 938 4894 profunditate
964 4814 1020 4876 CK
1049 4815 1104 4875 sub
1132 4815 1230 4874 forma
1264 4814 1397 4874 rarioris.
1444 4815 1520 4875 Toto
1554 4830 1625 4889 ergo
1659 4808 1749 4870 fundo

408 4896 453 4962 DE
473 4905 609 4967 demerso
633 4904 663 4964 in
688 4904 754 4977 LK,
778 4914 891 4982 puncta
914 4905 951 4977 D,
977 4904 1001 4975 1,
1026 4904 1064 4975 ll,
1089 4903 1115 4962 E
1140 4903 1325 4964 descendent
1348 4900 1635 4982 perpendiculariter
1657 4899 1687 4959 in
1711 4897 1747 4970 L,

408 4986 443 5062 u,
462 4992 498 5065 N,
523 4995 561 5055 K.
611 4990 763 5054 Connexis
788 4992 877 5072 igitur
900 4994 936 5064 B,
956 4990 1036 5063 G,F
1059 5012 1126 5053 cum
1153 4993 1184 5065 L,
1207 4992 1249 5065 M,
1278 4991 1307 5051 N
1331 4991 1483 5053 secabitur
1506 4989 1562 5050 DE
1587 4988 1696 5050 fundus
1719 4986 1749 5046 in

409 5082 512 5155 punctis
535 5080 573 5157 0,
597 5081 632 5157 Ρ,
658 5080 697 5155 Q,
720 5082 850 5162 fientque
874 5081 999 5143 refracti
1021 5079 1118 5152 ABO,
1143 5079 1242 5152 AGP,
1265 5077 1361 5150 AFQ.
