4584 6192
945 556 1026 621 Caput
1047 556 1092 607 IV.
1112 556 1136 605 7.
1653 553 1719 622 209

366 705 627 812 emnr'aequares
656 733 713 793 an
743 741 775 794 a
798 733 864 793 nn.
913 733 961 794 su
990 734 1067 794 enm
1094 732 1178 795 aon
1207 734 1296 813 plane
1328 753 1404 813 qua.
1502 733 1555 797 oe·
1576 730 1618 781 ⁷²·
1675 804 1682 816 .

366 820 474 894 draus,
501 830 618 902 quanta
642 822 759 902 quidem
785 822 932 883 distantia
955 842 1022 882 raro
1051 823 1170 900 capitur
1198 823 1404 884 instrumentis
1694 832 1714 885 o

365 927 515 988 nunquam
548 911 667 989 quidem
697 912 888 971 sextantibus
913 911 1106 992 Tyehonicis,
1136 932 1286 993 nunqnam
1310 913 1402 973 radiis

363 1008 416 1059 ant
437 998 555 1059 baculis
580 1001 807 1074 astronomicis,
832 1020 869 1059 ne
893 1001 1015 1060 nimium
1047 1002 1123 1062 oculi
1152 1011 1348 1081 torqueantur
1372 1009 1403 1061 et

363 1086 537 1148 observatio
561 1088 652 1149 infida
675 1090 833 1150 efficiatur.
881 1090 1022 1149 Deruissa
1047 1090 1139 1168 igitur
1161 1091 1400 1169 perpendiculari

364 1173 426 1246 CF,
449 1177 510 1237 erit
535 1175 614 1238 cul:
639 1188 753 1249 rectus,
778 1177 856 1239 Fet:
881 1174 950 1250 450,
983 1179 1051 1257 quia
1075 1178 1159 1240 DCE
1182 1180 1343 1244 isosceles,
1369 1189 1398 1239 et

364 1263 418 1327 ΟΕ
441 1261 503 1327 890
526 1261 589 1327 26⁴.
636 1267 676 1327 Et
699 1275 733 1327 ut
757 1267 839 1327 sinus
864 1264 942 1327 CFE
967 1269 1005 1327 ad
1035 1268 1131 1327 sinum
1158 1267 1224 1341 CB,
1251 1268 1293 1329 sic
1317 1270 1400 1329 siuns

365 1352 444 1415 FCE
475 1356 514 1415 ad
548 1356 646 1416 sinum
669 1357 735 1429 FE,
768 1357 853 1434 enjus
888 1356 1009 1434 duplum
1034 1365 1081 1416 est
1103 1357 1170 1417 DE.
1218 1359 1323 1436 ltaque
1347 1377 1401 1436 pro
1424 1382 1457 1432 Ιι)

364 1462 411 1515 eo,
435 1445 514 1523 qnod
539 1445 595 1504 AB
622 1446 718 1505 luerat
742 1441 816 1517 90⁰,
852 1444 907 1503 DE
936 1447 1084 1506 distantia
1118 1445 1252 1506 involuta
1285 1447 1401 1507 rel'rac-

364 1533 496 1593 tionibus
521 1534 580 1593 erit
603 1528 664 1597 890
683 1531 737 1596 59¹
757 1530 843 1595 l3“:
869 1534 1038 1595 differentia
1065 1533 1134 1596 W.
1177 1536 1274 1595 Minor
1299 1535 1400 1609 etiam,

367 1624 415 1683 uhi
443 1621 592 1682 distantia
615 1624 682 1701 ipsa
705 1624 761 1683 AB
787 1623 881 1684 minor
905 1623 1040 1684 sumitur.
1425 1607 1447 1655 0

456 1711 543 1782 Quae
567 1730 638 1771 vero
663 1721 734 1772 sunt
756 1708 1028 1791 propositionem,
1053 1714 1130 1791 quod
1152 1711 1315 1773 distantiae
1336 1715 1492 1778 stellarum
1511 1716 1560 1777 vel
1585 1715 1724 1778 diametri

365 1801 496 1861 siderum
519 1821 539 1861 a
561 1801 675 1861 vertice
699 1820 803 1861 versus
828 1802 1009 1862 horizontem
1034 1811 1200 1881 porrectae,
1226 1801 1252 1862 si
1273 1804 1453 1881 praesertim
1477 1806 1555 1867 alter
1580 1806 1724 1867 terminus

364 1891 407 1951 sit
431 1890 578 1951 horizonti
612 1889 743 1963 vicinus,
776 1889 907 1952 minores
937 1891 1021 1967 justo
1055 1890 1134 1951 siut:
1170 1891 1243 1951 haec
1273 1893 1392 1971 inquam
1417 1904 1448 1956 et
1478 1914 1550 1956 vera
1574 1904 1605 1955 et
1633 1912 1724 1954 sensu

365 1979 520 2040 evidentia
543 1987 614 2039 sunt
630 1988 662 2039 et
685 1987 856 2040 astronomo
877 1981 1003 2040 maxime
1027 1980 1200 2040 necessaria
1215 1980 1345 2058 cognitu.
1383 1984 1529 2064 Adeoque
1544 2003 1603 2045 non
1624 1983 1723 2058 credo,

366 2069 444 2129 hanc
473 2068 709 2147 propositionem
738 2069 847 2129 lectam
885 2070 945 2129 illis
981 2069 1194 2129 refractionum
1230 2068 1454 2133 Braheanarum
1488 2073 1723 2145 accusatoribus,

366 2157 536 2237 dequibus
565 2175 657 2234 snpra
680 2158 709 2217 in
734 2157 924 2218 conclusione
948 2176 992 2235 pr.
1019 2153 1049 2219 9.
1082 2158 1167 2235 hujus
1201 2157 1329 2237 capitis:
1361 2161 1430 2221 illos
1463 2160 1556 2239 igitur
1579 2162 1618 2221 ad
1646 2162 1724 2221 hanc

365 2245 604 2326 propositionem
629 2245 746 2324 ablego.

455 2335 538 2414 Ergo
571 2334 650 2414 qnod
687 2335 809 2395 Vitellio
842 2353 928 2412 prop.
963 2329 1015 2395 54.
1051 2331 1188 2411 sequenti
1222 2335 1333 2409 tradit,
1368 2355 1470 2397 omnes
1503 2336 1611 2398 stellas
1645 2336 1726 2398 circa

365 2425 555 2487 horizontem
575 2424 670 2484 videri
691 2423 818 2484 minores
839 2424 932 2501 justo,
959 2442 1059 2482 verum
1081 2430 1145 2482 est:
1171 2424 1249 2501 qnod
1264 2442 1335 2486 vero
1356 2433 1388 2485 et
1411 2427 1556 2487 rotundas
1579 2443 1725 2504 apparere

368 2514 536 2588 contendit,
562 2513 682 2573 falsum.
728 2513 796 2574 b'on
821 2511 899 2571 euim
923 2531 1025 2572 rernm
1050 2519 1110 2584 est,
1136 2530 1238 2571 onmes
1263 2533 1363 2574 earnm
1393 2514 1557 2575 diametros
1580 2533 1726 2594 apparere
1803 2575 1806 2582 ,

368 2603 569 2683 aequabiliter
592 2601 741 2661 minores:
767 2601 906 2680 qnoniam
931 2619 1006 2680 quae
1031 2619 1135 2660 uersus
1160 2602 1303 2665 verticem
1333 2604 1512 2680 porrigitur,
1544 2604 1726 2665 adsensum

369 2694 467 2753 minor
489 2690 603 2760 evadit,
627 2709 789 2769 quaerero
810 2690 956 2750 horizonti
981 2689 1183 2767 aequidistat,
1202 2690 1376 2751 insensibile
1401 2692 1551 2771 quippiam
1576 2692 1727 2754 minuitur.

369 2781 459 2843 Unde
482 2783 596 2858 figurae
625 2779 821 2839 refractarios
850 2780 966 2838 ovalem
995 2777 1120 2856 liguram
1151 2779 1332 2853 sortiuntur,
1364 2781 1481 2859 qualem
1505 2789 1537 2841 et
1560 2780 1676 2841 denarii
1699 2781 1727 2840 in

374 2888 484 2949 aquarn
518 2868 658 2948 conjecti,
691 2868 716 2929 si
745 2868 834 2927 valde
858 2887 895 2926 ex
919 2867 1037 2946 obliquo
1071 2865 1276 2944 inspiciantur.
1325 2870 1426 2947 Atque
1461 2870 1535 2930 haec
1563 2878 1610 2930 est
1642 2868 1731 2930 unica

373 2958 552 3043 propositio,
577 2958 702 3036 inqua,
727 2957 775 3036 qni
799 2957 996 3017 retractiones
1021 2966 1145 3032 negant,
1178 2956 1342 3017 tirocinium
1367 2958 1483 3035 optices
1505 2976 1647 3036 posuere,
1672 2976 1729 3017 non

373 3049 465 3109 aliam
489 3066 559 3108 esse
582 3046 642 3107 rati
665 3046 725 3105 vim
748 3045 994 3117 retractionibus,
1024 3044 1079 3104 nisi
1105 3044 1142 3103 ad
1173 3045 1331 3105 dilatanda
1354 3046 1402 3106 vel
1433 3046 1637 3107 contrahenda
1660 3065 1729 3106 cor-

371 3156 446 3217 pora
470 3155 525 3216 per
552 3134 763 3196 refractionem
791 3134 867 3194 risa.
916 3132 1003 3203 Quod
1033 3132 1124 3210 igitur
1151 3142 1363 3213 superstrnnnt
1386 3135 1422 3194 de
1454 3135 1536 3195 visus
1567 3134 1730 3195 directione

373 3228 401 3287 in
424 3234 560 3286 centrum
596 3221 721 3297 sideris,
755 3242 814 3283 non
845 3231 947 3302 potest
979 3241 1047 3283 esse
1079 3220 1206 3294 firmins,
1241 3241 1328 3301 quarn
1362 3223 1436 3284 haec
1464 3224 1533 3302 ipsa
1556 3222 1731 3284 Vitellianis

374 3314 552 3395 propositio.
602 3311 653 3373 Sit
676 3320 709 3372 nt
734 3331 837 3390 margo
862 3310 943 3372 Solis
975 3310 1096 3370 inferior
1123 3310 1308 3371 horizontem
1332 3312 1475 3390 stringat,
1501 3312 1566 3390 ejus
1590 3311 1732 3373 retractio

374 3403 430 3464 erit
453 3399 518 3469 34⁴.
543 3401 707 3479 superioris
730 3419 813 3472 vero,
836 3410 869 3460 nt
893 3400 940 3479 qni
966 3399 1155 3459 altitudinem
1180 3399 1272 3459 habet
1296 3400 1410 3461 dimidii
1439 3401 1565 3479 gradus,
1590 3401 1732 3461 retractio

375 3492 430 3553 erit
452 3489 518 3554 291.
557 3490 664 3569 Itaque
688 3509 742 3567 pro
766 3486 820 3551 30‘
845 3489 991 3548 diametro
1012 3486 1093 3548 Solis
1117 3487 1267 3548 videbitur
1291 3490 1444 3567 quantitas
1469 3487 1532 3564 25⁴,
1558 3498 1734 3550 transversa
1838 3542 1843 3552 .

376 3600 444 3642 vero
469 3600 522 3640 sen
551 3579 698 3639 horizonti
729 3578 891 3656 parallelos
920 3578 979 3636 erit
1003 3574 1076 3648 30‘,
1111 3577 1335 3637 semidiameter
1365 3577 1535 3638 altitudinis
1570 3573 1672 3654 ¹272?
1703 3577 1732 3638 in

378 3669 451 3729 hanc
476 3669 559 3728 visus
593 3668 740 3736 directus,
774 3674 984 3746 praeterquam
1018 3665 1095 3744 quod
1121 3686 1139 3724 a
1162 3673 1227 3725 toto
1255 3684 1378 3744 corpore
1411 3666 1546 3740 aberrat,
1581 3665 1734 3728 aberrabit

382 3758 474 3818 etiam
494 3776 513 3816 a
536 3766 642 3816 centro
667 3757 799 3834 corporis
824 3757 953 3815 refracte
978 3753 1035 3814 visi
1058 3773 1111 3832 per
1134 3750 1195 3836 2¹s,
1224 3754 1347 3814 minuta.

466 3846 583 3906 Eadem
607 3845 811 3925 propositione
828 3840 879 3906 sl.
905 3842 1031 3904 Vitellio
1056 3843 1151 3903 tradit
1175 3843 1250 3903 duas
1274 3843 1350 3904 alias
1374 3861 1492 3916 causas,
1519 3861 1594 3921 quae
1618 3842 1733 3903 diame-

383 3944 441 3996 tros
473 3934 615 3995 lnminum
644 3933 772 3994 varient.
819 3932 951 3994 Primam
979 3931 1024 3991 ait
1052 3950 1185 3993 crassum
1214 3950 1354 4010 vaporem
1383 3930 1498 3991 duabus
1522 3929 1734 4009 superficiebus

384 4023 541 4085 hincinde
567 4023 773 4095 terminatum,
804 4041 927 4099 quarum
952 4022 1049 4081 altera
1073 4021 1197 4092 stellae,
1223 4021 1322 4081 altera
1344 4020 1421 4080 visui
1450 4028 1552 4080 nostro
1576 4018 1736 4097 objiciatur

385 4113 475 4174 instar
505 4112 632 4172 convexi
664 4110 838 4190 perspicilli.
885 4111 951 4170 Hoc
980 4109 1099 4187 qnidam
1131 4108 1279 4187 sphaerici
1314 4108 1406 4170 libelli
1438 4107 1610 4176 imitantur,
1642 4107 1736 4169 verba

386 4202 469 4263 etiam
493 4201 601 4261 eadem
626 4207 804 4276 usurpantes
830 4200 866 4258 de
891 4198 1013 4258 denario
1032 4197 1188 4276 inaquam
1212 4199 1360 4276 conjecto.
1399 4198 1504 4276 ltaque
1529 4215 1613 4271 cave,
1639 4197 1734 4258 lector

387 4288 482 4351 harum
505 4308 605 4350 rernm
630 4289 779 4360 studiose,
804 4287 1007 4347 confundaris.
1055 4286 1260 4347 Retractionis
1289 4285 1421 4365 vulgaris
1449 4286 1602 4363 negotium
1625 4304 1679 4365 per
1702 4304 1735 4347 se

389 4379 439 4439 tale
463 4387 525 4452 est,
551 4385 586 4438 ut
609 4377 647 4437 ad
672 4377 701 4437 id
725 4377 892 4437 imminutio
917 4377 1129 4436 diametrorum
1156 4383 1306 4455 sequatur,
1332 4394 1390 4435 non
1419 4373 1626 4452 amplificatio,
1658 4372 1737 4453 qnod

389 4464 522 4529 hactenns
551 4473 636 4528 recte
660 4465 808 4527 Vitellio:
833 4473 886 4525 aut
910 4464 1004 4525 sicubi
1029 4464 1167 4524 diametri
1195 4472 1318 4542 propter
1345 4461 1555 4525 refractionem
1579 4471 1736 4542 augentur,

391 4556 561 4619 econtrario
586 4555 627 4615 ibi
648 4562 679 4615 et
702 4554 865 4615 distantias
891 4553 994 4631 augeri
1018 4571 1142 4613 necesse
1168 4560 1225 4626 est,
1250 4559 1283 4613 ut
1302 4553 1331 4613 in
1356 4551 1531 4632 quibusdam
1555 4549 1736 4630 perspicillis

392 4644 512 4727 adeoque
544 4650 576 4705 et
605 4644 634 4704 in
668 4643 790 4704 denario
822 4642 850 4701 in
885 4660 991 4721 aquam
1025 4641 1181 4719 conjecto,
1213 4640 1239 4701 si
1263 4661 1282 4702 a
1304 4640 1516 4720 perpendiculo
1550 4638 1735 4718 inspiciatur.

323 4789 325 4796 .
392 4729 437 4794 llic
458 4752 531 4796 vero
555 4733 645 4813 plane
677 4731 857 4794 contrarium
889 4730 1000 4791 accidit
1023 4731 1051 4790 ei
1075 4730 1172 4804 casui,
1202 4728 1250 4809 qui
1281 4729 1388 4790 existit
1417 4728 1550 4808 projecto
1574 4727 1603 4788 in
1629 4746 1737 4806 aquarn

393 4818 513 4885 denario.
555 4821 722 4883 Denarium
747 4820 824 4880 enirn
848 4821 879 4880 in
904 4818 1033 4879 densiori
1058 4818 1156 4879 medio
1180 4825 1351 4879 versantem
1375 4817 1498 4895 inspicis
1522 4824 1555 4877 tn
1579 4834 1616 4877 ex
1639 4814 1737 4877 medio

394 4911 505 4975 rariori:
531 4918 566 4971 at
587 4909 697 4971 stellas
718 4909 748 4969 in
769 4909 874 4970 rariori
899 4908 997 4968 medio
1020 4906 1152 4968 aetheris
1177 4910 1335 4967 versantes
1354 4906 1489 4966 videmus
1508 4922 1562 4965 nos
1583 4924 1620 4964 ex
1642 4903 1738 4964 medio

394 4995 512 5061 densiori
537 4998 627 5060 a‘eris.
656 5000 772 5077 ltaque
796 5016 862 5058 cnm
886 4996 933 5057 hic
950 4995 1075 5057 Vitellio
1094 5014 1132 5056 ex
1148 4993 1318 5070 Cleomede,
1344 5001 1376 5056 et
1399 5013 1436 5056 ex
1459 4992 1506 5054 his
1530 4993 1581 5054 alii
1605 4990 1738 5065 cansam,

393 5099 437 5147 rur
455 5086 605 5150 interdum
633 5087 742 5149 stellae
773 5085 932 5148 videantur
960 5083 1104 5163 majores,
1127 5081 1301 5161 explicant:
1332 5100 1389 5144 non
1421 5081 1537 5160 allegat
1563 5089 1679 5156 aerem,
1707 5080 1737 5142 in

436 5186 614 5241 munem
634 5187 661 5231 a.
1494 5182 1526 5235 tt
