4584 6192
1081 559 1165 624 eaput
1182 560 1203 612 1.
1668 551 1670 555 ’
1764 560 1826 630 143

465 735 622 815 objecti,
657 754 828 816 quaeque
861 754 925 816 pro
959 755 1048 797 suae
1082 734 1322 797 fortitudinis
1345 736 1404 798 vel
1438 736 1640 801 densitatis
1672 758 1824 819 propor-

465 826 578 899 tione,
613 824 713 886 uude
737 843 852 885 novus
882 824 1018 886 existit
1050 823 1151 886 color
1174 843 1237 885 seu
1268 824 1395 902 potius
1420 826 1479 888 lus
1513 826 1642 904 genita
1674 828 1827 910 diuersa
1878 831 1881 838 “

467 913 508 973 ab
537 912 629 975 aliIs
661 911 837 974 omuibus.
898 914 977 975 Nam
1009 914 1079 993 quia
1111 913 1292 992 quantitatis
1324 925 1395 975 sunt
1427 916 1591 994 participes
1625 934 1747 990 omues,
1781 919 1825 980 uti

466 1002 617 1065 attenuari
640 1009 765 1082 potuere
799 1002 944 1065 hacteuus
967 1000 1012 1065 sic
1035 1002 1100 1081 jam
1125 1011 1157 1062 et
1185 1001 1366 1063 accumulari
1400 1011 1535 1082 possunt.
1581 1004 1649 1068 Non
1674 1011 1746 1067 verb
1770 1005 1826 1068 hoc

468 1092 495 1154 in
517 1090 682 1171 pellucido,
706 1090 776 1171 quia
799 1110 857 1152 non
881 1100 953 1153 sunt
975 1092 1004 1152 iu
1021 1108 1056 1151 eo
1081 1099 1230 1170 quatenus
1245 1091 1316 1161 tale,
1342 1091 1396 1152 sed
1416 1091 1480 1170 jam
1505 1092 1711 1156 transiverunt
1732 1094 1827 1156 illud:

467 1181 518 1243 sed
544 1181 574 1242 iu
599 1180 731 1259 objecto,
757 1179 826 1259 quia
849 1180 878 1241 in
904 1179 960 1241 hoc
983 1179 1109 1259 primum
1133 1189 1204 1258 post
1227 1198 1413 1256 egressume
1433 1199 1557 1259 corpore
1580 1201 1635 1243 sno
1658 1182 1829 1263 consistunt

467 1281 498 1331 et
520 1269 664 1349 figuntur.
712 1265 944 1332 Confunduutur
966 1276 1085 1339 autem,
1110 1268 1180 1347 quia
1203 1286 1257 1346 per
1284 1262 1332 1329 16.
1364 1268 1518 1347 quaelibet
1541 1290 1560 1330 a
1583 1270 1684 1333 colore
1716 1271 1828 1351 objecti

468 1367 569 1420 mutuo
594 1357 719 1437 patitur.
766 1356 808 1417 Et
831 1376 926 1418 novus
950 1357 1055 1419 existit
1074 1358 1157 1417 color
1173 1355 1304 1430 radians,
1330 1356 1401 1436 quia
1421 1376 1474 1436 per
1497 1357 1546 1421 15.
1571 1359 1688 1421 colores
1712 1369 1830 1423 tautum

468 1447 613 1527 gradibus
642 1445 719 1507 lucis
747 1454 778 1506 et
811 1446 1001 1508 tenebrarum
1034 1446 1191 1519 difiernnt,
1225 1445 1346 1507 uariant
1377 1464 1447 1508 vero
1479 1446 1557 1509 hunc
1590 1448 1714 1526 gradum
1748 1449 1830 1511 luces

471 1535 692 1604 accumulatae,
716 1553 808 1614 quare
833 1543 865 1595 et
888 1534 1016 1595 colorem
1042 1535 1149 1613 ipsum.

554 1623 648 1704 Prop.
681 1622 801 1685 XXIX.
859 1621 942 1684 Cum
976 1632 1034 1683 cst
1071 1620 1316 1684 immoderata
1354 1622 1543 1703 proportio
1580 1634 1702 1686 mutua
1733 1624 1831 1687 inter

472 1716 570 1775 luces
610 1712 656 1773 ad
694 1712 788 1772 idem
825 1711 1012 1790 objectum
1050 1712 1280 1772 allabentes:
1319 1730 1454 1773 sensns
1491 1730 1562 1773 nou
1606 1712 1832 1776 internoscit

473 1806 584 1865 lucem
620 1800 849 1861 debiliorem.
906 1800 1113 1862 Internosccre
1149 1799 1226 1860 enim
1264 1806 1313 1859 est
1355 1819 1528 1879 comparare
1565 1819 1619 1862 seu
1660 1802 1830 1865 discernere

473 1890 602 1954 officium
635 1907 742 1950 sensus
776 1888 889 1950 visorii.
937 1890 980 1951 Ut
1008 1908 1078 1951 vero
1112 1888 1281 1968 proportio,
1315 1888 1359 1950 sic
1392 1898 1424 1950 et
1453 1889 1647 1968 comparatio.
1695 1889 1729 1953 Si
1758 1908 1830 1969 ergo

477 1977 688 2059 proportiones
712 1976 842 2039 colorum
868 1996 921 2038 seu
946 1977 1118 2038 claritatum
1135 1996 1238 2038 omnes
1261 1976 1424 2038 internosci
1447 1986 1583 2056 possent,
1608 1998 1674 2039 cum
1699 1979 1830 2041 infinitae

476 2069 534 2129 sint
558 2068 588 2128 in
614 2066 829 2144 magnitudinis
845 2066 1038 2140 incremento,
1064 2067 1258 2127 discretivam
1279 2065 1457 2128 facultatem
1480 2066 1627 2128 infinitam
1647 2086 1715 2129 esse
1739 2087 1830 2148 opor·

477 2165 567 2227 teret,
601 2155 681 2236 quod
710 2163 823 2233 negant
854 2154 980 2235 physici.
1029 2152 1175 2216 Omnibus
1208 2154 1288 2216 enlm
1321 2155 1518 2216 facultatibus
1551 2155 1697 2218 sensariis
1729 2165 1831 2219 certae

476 2254 543 2307 sunt
566 2244 777 2323 praescriptae
802 2242 891 2305 vires.

563 2334 658 2411 Prop.
692 2331 796 2393 XXX.
851 2331 974 2393 Luces
1012 2332 1212 2403 coloratae
1246 2331 1281 2391 in
1323 2330 1605 2409 superficiebus
1645 2332 1706 2408 iis,
1740 2351 1831 2412 quae

478 2422 550 2484 luci
575 2420 828 2501 cognationes
853 2419 990 2481 habent
1013 2420 1179 2494 colores,
1204 2419 1299 2481 utin
1325 2418 1440 2492 albis,
1469 2420 1614 2484 clarius
1642 2432 1832 2500 apparent

477 2529 578 2591 quam
603 2509 638 2571 in
663 2508 794 2588 nigris.
842 2506 918 2571 Cum
943 2509 1022 2571 enirn
1047 2509 1121 2570 lucis
1145 2528 1221 2588 opus
1245 2508 1287 2570 sit
1311 2507 1489 2581 illustratio,
1514 2528 1571 2589 quo
1594 2510 1714 2588 patiens
1739 2530 1833 2581 suoru,

479 2611 506 2662 ut
527 2598 630 2661 omnia
653 2597 795 2677 agentia,
829 2597 886 2659 sibi
910 2597 1006 2659 sImile
1031 2598 1158 2672 reddat,
1188 2597 1274 2677 eique
1298 2596 1340 2657 sit
1369 2598 1537 2659 contrarius
1562 2598 1643 2659 color
1666 2617 1720 2659 seu
1744 2607 1831 2660 tene-

480 2689 618 2762 brositas,
643 2687 693 2748 ubi
717 2687 833 2747 colores
858 2686 897 2747 ad
922 2688 1065 2748 tenebras
1088 2686 1157 2765 plus
1181 2686 1348 2758 accedunt,
1373 2697 1407 2746 ut
1430 2686 1524 2765 nigri,
1554 2686 1703 2749 difficilior
1727 2686 1853 2749 existit.

481 2776 650 2840 illustratio.
697 2774 741 2836 Et
764 2776 832 2853 (per
856 2772 908 2850 28,
935 2772 993 2848 29)
1027 2775 1151 2854 nigredo
1183 2774 1278 2836 vIncit
1308 2773 1335 2834 in
1371 2774 1489 2849 colore,
1523 2776 1573 2857 qui
1605 2776 1644 2838 ab
1677 2775 1832 2837 illustrata

481 2865 631 2946 superficie
665 2863 775 2926 radiat.
823 2865 922 2925 Minus
957 2865 1057 2944 itaque
1091 2864 1192 2925 radiat
1215 2885 1234 2924 a
1261 2863 1348 2941 nigra
1376 2881 1463 2942 quam
1493 2864 1531 2925 ab
1559 2864 1634 2926 alba
1662 2865 1827 2944 superficie,

483 2956 572 3017 uiuus
597 2954 690 3033 Igitur
714 2961 745 3014 et
768 2954 907 3014 cernitur.
1654 3019 1656 3022 ¹

560 3043 652 3123 Prop.
678 3041 796 3104 XXXI.
843 3041 994 3114 Posito,
1020 3038 1110 3119 quod
1135 3059 1178 3102 ex
1202 3038 1330 3101 multis
1353 3058 1457 3101 unum
1487 3039 1649 3120 aliquem
1672 3042 1832 3103 colorern

486 3151 593 3214 aeque
617 3132 720 3193 clare
744 3130 777 3191 iu
802 3130 920 3209 nigris
944 3130 1138 3208 percipere
1162 3148 1333 3208 queamus
1356 3148 1399 3189 ac
1423 3128 1457 3189 iu
1481 3128 1579 3191 albis
1608 3130 1831 3208 superficie-

487 3220 559 3283 bus:
585 3220 680 3301 quod
700 3238 765 3299 per
788 3217 1164 3280 accommodationem
1181 3216 1353 3279 fortioris
1374 3217 1466 3278 lucis
1485 3218 1528 3279 ad
1548 3217 1690 3297 nigram
1706 3237 1831 3298 super-

489 3308 599 3372 Irciem
625 3307 810 3388 praestari
835 3315 973 3388 potest:
1003 3306 1077 3385 jam
1110 3305 1330 3368 discrImiua
1360 3306 1519 3368 colorum
1547 3306 1697 3377 illorum
1720 3308 1834 3388 juxta

490 3417 516 3458 se
538 3398 696 3460 Invicem
721 3396 952 3458 radiantium
985 3394 1126 3458 rectius
1160 3395 1384 3457 notabuntur
1408 3394 1440 3457 in
1474 3395 1584 3475 nigra
1612 3397 1832 3476 superficie,

492 3506 580 3566 qnam
604 3488 640 3550 in
665 3486 759 3549 alba.
798 3485 876 3547 Nam
896 3486 966 3565 quia
982 3484 1052 3545 alba
1070 3483 1242 3562 superficies
1257 3485 1381 3545 multam
1395 3483 1489 3546 habet
1512 3483 1692 3560 claritatem,
1716 3486 1834 3548 colores

495 3577 635 3639 radiantes
659 3575 718 3637 luci
741 3575 900 3636 viciniores
934 3573 1127 3634 vehementer
1156 3573 1326 3633 clarescent
1348 3592 1402 3652 per
1424 3570 1479 3645 28,
1503 3581 1535 3634 et
1557 3573 1600 3635 sic
1630 3574 1835 3637 obliterabunt

495 3666 593 3727 colores
618 3664 706 3744 nigro
730 3663 889 3726 viciniores
912 3682 965 3743 per
989 3659 1042 3727 29.
1089 3663 1123 3722 ld
1147 3680 1205 3722 non
1230 3672 1278 3723 est
1301 3679 1366 3723 cum
1397 3662 1609 3742 superficiebus
1633 3662 1741 3741 nigris,
1767 3663 1836 3742 quia

495 3765 550 3816 sunt
581 3754 685 3834 potius
717 3752 850 3831 privatio
885 3751 969 3813 lucis.
1016 3749 1161 3831 Sequitur
1193 3748 1260 3812 hinc
1293 3770 1348 3810 ceu
1380 3750 1569 3812 corollarium
1597 3752 1635 3812 ad
1661 3749 1704 3814 30
1728 3760 1759 3811 et
1781 3747 1835 3825 31,

498 3841 579 3904 radios
604 3843 643 3904 ad
667 3843 770 3921 nigras
795 3840 967 3920 superficies
992 3841 1125 3918 allapsos
1150 3838 1395 3913 distinctissime,
1428 3838 1467 3899 ad
1491 3839 1577 3900 albas
1610 3838 1835 3901 evidentissime

498 3932 612 4012 porprI:
645 3940 678 3992 et
701 3931 728 3991 si
757 3929 931 4008 superficies
955 3928 996 3991 sit
1027 3929 1127 3989 media
1151 3926 1228 3988 inter
1260 3927 1375 4006 nigram
1403 3934 1435 3987 et
1466 3928 1576 4002 albam,
1601 3926 1766 4006 cujusmodi
1789 3936 1838 3988 est

501 4022 632 4092 caerulea,
657 4019 753 4081 diluta
776 4018 868 4079 rubeo
892 4018 963 4079 alba
987 4027 1019 4079 et
1043 4017 1173 4088 similes,
1207 4017 1268 4078 fere
1302 4015 1471 4095 aequaliter
1494 4036 1526 4078 se
1550 4016 1718 4078 habituram
1742 4024 1774 4077 et
1797 4015 1837 4078 ad

501 4107 597 4171 colores
621 4108 757 4188 singulos
782 4116 813 4167 et
837 4107 874 4166 ad
900 4126 1001 4167 eorum
1025 4106 1198 4168 discrimina
1221 4101 1428 4177 reddendas)

570 4198 661 4278 Prop.
686 4195 821 4259 XXXII.
869 4195 980 4257 Lucis
1004 4194 1195 4275 proprium
1219 4203 1276 4255 est
1300 4194 1417 4255 calor.
1452 4192 1563 4255 Posset
1585 4192 1714 4276 probarI,
1742 4194 1836 4256 lucem

505 4301 556 4345 esse
577 4280 718 4360 calidam,
743 4304 780 4346 ex
803 4284 958 4364 principiis
983 4283 1111 4344 anobis
1135 4283 1289 4345 assumtis.
1335 4282 1414 4344 Nam
1438 4281 1464 4343 si
1491 4281 1555 4343 vita
1576 4300 1673 4343 rerum
1697 4282 1839 4347 consistit

504 4368 652 4451 incaiore,
679 4376 787 4454 luxque
811 4374 958 4435 fovendae
983 4372 1025 4433 illi
1050 4372 1204 4434 destinata
1227 4380 1293 4445 ast,
1323 4369 1490 4432 calefacere
1518 4369 1610 4449 Igitur
1632 4370 1746 4435 debuit.
1794 4372 1837 4433 At

505 4477 571 4524 uune
594 4483 689 4544 agens
713 4462 770 4524 sibi
795 4461 965 4523 assImilare
989 4462 1096 4522 nititur
1110 4461 1139 4521 id
1159 4460 1238 4539 quod
1262 4459 1385 4539 patitur.
1423 4459 1532 4521 Nitens
1557 4456 1647 4536 igitur
1662 4459 1713 4521 lux
1737 4467 1836 4521 matc-

505 4546 560 4613 rium
585 4553 752 4615 calefacere
785 4551 853 4630 ipsa
885 4552 942 4612 erit
971 4550 1081 4612 calida.
1129 4547 1191 4611 Sed
1221 4548 1395 4622 stabiliam,
1425 4548 1502 4628 quod
1526 4547 1606 4619 dixi,
1638 4547 1836 4627 experientia.

506 4631 562 4701 Sola
581 4661 707 4721 namque
732 4640 782 4702 lux
804 4658 924 4719 semper
946 4649 978 4700 et
1001 4639 1109 4718 ubique
1133 4656 1201 4699 cum
1229 4637 1328 4717 aliquo
1356 4636 1456 4698 calore
1481 4644 1541 4708 est,
1570 4653 1624 4715 pro
1648 4654 1720 4697 suae
1744 4634 1837 4698 clari-

507 4728 711 4793 turismodum
757 4729 805 4791 De
820 4727 920 4790 Solari
946 4729 1010 4789 luce
1033 4736 1120 4806 patet
1143 4726 1318 4799 clarissime,
1344 4725 1413 4804 quia
1437 4725 1511 4785 haec
1535 4732 1566 4786 et
1589 4723 1759 4787 clarissima
1777 4729 1837 4787 est.

509 4809 683 4882 bernerum
716 4819 781 4880 luce
813 4817 964 4879 claritatis
997 4817 1074 4878 ratio
1107 4823 1253 4890 testatur,
1287 4814 1417 4875 calorem
1449 4812 1654 4874 universorum
1679 4812 1707 4873 iu
1732 4812 1839 4875 minori

674 4948 800 4957 ..m-—

576 5011 601 5082 ⁸)
621 5013 778 5083 Propositio
799 5014 847 5069 31.
876 5029 936 5067 cum
965 5029 1015 5067 suo
1043 5011 1190 5072 corollario
1219 5014 1308 5066 fertur
1337 5009 1448 5081 proprie
1474 5010 1509 5064 sd
1530 5009 1599 5077 Cap.
1621 5007 1655 5062 V.
1676 5012 1707 5061 et
1726 5022 1778 5062 cau

510 5088 587 5149 ulons
607 5094 634 5149 iu
653 5093 787 5150 ratifcrmi
807 5094 982 5148 reddendam.
1778 5114 1782 5121 ·
1807 5164 1809 5169 Ι
