4584 6192
1940 566 2107 637 caput
2141 565 2207 622 V.
2245 563 2298 621 3.
3343 554 3477 633 248

941 746 1175 812 circuli
1237 767 1316 809 ex
1377 756 1586 811 centro
1649 751 1702 811 F
1764 750 1886 811 sint
1951 749 2237 828 aequales
2300 768 2476 811 arcus
2520 747 2657 822 AB,
2704 744 2834 815 ΒΟ,

771 836 914 908 OD,
981 846 1051 899 et
1092 837 1159 899 in
1197 834 1320 898 GA
1365 838 1663 900 diametro
1709 847 1993 917 punctum
2028 838 2084 899 E
2126 846 2307 898 extra
2350 836 2553 899 circuli
2592 834 2850 897 circum-

771 927 1110 989 ferentiam.
1208 924 1663 987 Connectantur
1719 929 1797 999 A,
1844 928 1918 1000 B,
1968 925 2040 1001 Ο,
2088 927 2145 987 D
2206 926 2445 987 termini
2502 944 2633 986 cum
2681 923 2737 984 E
2783 934 2850 985 et

769 1034 892 1078 cum
940 1016 995 1077 F
1058 1022 1270 1076 centro
1337 1024 1404 1076 et
1468 1034 1599 1076 cum
1650 1013 1711 1076 G
1770 1007 1997 1094 p'uncto
2059 1014 2395 1093 superficiei
2455 1022 2520 1075 et
2578 1014 2735 1075 inter
2781 1033 2848 1073 se

769 1104 981 1178 vicini,
1045 1104 1222 1165 lineis
1290 1104 1425 1178 AB,
1489 1101 1620 1176 ΒΟ,
1670 1102 1801 1165 OD.
1894 1104 2050 1166 Dico
2116 1103 2285 1163 ΑΕΒ
2355 1103 2649 1183 majorem
2713 1122 2848 1163 esse

768 1213 940 1276 quam
989 1189 1154 1253 ΒΕΟ
1204 1199 1268 1252 et
1313 1192 1469 1253 huuc
1516 1192 1803 1270 majorem
1853 1211 2030 1271 qnam
2081 1190 2266 1254 CED.

937 1280 1325 1360 Propositum
1381 1280 1617 1361 quidem
1676 1279 1858 1341 facile
1914 1288 2106 1364 patet.
2200 1280 2359 1343 Nam
2417 1280 2475 1340 in
2533 1281 2584 1341 F
2639 1297 2848 1340 omnes

767 1370 964 1450 anguli
1023 1376 1166 1429 sunt
1229 1370 1552 1448 aequales,
1619 1369 1759 1431 iude
1825 1387 2037 1431 versus
2089 1368 2149 1430 G
2196 1368 2551 1429 remotiores
2610 1365 2686 1428 ab
2732 1366 2850 1428 EA

767 1459 910 1520 fiunt
934 1458 1238 1537 majores:
1279 1457 1468 1519 donec
1497 1458 1556 1518 in
1591 1455 1651 1519 G
1695 1457 1848 1518 fiant
1873 1457 2089 1519 iterum
2130 1458 2417 1536 aequales
2450 1456 2552 1528 (Ε.
2585 1455 2700 1524 ῙΠ,
2732 1453 2848 1529 21)
2934 1517 2936 1522 .

770 1565 903 1627 ergo
973 1553 1123 1625 post
1170 1543 1233 1606 G
1287 1564 1502 1616 versus
1545 1545 1601 1607 E
1659 1545 1919 1607 minores
1984 1547 2132 1606 flunt
2192 1546 2289 1624 qui
2352 1547 2426 1605 ab
2475 1545 2591 1606 EA
2647 1562 2847 1605 remo·

768 1637 974 1698 tiores.
1058 1631 1265 1695 Causa
1311 1642 1410 1695 est
1453 1634 1766 1696 inclinatio
1802 1635 1937 1709 AB,
1976 1632 2103 1707 ΒΟ,
2139 1632 2249 1695 CD
2289 1634 2576 1694 linearum
2621 1652 2848 1712 aequa-
2982 1621 3128 1713 ''5:22“

773 1723 913 1785 lium
962 1722 1164 1801 major
1207 1723 1267 1784 in
1317 1722 1758 1784 remotioribus,
1857 1720 2254 1785 Continnetur
2310 1723 2463 1784 enim
2508 1719 2618 1784 ΕΟ
2666 1720 2724 1782 in
2771 1720 2851 1796 Η,
2978 1725 2990 1733 “

776 1822 834 1875 et
889 1830 968 1873 em
1037 1811 1091 1872 Β
1157 1810 1217 1871 in
1272 1810 1422 1884 EA,
1487 1810 1599 1871 ΕΗ
1665 1811 2191 1891 perpendiculares
2257 1812 2482 1872 cadant
2537 1810 2652 1883 Bl,
2715 1809 2851 1870 ΒΗ.

772 1900 964 1963 Erunt
1009 1896 1201 1971 ΟΗΒ,
1249 1899 1398 1960 BIA
1445 1899 1806 1978 rectangula
1851 1898 2100 1960 basibus
2149 1896 2276 1969 CB,
2315 1899 2429 1960 BA
2480 1898 2849 1977 aequalibus.
2874 1939 2968 1990 D
3102 1901 3114 1921 ²
3235 1925 3283 1997 Ίκ

771 1989 918 2051 Dico
967 1987 1162 2068 primo
1209 1987 1380 2048 EAB
1435 1988 1723 2066 majorem
1772 2006 1907 2048 esse
1967 2006 2145 2066 quam
2191 1985 2385 2048 ΗΟΒ.
2476 1987 2675 2048 Probo
2723 1988 2848 2046 sic:
2978 2001 2993 2013 ‘

775 2076 946 2139 GAB
995 2085 1062 2136 et
1109 2073 1282 2137 GCB
1330 2075 1603 2137 efficiunt
1649 2094 1945 2137 summam
1992 2073 2031 2136 2
2080 2084 2381 2137 rectorum
2430 2076 2530 2147 (E.
2562 2075 2676 2149 111,
2713 2071 2849 2146 22).

770 2166 928 2245 Ergo
980 2163 1158 2226 GAB
1209 2172 1274 2224 et
1319 2165 1828 2242 complementum
1877 2161 2046 2226 GCB
2095 2165 2171 2225 ad
2229 2164 2667 2226 semicirculum
2714 2170 2855 2223 sunt

771 2254 1083 2335 aequales.
1176 2251 1305 2314 Sed
1349 2250 1516 2313 ECB
1574 2252 1765 2331 major
1820 2262 1919 2313 est
1973 2272 2151 2333 quam
2210 2250 2379 2314 GCB
2436 2271 2597 2332 pars.
2688 2250 2852 2330 Ergo

773 2341 937 2405 ΗΟΒ
989 2343 1496 2421 complementum
1535 2339 1699 2401 ECB
1748 2342 1942 2402 minus
1988 2351 2082 2401 est
2132 2360 2305 2420 quam
2355 2340 2853 2419 complementum

773 2430 977 2505 GCB,
1016 2430 1134 2491 hoc
1189 2438 1293 2490 est
1344 2448 1524 2508 quam
1569 2428 1767 2490 EAB.
1863 2428 2013 2491 Cum
2070 2430 2250 2507 igitur
2293 2428 2465 2491 EAB
2521 2430 2716 2507 major
2770 2430 2856 2488 sit

773 2539 946 2603 quam
1015 2515 1221 2593 ΗΟΒ,
1284 2517 1534 2579 basibus
1601 2519 2086 2595 rectangulorum
2155 2518 2538 2596 aequalibus,
2602 2517 2853 2595 ideoque

776 2607 1147 2687 rectangulis
1196 2606 1254 2667 in
1302 2607 1554 2666 eundem
1601 2606 2038 2668 semicirculum
2097 2606 2559 2685 quadrantibus,
2610 2604 2725 2666 erit
2769 2603 2854 2664 BI

773 2700 967 2778 major
1025 2714 1205 2776 quam
1251 2694 1388 2755 BH.
1483 2694 1648 2774 Ergo
1706 2695 2060 2773 rectangula
2103 2695 2273 2767 ΒΙΕ,
2335 2694 2507 2756 ΒΗΕ
2556 2693 2699 2755 ‚basi
2744 2691 2854 2753 BE

773 2785 1064 2849 communi
1139 2802 1377 2845 rursum
1453 2783 1514 2843 in
1587 2783 1838 2843 eundem
1927 2783 2368 2844 semicirculum
2452 2781 2853 2863 quadrabant,

752 2875 1002 2955 'eritque
1051 2872 1190 2935 ideo
1236 2870 1410 2932 BEA
1469 2872 1662 2950 major
1728 2890 1906 2951 quam
1954 2870 2126 2933 ΒΕΗ
2171 2874 2263 2933 vel
2313 2870 2511 2943 BEC,
2582 2870 2721 2950 quia
2766 2869 2854 2930 illi

779 2963 1007 3043 longior
1055 2961 1142 3023 BI
1197 2959 1606 3033 subtenditur,
1677 2960 1814 3021 huic
1861 2961 1973 3021 ΒΗ
2030 2960 2287 3022 brevior.
2382 2959 2613 3020 Eodem
2677 2960 2855 3020 modo

777 3064 834 3113 et
876 3048 1047 3114 DEC
1114 3048 1309 3110 minor
1378 3067 1515 3109 esse
1593 3048 1951 3128 probabitur
2029 3068 2207 3127 quam
2265 3046 2464 3121 CEB,
2533 3048 2853 3111 dummodo

779 3150 1017 3214 teneas,
1071 3135 1242 3199 GBE
1293 3136 1483 3197 multo
1531 3138 1819 3199 minorem
1868 3156 2002 3197 esse
2051 3156 2229 3217 quam
2278 3134 2477 3210 GCE,
2541 3138 2685 3218 quia
2728 3133 2845 3197 GE

779 3230 911 3291 huic
952 3236 1024 3288 et
1068 3225 1294 3288 rectius
1343 3234 1405 3287 et
1448 3224 1694 3305 propius
1741 3225 2022 3304 objicitur
2067 3244 2245 3305 quam
2292 3225 2401 3285 illi.

948 3314 1394 3394 Propositio
1445 3314 1553 3376 IX.
1647 3314 1868 3374 Radii
1917 3314 2277 3394 paralleli
2328 3314 2721 3392 sphaeram
2779 3332 3086 3395 aqueam
3133 3318 3488 3399 ingressi,

782 3425 913 3487 quo
959 3402 1414 3467 remotiores
1463 3403 1548 3462 ab
1597 3420 1766 3477 axe,
1815 3403 1946 3464 hoc
1993 3402 2222 3463 citius
2267 3420 2418 3463 cum
2465 3420 2598 3463 axe
2648 3416 3117 3469 concurrunt.
3189 3408 3259 3469 In
3306 3409 3487 3471 sche-

781 3502 933 3556 mate
977 3493 1042 3553 in
1089 3493 1172 3565 A,
1219 3492 1293 3564 B,
1343 3488 1414 3565 O,
1463 3491 1520 3551 D
1568 3499 1795 3570 puncta
1852 3491 2124 3553 incidant
2168 3491 2445 3571 paralleli
2494 3490 2591 3550 axi
2640 3490 2785 3562 AE,
2836 3496 2936 3573 qui
2983 3497 3106 3558 sint
3150 3496 3295 3571 LA,
3344 3497 3498 3572 ΜΒ,-

777 3582 905 3653 NG.
950 3580 1091 3643 OD.
1184 3578 1267 3640 Et
1315 3579 1440 3641 sint
1483 3581 1672 3658 primo
1721 3580 2118 3642 refractiones
2165 3579 2657 3641 inclinationibus
2703 3582 3206 3660 proportionales,
3303 3585 3487 3646 incli-

780 3673 1051 3734 nationes
1099 3668 1197 3730 hic
1245 3675 1387 3729 sunt
1431 3668 1600 3729 LAF
1647 3668 1836 3737 nulla,
1887 3669 2102 3730 deinde
2149 3667 2351 3742 MBF,
2401 3666 2570 3729 NCF
2625 3676 2690 3729 et
2734 3667 2901 3731 ODF
2956 3670 3347 3734 horizontalis
3393 3673 3493 3735 vel

781 3760 1057 3823 mxima.
1151 3756 1240 3817 Et
1282 3757 1367 3817 sit
1410 3756 1554 3826 ΜΒ,
1602 3758 1965 3819 refractione
2013 3778 2133 3819 una
2177 3758 2345 3819 facta
2390 3758 2447 3817 in
2498 3755 2568 3829 B,
2619 3774 2942 3820 concursus
2989 3779 3121 3821 cnm
3169 3779 3292 3821 axe·
3330 3762 3391 3823 iu
3438 3760 3494 3822 Ε

784 3850 935 3911 ultra
977 3846 1247 3927 globum,
1294 3846 1676 3907 dissimulata
1713 3847 1841 3926 jam
1891 3846 2250 3908 refractione
2289 3846 2505 3918 altera,
2557 3864 2709 3924 quae
2747 3846 2813 3906 fit
2842 3847 2902 3907 in
2950 3848 3268 3926 posteriori
3314 3858 3494 3928 parte

782 3936 1108 4019 superficiei
1175 3934 1360 4014 globi.
1476 3931 1629 3995 Cum
1697 3953 1838 4013 ergo
1907 3954 2014 4013 per
2090 3936 2308 3997 lemma
2373 3935 2770 4013 praemissum
2841 3936 3042 4015 anguli
3109 3937 3184 3997 ad
3249 3934 3305 3996 Ε
3370 3936 3500 3998 sint

782 4027 1155 4107 inaequales,
1221 4022 1508 4101 aequales
1564 4042 1707 4084 vero
1766 4042 2052 4086 excessus
2107 4023 2600 4085 inclinationum:
2658 4042 2775 4085 non
2832 4034 3117 4103 poterunt
3165 4025 3367 4103 anguli
3416 4024 3500 4087 ad

782 4114 1223 4195 Erespoudere
1269 4111 1658 4192 proportione
1707 4112 2070 4185 incidentiis,
2118 4112 2233 4173 hoc
2262 4120 2378 4184 est,
2426 4112 2478 4171 si
2506 4111 2678 4172 BEA
2707 4114 2946 4194 (utpote
2994 4114 3502 4193 complementum

783 4204 949 4266 ΜΒΕ
996 4204 1080 4265 ad
1127 4200 1598 4273 semicirculum)
1645 4209 1742 4262 est
1788 4202 2044 4279 angulus
2083 4200 2287 4281 justus
2336 4199 2720 4262 retractionis
2765 4201 2916 4274 ΜΒ,
2968 4211 3111 4264 tunc
3160 4200 3333 4265 ΟΕΑ
3378 4221 3498 4265 nou

781 4293 1001 4372 poterit
1065 4309 1204 4353 esse
1271 4290 1530 4368 angulus
1594 4289 1977 4351 refractionis
2025 4288 2172 4362 NG,
2240 4289 2382 4369 quia
2445 4288 2752 4350 inclinatio
2799 4288 2968 4352 NCF
3033 4290 3218 4369 dupla
3275 4299 3374 4354 est
3417 4290 3506 4353 ad

785 4382 965 4456 MBF,
1017 4378 1189 4443 CEA
1248 4396 1394 4439 vero
1462 4378 1656 4439 minor
1717 4397 1892 4457 qnam
1952 4379 2167 4457 duplus
2215 4378 2407 4439 BEA.
2504 4375 2678 4446 Quod
2727 4379 2779 4439 si
2836 4389 2899 4439 et
2941 4377 3055 4442 ΝΟ
3112 4379 3496 4441 refractiouis

784 4472 1035 4551 angulus
1083 4468 1302 4549 duplus
1350 4486 1485 4527 esse
1534 4466 1733 4535 debet,
1784 4468 1988 4545 augeri
2041 4468 2239 4530 debet.
2317 4469 2594 4545 Augetur
2640 4485 2782 4528 vero
2821 4467 3004 4529 ducta
3042 4465 3165 4541 ΟΡ,
3216 4477 3282 4529 ut
3328 4475 3500 4529 secet

781 4557 889 4621 EA
934 4575 1117 4621 axem
1164 4564 1309 4617 aute
1355 4554 1409 4616 E
1455 4555 1512 4615 in
1562 4554 1634 4616 P.
1711 4555 1868 4616 Nam
1912 4554 2073 4617 CPA
2127 4555 2376 4617 interior
2423 4553 2694 4635 aequalis
2733 4565 2846 4616 est=
2877 4555 3274 4617 exterioribus
3315 4553 3495 4631 CEP,

783 4645 954 4720 EGP,
1025 4647 1236 4727 sicque
1299 4643 1492 4724 major
1557 4661 1735 4724 quam
1783 4642 1942 4706 CEP
1987 4645 2080 4706 vel
2134 4642 2320 4706 ΟΕΑ.
2415 4642 2600 4705 Patet
2664 4662 2836 4725 erg0,
2903 4644 2956 4705 si
3020 4641 3499 4725 proportionales

785 4746 984 4800 essent
1049 4734 1256 4815 auguli
1325 4734 1751 4795 refractionum
1820 4733 2057 4812 angulis
2123 4732 2614 4807 inclinationum,
2684 4733 3044 4795 refractione
3110 4751 3231 4793 una
3291 4733 3497 4793 facta:

788 4834 921 4890 tmc
965 4841 1049 4889 ex
1099 4821 1415 4906 parallelis
1482 4821 1794 4902 propiores
1860 4821 2339 4905 perpendiculari
2405 4820 2692 4884 remotius
2753 4841 2884 4883 cum
2945 4840 3020 4883 ea
3082 4839 3498 4898 concursuras,

792 4914 1138 4981 remotiores
1185 4933 1227 4974 a
1271 4908 1754 4992 perpendiculari
1801 4912 2140 4990 propiorem
2186 4911 2483 4991 sphaerae
2533 4910 2800 4972 facturas
2847 4908 3361 4971 intersectionem.

953 5004 1098 5066 Jam
1148 5019 1290 5063 vero
1340 5001 1393 5062 si
1441 4999 1682 5080 gemina
1728 5000 1836 5059 fiat
1892 5000 2204 5073 refracti0,
2266 5000 2520 5061 accedat
2588 5017 2799 5079 nempe
2859 5000 3058 5061 altera
3103 4999 3164 5060 in
3219 4998 3508 5078 opposita

793 5104 954 5169 parte
1001 5088 1360 5173 superficiei,
1411 5089 1565 5169 qnod
1612 5088 1681 5148 fit
1726 5088 1783 5149 in
1832 5088 1952 5150 illis
2001 5088 2234 5162 mediiS,
2285 5106 2531 5168 quorum
2573 5089 2658 5150 ita
2706 5088 3022 5150 moderata
3068 5094 3164 5149 est
3210 5086 3503 5163 densitas,

2960 5189 3077 5241 w*
