<?xml version="1.0" encoding="UTF-8"?>
<!DOCTYPE html PUBLIC "-//W3C//DTD XHTML 1.0 Transitional//EN"
    "http://www.w3.org/TR/xhtml1/DTD/xhtml1-transitional.dtd">
<html xmlns="http://www.w3.org/1999/xhtml" xml:lang="en" lang="en">
 <head>
  <title>
</title>
<meta http-equiv="Content-Type" content="text/html;charset=utf-8" />
  <meta name='ocr-system' content='tesseract 3.04.00' />
  <meta name='ocr-capabilities' content='ocr_page ocr_carea ocr_par ocr_line ocrx_word'/>
</head>
<body>
  <div class='ocr_page' id='page_1' title='image "./joanniskepleria02frisgoog_0348.png"; bbox 0 0 4584 6192; ppageno 0'>
   <div class='ocr_carea' id='block_1_1' title="bbox 994 565 1739 636">
    <p class='ocr_par' dir='ltr' id='par_1_1' title="bbox 994 565 1739 636">
     <span class='ocr_line' id='line_1_1' title="bbox 994 565 1739 636; baseline 0 -3"><span class='ocrx_word' id='word_1_1' title='bbox 994 565 1076 633; x_wconf 68' lang='lat' dir='ltr'>orpus</span> <span class='ocrx_word' id='word_1_2' title='bbox 1094 565 1125 618; x_wconf 82' lang='lat' dir='ltr'>x</span> <span class='ocrx_word' id='word_1_3' title='bbox 1673 566 1739 636; x_wconf 79' lang='lat' dir='ltr'>sat</span> 
     </span>
    </p>
   </div>
   <div class='ocr_carea' id='block_1_2' title="bbox 381 743 1746 4999">
    <p class='ocr_par' dir='ltr' id='par_1_2' title="bbox 381 743 1740 2155">
     <span class='ocr_line' id='line_1_2' title="bbox 382 743 1739 826; baseline 0.004 -18"><span class='ocrx_word' id='word_1_4' title='bbox 382 744 450 808; x_wconf 87' lang='lat' dir='ltr'>dine</span> <span class='ocrx_word' id='word_1_5' title='bbox 477 743 613 825; x_wconf 71' lang='lat' dir='ltr'>repent,</span> <span class='ocrx_word' id='word_1_6' title='bbox 646 762 713 806; x_wconf 91' lang='lat' dir='ltr'>cnm</span> <span class='ocrx_word' id='word_1_7' title='bbox 741 744 814 806; x_wconf 94' lang='lat' dir='ltr'>nihil</span> <span class='ocrx_word' id='word_1_8' title='bbox 844 745 906 807; x_wconf 89' lang='lat' dir='ltr'>tale</span> <span class='ocrx_word' id='word_1_9' title='bbox 938 745 998 826; x_wconf 90' lang='lat' dir='ltr'>ipsi</span> <span class='ocrx_word' id='word_1_10' title='bbox 1021 744 1105 805; x_wconf 88' lang='lat' dir='ltr'>coelo</span> <span class='ocrx_word' id='word_1_11' title='bbox 1128 744 1212 809; x_wconf 88' lang='lat' dir='ltr'>insit.</span> <span class='ocrx_word' id='word_1_12' title='bbox 1258 744 1337 807; x_wconf 85' lang='lat' dir='ltr'>Hinc</span> <span class='ocrx_word' id='word_1_13' title='bbox 1361 744 1486 807; x_wconf 86' lang='lat' dir='ltr'>Vitellio</span> <span class='ocrx_word' id='word_1_14' title='bbox 1511 746 1563 810; x_wconf 90' lang='lat' dir='ltr'>lib.</span> <span class='ocrx_word' id='word_1_15' title='bbox 1587 748 1646 810; x_wconf 89' lang='lat' dir='ltr'>IV.</span> <span class='ocrx_word' id='word_1_16' title='bbox 1671 768 1739 813; x_wconf 92' lang='lat' dir='ltr'>cnm</span> 
     </span>
     <span class='ocr_line' id='line_1_3' title="bbox 382 830 1738 915; baseline 0.002 -18"><span class='ocrx_word' id='word_1_17' title='bbox 382 852 465 915; x_wconf 89' lang='lat' dir='ltr'>prop.</span> <span class='ocrx_word' id='word_1_18' title='bbox 493 830 545 897; x_wconf 90' lang='grc'>10.</span> <span class='ocrx_word' id='word_1_19' title='bbox 570 833 770 908; x_wconf 80' lang='lat' dir='ltr'>ostendisset,</span> <span class='ocrx_word' id='word_1_20' title='bbox 794 853 922 914; x_wconf 88' lang='lat' dir='ltr'>corpora</span> <span class='ocrx_word' id='word_1_21' title='bbox 945 835 1085 896; x_wconf 88' lang='lat' dir='ltr'>ordinata</span> <span class='ocrx_word' id='word_1_22' title='bbox 1108 842 1140 895; x_wconf 91' lang='grc'>11</span> <span class='ocrx_word' id='word_1_23' title='bbox 1163 834 1339 896; x_wconf 88' lang='lat' dir='ltr'>continuata</span> <span class='ocrx_word' id='word_1_24' title='bbox 1362 854 1429 896; x_wconf 90' lang='lat' dir='ltr'>cum</span> <span class='ocrx_word' id='word_1_25' title='bbox 1452 834 1518 897; x_wconf 84' lang='lat' dir='ltr'>visu</span> <span class='ocrx_word' id='word_1_26' title='bbox 1541 837 1738 901; x_wconf 77' lang='lat' dir='ltr'><strong>remotionem</strong></span> 
     </span>
     <span class='ocr_line' id='line_1_4' title="bbox 382 921 1738 1006; baseline 0.005 -21"><span class='ocrx_word' id='word_1_27' title='bbox 382 921 476 985; x_wconf 88' lang='lat' dir='ltr'>ultimi</span> <span class='ocrx_word' id='word_1_28' title='bbox 501 940 629 1002; x_wconf 81' lang='lat' dir='ltr'>arguere</span> <span class='ocrx_word' id='word_1_29' title='bbox 652 923 806 1000; x_wconf 88' lang='lat' dir='ltr'>majorem,</span> <span class='ocrx_word' id='word_1_30' title='bbox 832 924 962 1003; x_wconf 91' lang='lat' dir='ltr'>quamsi</span> <span class='ocrx_word' id='word_1_31' title='bbox 978 943 1035 985; x_wconf 92' lang='lat' dir='ltr'>non</span> <span class='ocrx_word' id='word_1_32' title='bbox 1051 932 1154 984; x_wconf 90' lang='lat' dir='ltr'>essent</span> <span class='ocrx_word' id='word_1_33' title='bbox 1177 924 1316 985; x_wconf 90' lang='lat' dir='ltr'>ordinata</span> <span class='ocrx_word' id='word_1_34' title='bbox 1331 933 1362 984; x_wconf 89' lang='lat' dir='ltr'>et</span> <span class='ocrx_word' id='word_1_35' title='bbox 1376 924 1560 1000; x_wconf 91' lang='lat' dir='ltr'>continuata,</span> <span class='ocrx_word' id='word_1_36' title='bbox 1584 946 1668 1006; x_wconf 86' lang='lat' dir='ltr'>prop.</span> <span class='ocrx_word' id='word_1_37' title='bbox 1686 924 1738 992; x_wconf 83' lang='lat'>13.</span> 
     </span>
     <span class='ocr_line' id='line_1_5' title="bbox 382 1010 1739 1094; baseline 0.003 -20"><span class='ocrx_word' id='word_1_38' title='bbox 382 1010 529 1086; x_wconf 75' lang='lat' dir='ltr'><strong>ostendit,</strong></span> <span class='ocrx_word' id='word_1_39' title='bbox 565 1030 617 1072; x_wconf 91' lang='lat' dir='ltr'>cnr</span> <span class='ocrx_word' id='word_1_40' title='bbox 648 1010 768 1073; x_wconf 85' lang='lat' dir='ltr'>horizon</span> <span class='ocrx_word' id='word_1_41' title='bbox 800 1013 911 1073; x_wconf 80' lang='lat' dir='ltr'>Terrae</span> <span class='ocrx_word' id='word_1_42' title='bbox 944 1013 1105 1074; x_wconf 89' lang='lat' dir='ltr'>cohaerere</span> <span class='ocrx_word' id='word_1_43' title='bbox 1137 1014 1236 1086; x_wconf 90' lang='lat' dir='ltr'>coelo,</span> <span class='ocrx_word' id='word_1_44' title='bbox 1269 1022 1300 1074; x_wconf 92' lang='lat' dir='ltr'>et</span> <span class='ocrx_word' id='word_1_45' title='bbox 1327 1013 1381 1073; x_wconf 90' lang='lat' dir='ltr'>illa</span> <span class='ocrx_word' id='word_1_46' title='bbox 1412 1014 1486 1074; x_wconf 88' lang='lat' dir='ltr'>coeli</span> <span class='ocrx_word' id='word_1_47' title='bbox 1515 1034 1587 1094; x_wconf 91' lang='lat' dir='ltr'>pars</span> <span class='ocrx_word' id='word_1_48' title='bbox 1611 1015 1739 1078; x_wconf 89' lang='lat' dir='ltr'>anobis</span> 
     </span>
     <span class='ocr_line' id='line_1_6' title="bbox 381 1098 1739 1183; baseline 0.002 -21"><span class='ocrx_word' id='word_1_49' title='bbox 381 1100 539 1175; x_wconf 80' lang='lat' dir='ltr'>remotior,</span> <span class='ocrx_word' id='word_1_50' title='bbox 563 1098 728 1162; x_wconf 75' lang='lat' dir='ltr'><strong>distantiae</strong></span> <span class='ocrx_word' id='word_1_51' title='bbox 752 1100 883 1163; x_wconf 88' lang='lat' dir='ltr'>siderum</span> <span class='ocrx_word' id='word_1_52' title='bbox 906 1102 1036 1181; x_wconf 90' lang='lat' dir='ltr'>majores</span> <span class='ocrx_word' id='word_1_53' title='bbox 1061 1112 1245 1181; x_wconf 81' lang='lat' dir='ltr'>appareant,</span> <span class='ocrx_word' id='word_1_54' title='bbox 1280 1121 1366 1182; x_wconf 90' lang='lat' dir='ltr'>qnam</span> <span class='ocrx_word' id='word_1_55' title='bbox 1391 1122 1466 1183; x_wconf 89' lang='lat' dir='ltr'>quae</span> <span class='ocrx_word' id='word_1_56' title='bbox 1492 1104 1615 1165; x_wconf 90' lang='lat' dir='ltr'>suntin</span> <span class='ocrx_word' id='word_1_57' title='bbox 1639 1103 1739 1166; x_wconf 90' lang='lat' dir='ltr'>zenith</span> 
     </span>
     <span class='ocr_line' id='line_1_7' title="bbox 382 1187 1740 1270; baseline 0.004 -19"><span class='ocrx_word' id='word_1_58' title='bbox 382 1189 502 1270; x_wconf 90' lang='lat' dir='ltr'>eapitis.</span> <span class='ocrx_word' id='word_1_59' title='bbox 549 1187 629 1252; x_wconf 84' lang='lat' dir='ltr'>Sunt</span> <span class='ocrx_word' id='word_1_60' title='bbox 651 1189 744 1268; x_wconf 87' lang='lat' dir='ltr'>igitur</span> <span class='ocrx_word' id='word_1_61' title='bbox 766 1191 823 1252; x_wconf 89' lang='lat' dir='ltr'>hae</span> <span class='ocrx_word' id='word_1_62' title='bbox 848 1190 1038 1253; x_wconf 84' lang='lat' dir='ltr'>necessariae</span> <span class='ocrx_word' id='word_1_63' title='bbox 1062 1191 1145 1252; x_wconf 89' lang='lat' dir='ltr'>visus</span> <span class='ocrx_word' id='word_1_64' title='bbox 1169 1191 1398 1270; x_wconf 84' lang='lat' dir='ltr'>appellationes,</span> <span class='ocrx_word' id='word_1_65' title='bbox 1424 1192 1529 1270; x_wconf 90' lang='lat' dir='ltr'>quibus</span> <span class='ocrx_word' id='word_1_66' title='bbox 1554 1212 1656 1255; x_wconf 88' lang='lat' dir='ltr'>carere</span> <span class='ocrx_word' id='word_1_67' title='bbox 1679 1212 1740 1256; x_wconf 94' lang='lat' dir='ltr'>non</span> 
     </span>
     <span class='ocr_line' id='line_1_8' title="bbox 381 1277 1739 1361; baseline 0.003 -21"><span class='ocrx_word' id='word_1_68' title='bbox 381 1297 555 1361; x_wconf 89' lang='lat' dir='ltr'>possemus,</span> <span class='ocrx_word' id='word_1_69' title='bbox 588 1278 648 1339; x_wconf 90' lang='lat' dir='ltr'>etsi</span> <span class='ocrx_word' id='word_1_70' title='bbox 671 1277 700 1339; x_wconf 96' lang='lat' dir='ltr'>in</span> <span class='ocrx_word' id='word_1_71' title='bbox 734 1279 823 1358; x_wconf 88' lang='lat' dir='ltr'>globo</span> <span class='ocrx_word' id='word_1_72' title='bbox 847 1280 950 1341; x_wconf 90' lang='lat' dir='ltr'>Lunae</span> <span class='ocrx_word' id='word_1_73' title='bbox 974 1298 1044 1340; x_wconf 91' lang='lat' dir='ltr'>vere</span> <span class='ocrx_word' id='word_1_74' title='bbox 1069 1280 1378 1342; x_wconf 87' lang='lat' dir='ltr'>circumvolveremur.</span> <span class='ocrx_word' id='word_1_75' title='bbox 1426 1279 1493 1351; x_wconf 83' lang='lat' dir='ltr'>Quo</span> <span class='ocrx_word' id='word_1_76' title='bbox 1517 1281 1613 1343; x_wconf 88' lang='lat' dir='ltr'>minus</span> <span class='ocrx_word' id='word_1_77' title='bbox 1636 1281 1739 1344; x_wconf 90' lang='lat' dir='ltr'>mirari</span> 
     </span>
     <span class='ocr_line' id='line_1_9' title="bbox 382 1367 1739 1448; baseline 0.001 -18"><span class='ocrx_word' id='word_1_78' title='bbox 382 1367 543 1441; x_wconf 85' lang='lat' dir='ltr'>debemus,</span> <span class='ocrx_word' id='word_1_79' title='bbox 576 1386 683 1429; x_wconf 86' lang='lat' dir='ltr'>susum</span> <span class='ocrx_word' id='word_1_80' title='bbox 715 1386 783 1429; x_wconf 89' lang='lat' dir='ltr'>esse</span> <span class='ocrx_word' id='word_1_81' title='bbox 817 1368 1001 1448; x_wconf 85' lang='lat' dir='ltr'>distinguere</span> <span class='ocrx_word' id='word_1_82' title='bbox 1035 1367 1234 1447; x_wconf 85' lang='lat' dir='ltr'>Copernicnm</span> <span class='ocrx_word' id='word_1_83' title='bbox 1263 1369 1343 1431; x_wconf 92' lang='lat' dir='ltr'>inter</span> <span class='ocrx_word' id='word_1_84' title='bbox 1375 1388 1426 1442; x_wconf 93' lang='lat' dir='ltr'>ea,</span> <span class='ocrx_word' id='word_1_85' title='bbox 1463 1388 1538 1448; x_wconf 91' lang='lat' dir='ltr'>quae</span> <span class='ocrx_word' id='word_1_86' title='bbox 1573 1370 1603 1431; x_wconf 91' lang='lat' dir='ltr'>in</span> <span class='ocrx_word' id='word_1_87' title='bbox 1635 1369 1739 1432; x_wconf 85' lang='lat' dir='ltr'>Sacris</span> 
     </span>
     <span class='ocr_line' id='line_1_10' title="bbox 383 1456 1739 1538; baseline 0.001 -19"><span class='ocrx_word' id='word_1_88' title='bbox 383 1456 479 1519; x_wconf 83' lang='lat' dir='ltr'>literis</span> <span class='ocrx_word' id='word_1_89' title='bbox 503 1456 542 1517; x_wconf 88' lang='lat' dir='ltr'>ad</span> <span class='ocrx_word' id='word_1_90' title='bbox 565 1456 649 1517; x_wconf 88' lang='lat' dir='ltr'>visos</span> <span class='ocrx_word' id='word_1_91' title='bbox 672 1457 821 1518; x_wconf 88' lang='lat' dir='ltr'>rationem</span> <span class='ocrx_word' id='word_1_92' title='bbox 846 1458 1055 1537; x_wconf 85' lang='lat' dir='ltr'>explicandam</span> <span class='ocrx_word' id='word_1_93' title='bbox 1078 1466 1159 1519; x_wconf 90' lang='lat' dir='ltr'>recte</span> <span class='ocrx_word' id='word_1_94' title='bbox 1184 1458 1302 1536; x_wconf 90' lang='lat' dir='ltr'>quidem</span> <span class='ocrx_word' id='word_1_95' title='bbox 1333 1457 1484 1531; x_wconf 88' lang='lat' dir='ltr'>dicuntur,</span> <span class='ocrx_word' id='word_1_96' title='bbox 1511 1464 1542 1519; x_wconf 90' lang='lat' dir='ltr'>et</span> <span class='ocrx_word' id='word_1_97' title='bbox 1565 1458 1631 1534; x_wconf 91' lang='lat' dir='ltr'>illa,</span> <span class='ocrx_word' id='word_1_98' title='bbox 1663 1477 1739 1538; x_wconf 89' lang='lat' dir='ltr'>quae</span> 
     </span>
     <span class='ocr_line' id='line_1_11' title="bbox 383 1544 1739 1626; baseline 0.001 -19"><span class='ocrx_word' id='word_1_99' title='bbox 383 1544 585 1607; x_wconf 83' lang='lat' dir='ltr'>astronomiae</span> <span class='ocrx_word' id='word_1_100' title='bbox 618 1545 794 1606; x_wconf 87' lang='lat' dir='ltr'>examinata</span> <span class='ocrx_word' id='word_1_101' title='bbox 825 1546 914 1607; x_wconf 89' lang='lat' dir='ltr'>aliter</span> <span class='ocrx_word' id='word_1_102' title='bbox 946 1546 1055 1608; x_wconf 88' lang='lat' dir='ltr'>habere</span> <span class='ocrx_word' id='word_1_103' title='bbox 1088 1546 1359 1626; x_wconf 88' lang='lat' dir='ltr'>deprehenduntur.</span> <span class='ocrx_word' id='word_1_104' title='bbox 1414 1546 1484 1609; x_wconf 91' lang='lat' dir='ltr'>Non</span> <span class='ocrx_word' id='word_1_105' title='bbox 1517 1546 1595 1608; x_wconf 90' lang='lat' dir='ltr'>enim</span> <span class='ocrx_word' id='word_1_106' title='bbox 1629 1547 1739 1609; x_wconf 85' lang='lat' dir='ltr'>falsum</span> 
     </span>
     <span class='ocr_line' id='line_1_12' title="bbox 383 1633 1739 1715; baseline 0.001 -19"><span class='ocrx_word' id='word_1_107' title='bbox 383 1634 501 1708; x_wconf 91' lang='lat' dir='ltr'>dicunt,</span> <span class='ocrx_word' id='word_1_108' title='bbox 530 1633 585 1696; x_wconf 93' lang='lat' dir='ltr'>sed</span> <span class='ocrx_word' id='word_1_109' title='bbox 608 1651 729 1695; x_wconf 90' lang='lat' dir='ltr'>sensum</span> <span class='ocrx_word' id='word_1_110' title='bbox 752 1634 835 1696; x_wconf 88' lang='lat' dir='ltr'>visus</span> <span class='ocrx_word' id='word_1_111' title='bbox 858 1635 915 1696; x_wconf 90' lang='lat' dir='ltr'>hoo</span> <span class='ocrx_word' id='word_1_112' title='bbox 939 1635 1039 1696; x_wconf 86' lang='lat' dir='ltr'>dicere</span> <span class='ocrx_word' id='word_1_113' title='bbox 1063 1634 1218 1696; x_wconf 87' lang='lat' dir='ltr'>verissime</span> <span class='ocrx_word' id='word_1_114' title='bbox 1252 1642 1430 1697; x_wconf 85' lang='lat' dir='ltr'>asseverant</span> <span class='ocrx_word' id='word_1_115' title='bbox 1443 1653 1452 1708; x_wconf 83' lang='lat'><em>3</em></span> <span class='ocrx_word' id='word_1_116' title='bbox 1481 1654 1534 1697; x_wconf 89' lang='lat' dir='ltr'>seu</span> <span class='ocrx_word' id='word_1_117' title='bbox 1557 1635 1658 1715; x_wconf 92' lang='lat' dir='ltr'>potius</span> <span class='ocrx_word' id='word_1_118' title='bbox 1682 1636 1739 1697; x_wconf 94' lang='lat' dir='ltr'>hoo</span> 
     </span>
     <span class='ocr_line' id='line_1_13' title="bbox 382 1723 1739 1801; baseline 0.002 -18"><span class='ocrx_word' id='word_1_119' title='bbox 382 1742 402 1783; x_wconf 85' lang='grc'>1</span> <span class='ocrx_word' id='word_1_120' title='bbox 423 1723 492 1785; x_wconf 84' lang='lat' dir='ltr'>visu</span> <span class='ocrx_word' id='word_1_121' title='bbox 515 1729 693 1801; x_wconf 81' lang='lat' dir='ltr'>suggestum</span> <span class='ocrx_word' id='word_1_122' title='bbox 717 1723 755 1783; x_wconf 87' lang='lat' dir='ltr'>ad</span> <span class='ocrx_word' id='word_1_123' title='bbox 783 1723 954 1785; x_wconf 91' lang='lat' dir='ltr'>institutum</span> <span class='ocrx_word' id='word_1_124' title='bbox 978 1743 1063 1785; x_wconf 91' lang='lat' dir='ltr'>soom</span> <span class='ocrx_word' id='word_1_125' title='bbox 1087 1726 1335 1785; x_wconf 87' lang='lat' dir='ltr'>accommodant:</span> <span class='ocrx_word' id='word_1_126' title='bbox 1371 1731 1561 1785; x_wconf 84' lang='lat' dir='ltr'>astronomus</span> <span class='ocrx_word' id='word_1_127' title='bbox 1590 1742 1661 1785; x_wconf 87' lang='lat' dir='ltr'>vero</span> <span class='ocrx_word' id='word_1_128' title='bbox 1685 1744 1739 1786; x_wconf 86' lang='lat' dir='ltr'>ssu</span> 
     </span>
     <span class='ocr_line' id='line_1_14' title="bbox 383 1810 1738 1892; baseline 0.001 -20"><span class='ocrx_word' id='word_1_129' title='bbox 383 1810 482 1891; x_wconf 82' lang='lat' dir='ltr'>magis</span> <span class='ocrx_word' id='word_1_130' title='bbox 514 1811 633 1892; x_wconf 90' lang='lat' dir='ltr'>opticus</span> <span class='ocrx_word' id='word_1_131' title='bbox 664 1830 785 1873; x_wconf 90' lang='lat' dir='ltr'>sensnm</span> <span class='ocrx_word' id='word_1_132' title='bbox 813 1812 896 1874; x_wconf 84' lang='lat' dir='ltr'>visus</span> <span class='ocrx_word' id='word_1_133' title='bbox 927 1812 1066 1874; x_wconf 85' lang='lat' dir='ltr'>fallaciae</span> <span class='ocrx_word' id='word_1_134' title='bbox 1095 1811 1172 1873; x_wconf 88' lang='lat' dir='ltr'>citra</span> <span class='ocrx_word' id='word_1_135' title='bbox 1204 1832 1320 1874; x_wconf 92' lang='lat' dir='ltr'>omnem</span> <span class='ocrx_word' id='word_1_136' title='bbox 1349 1811 1560 1875; x_wconf 86' lang='lat' dir='ltr'>contumeliam</span> <span class='ocrx_word' id='word_1_137' title='bbox 1590 1813 1738 1892; x_wconf 81' lang='lat' dir='ltr'>coarguit.</span> 
     </span>
     <span class='ocr_line' id='line_1_15' title="bbox 382 1899 1740 1981; baseline 0 -20"><span class='ocrx_word' id='word_1_138' title='bbox 382 1899 531 1980; x_wconf 77' lang='lat' dir='ltr'>Equidem</span> <span class='ocrx_word' id='word_1_139' title='bbox 553 1918 620 1961; x_wconf 86' lang='lat' dir='ltr'>eom</span> <span class='ocrx_word' id='word_1_140' title='bbox 644 1900 773 1978; x_wconf 82' lang='lat' dir='ltr'>legimns</span> <span class='ocrx_word' id='word_1_141' title='bbox 791 1900 873 1962; x_wconf 87' lang='lat' dir='ltr'>mille</span> <span class='ocrx_word' id='word_1_142' title='bbox 893 1899 967 1963; x_wconf 87' lang='lat' dir='ltr'>locis</span> <span class='ocrx_word' id='word_1_143' title='bbox 987 1900 1169 1963; x_wconf 90' lang='lat' dir='ltr'>mentionem</span> <span class='ocrx_word' id='word_1_144' title='bbox 1188 1910 1388 1963; x_wconf 87' lang='lat' dir='ltr'>extremomm</span> <span class='ocrx_word' id='word_1_145' title='bbox 1403 1901 1490 1975; x_wconf 87' lang='lat' dir='ltr'>coeli,</span> <span class='ocrx_word' id='word_1_146' title='bbox 1515 1901 1554 1962; x_wconf 92' lang='lat' dir='ltr'>ad</span> <span class='ocrx_word' id='word_1_147' title='bbox 1574 1920 1649 1981; x_wconf 88' lang='lat' dir='ltr'>quae</span> <span class='ocrx_word' id='word_1_148' title='bbox 1665 1920 1740 1980; x_wconf 85' lang='lat' dir='ltr'>gens</span> 
     </span>
     <span class='ocr_line' id='line_1_16' title="bbox 382 1986 1740 2070; baseline 0 -21"><span class='ocrx_word' id='word_1_149' title='bbox 382 1986 503 2051; x_wconf 88' lang='lat' dir='ltr'>Jndaea</span> <span class='ocrx_word' id='word_1_150' title='bbox 524 1988 716 2067; x_wconf 80' lang='lat' dir='ltr'>dispergatur</span> <span class='ocrx_word' id='word_1_151' title='bbox 740 1990 867 2069; x_wconf 88' lang='lat' dir='ltr'>indeque</span> <span class='ocrx_word' id='word_1_152' title='bbox 890 1999 1065 2065; x_wconf 87' lang='lat' dir='ltr'>revocetur,</span> <span class='ocrx_word' id='word_1_153' title='bbox 1090 2009 1178 2051; x_wconf 91' lang='lat' dir='ltr'>nemo</span> <span class='ocrx_word' id='word_1_154' title='bbox 1202 2009 1260 2052; x_wconf 95' lang='lat' dir='ltr'>non</span> <span class='ocrx_word' id='word_1_155' title='bbox 1284 1990 1383 2064; x_wconf 83' lang='lat' dir='ltr'>videt,</span> <span class='ocrx_word' id='word_1_156' title='bbox 1407 1990 1462 2052; x_wconf 92' lang='lat' dir='ltr'>illa</span> <span class='ocrx_word' id='word_1_157' title='bbox 1484 2008 1539 2070; x_wconf 90' lang='lat' dir='ltr'>per</span> <span class='ocrx_word' id='word_1_158' title='bbox 1565 1987 1615 2053; x_wconf 86' lang='lat'>13.</span> <span class='ocrx_word' id='word_1_159' title='bbox 1640 1989 1740 2069; x_wconf 86' lang='lat' dir='ltr'>quarti</span> 
     </span>
     <span class='ocr_line' id='line_1_17' title="bbox 385 2076 774 2155; baseline 0 -16"><span class='ocrx_word' id='word_1_160' title='bbox 385 2076 562 2139; x_wconf 88' lang='lat' dir='ltr'>Vitellionis</span> <span class='ocrx_word' id='word_1_161' title='bbox 585 2077 774 2155; x_wconf 90' lang='lat' dir='ltr'>explicanda.</span> 
     </span>
    </p>

    <p class='ocr_par' dir='ltr' id='par_1_3' title="bbox 384 2163 1745 4109">
     <span class='ocr_line' id='line_1_18' title="bbox 473 2163 1740 2247; baseline -0.002 -20"><span class='ocrx_word' id='word_1_162' title='bbox 473 2163 550 2227; x_wconf 83' lang='lat' dir='ltr'>Com</span> <span class='ocrx_word' id='word_1_163' title='bbox 573 2184 644 2227; x_wconf 86' lang='lat' dir='ltr'>vero</span> <span class='ocrx_word' id='word_1_164' title='bbox 667 2185 721 2246; x_wconf 90' lang='lat' dir='ltr'>per</span> <span class='ocrx_word' id='word_1_165' title='bbox 743 2165 814 2229; x_wconf 92' lang='grc'><strong>111.</strong></span> <span class='ocrx_word' id='word_1_166' title='bbox 839 2166 938 2247; x_wconf 86' lang='lat' dir='ltr'>quarti</span> <span class='ocrx_word' id='word_1_167' title='bbox 957 2165 1064 2229; x_wconf 87' lang='lat' dir='ltr'>Vitell.</span> <span class='ocrx_word' id='word_1_168' title='bbox 1085 2186 1122 2227; x_wconf 84' lang='lat' dir='ltr'>ex</span> <span class='ocrx_word' id='word_1_169' title='bbox 1141 2165 1252 2244; x_wconf 90' lang='lat' dir='ltr'>spatio,</span> <span class='ocrx_word' id='word_1_170' title='bbox 1277 2183 1367 2245; x_wconf 91' lang='lat' dir='ltr'>snper</span> <span class='ocrx_word' id='word_1_171' title='bbox 1390 2165 1468 2245; x_wconf 91' lang='lat' dir='ltr'>quod</span> <span class='ocrx_word' id='word_1_172' title='bbox 1491 2164 1609 2227; x_wconf 87' lang='lat' dir='ltr'>visibile</span> <span class='ocrx_word' id='word_1_173' title='bbox 1633 2184 1740 2227; x_wconf 89' lang='lat' dir='ltr'>move·</span> 
     </span>
     <span class='ocr_line' id='line_1_19' title="bbox 384 2253 1742 2334; baseline -0.001 -17"><span class='ocrx_word' id='word_1_174' title='bbox 384 2261 441 2330; x_wconf 87' lang='lat' dir='ltr'>tor,</span> <span class='ocrx_word' id='word_1_175' title='bbox 464 2262 566 2316; x_wconf 90' lang='lat' dir='ltr'>motos</span> <span class='ocrx_word' id='word_1_176' title='bbox 589 2253 655 2333; x_wconf 89' lang='lat' dir='ltr'>ipse</span> <span class='ocrx_word' id='word_1_177' title='bbox 679 2264 854 2317; x_wconf 86' lang='lat' dir='ltr'>censeatur:</span> <span class='ocrx_word' id='word_1_178' title='bbox 880 2255 975 2317; x_wconf 90' lang='lat' dir='ltr'>omnis</span> <span class='ocrx_word' id='word_1_179' title='bbox 999 2273 1070 2316; x_wconf 90' lang='lat' dir='ltr'>vero</span> <span class='ocrx_word' id='word_1_180' title='bbox 1095 2262 1195 2316; x_wconf 90' lang='lat' dir='ltr'>motus</span> <span class='ocrx_word' id='word_1_181' title='bbox 1214 2254 1244 2315; x_wconf 91' lang='lat' dir='ltr'>in</span> <span class='ocrx_word' id='word_1_182' title='bbox 1270 2254 1440 2326; x_wconf 75' lang='lat' dir='ltr'>limabat,</span> <span class='ocrx_word' id='word_1_183' title='bbox 1466 2273 1560 2334; x_wconf 88' lang='lat' dir='ltr'>eaque</span> <span class='ocrx_word' id='word_1_184' title='bbox 1584 2254 1632 2315; x_wconf 88' lang='lat' dir='ltr'>vel</span> <span class='ocrx_word' id='word_1_185' title='bbox 1656 2261 1742 2316; x_wconf 91' lang='lat' dir='ltr'>recta</span> 
     </span>
     <span class='ocr_line' id='line_1_20' title="bbox 384 2342 1738 2424; baseline 0.001 -20"><span class='ocrx_word' id='word_1_186' title='bbox 384 2343 433 2405; x_wconf 82' lang='lat' dir='ltr'>vel</span> <span class='ocrx_word' id='word_1_187' title='bbox 464 2343 621 2415; x_wconf 84' lang='lat' dir='ltr'>circulari,</span> <span class='ocrx_word' id='word_1_188' title='bbox 653 2351 742 2423; x_wconf 89' lang='lat' dir='ltr'>patet</span> <span class='ocrx_word' id='word_1_189' title='bbox 773 2344 877 2424; x_wconf 82' lang='lat' dir='ltr'>igitur,</span> <span class='ocrx_word' id='word_1_190' title='bbox 910 2343 935 2404; x_wconf 93' lang='lat' dir='ltr'>si</span> <span class='ocrx_word' id='word_1_191' title='bbox 967 2343 1033 2423; x_wconf 90' lang='lat' dir='ltr'>quis</span> <span class='ocrx_word' id='word_1_192' title='bbox 1064 2361 1145 2405; x_wconf 85' lang='lat' dir='ltr'>error</span> <span class='ocrx_word' id='word_1_193' title='bbox 1179 2343 1290 2404; x_wconf 87' lang='lat' dir='ltr'>accidit</span> <span class='ocrx_word' id='word_1_194' title='bbox 1318 2342 1396 2403; x_wconf 90' lang='lat' dir='ltr'>visui</span> <span class='ocrx_word' id='word_1_195' title='bbox 1424 2342 1452 2403; x_wconf 92' lang='lat' dir='ltr'>in</span> <span class='ocrx_word' id='word_1_196' title='bbox 1477 2342 1564 2404; x_wconf 89' lang='lat' dir='ltr'>lineis</span> <span class='ocrx_word' id='word_1_197' title='bbox 1595 2349 1738 2419; x_wconf 87' lang='lat' dir='ltr'>motuum,</span> 
     </span>
     <span class='ocr_line' id='line_1_21' title="bbox 385 2430 1741 2512; baseline 0 -19"><span class='ocrx_word' id='word_1_198' title='bbox 385 2432 513 2493; x_wconf 88' lang='lat' dir='ltr'>enodem</span> <span class='ocrx_word' id='word_1_199' title='bbox 536 2431 567 2493; x_wconf 92' lang='lat' dir='ltr'>in</span> <span class='ocrx_word' id='word_1_200' title='bbox 590 2432 722 2494; x_wconf 92' lang='lat' dir='ltr'>motibus</span> <span class='ocrx_word' id='word_1_201' title='bbox 745 2432 822 2512; x_wconf 90' lang='lat' dir='ltr'>ipsis</span> <span class='ocrx_word' id='word_1_202' title='bbox 846 2432 993 2494; x_wconf 87' lang='lat' dir='ltr'>accidere.</span> <span class='ocrx_word' id='word_1_203' title='bbox 1025 2431 1206 2512; x_wconf 88' lang='lat' dir='ltr'>Hujnsmodi</span> <span class='ocrx_word' id='word_1_204' title='bbox 1230 2451 1356 2507; x_wconf 87' lang='lat' dir='ltr'>errores,</span> <span class='ocrx_word' id='word_1_205' title='bbox 1381 2450 1434 2492; x_wconf 89' lang='lat' dir='ltr'>seu</span> <span class='ocrx_word' id='word_1_206' title='bbox 1453 2430 1552 2512; x_wconf 89' lang='lat' dir='ltr'>potius</span> <span class='ocrx_word' id='word_1_207' title='bbox 1572 2453 1741 2511; x_wconf 69' lang='lat' dir='ltr'>ponoenas,</span> 
     </span>
     <span class='ocr_line' id='line_1_22' title="bbox 385 2520 1740 2602; baseline 0.001 -21"><span class='ocrx_word' id='word_1_208' title='bbox 385 2521 510 2582; x_wconf 89' lang='lat' dir='ltr'>duorum</span> <span class='ocrx_word' id='word_1_209' title='bbox 534 2529 606 2582; x_wconf 89' lang='lat' dir='ltr'>sunt</span> <span class='ocrx_word' id='word_1_210' title='bbox 635 2539 776 2600; x_wconf 86' lang='lat' dir='ltr'>genemm</span> <span class='ocrx_word' id='word_1_211' title='bbox 809 2522 888 2602; x_wconf 91' lang='lat' dir='ltr'>apud</span> <span class='ocrx_word' id='word_1_212' title='bbox 922 2528 1126 2595; x_wconf 88' lang='lat' dir='ltr'>astronomos,</span> <span class='ocrx_word' id='word_1_213' title='bbox 1161 2520 1323 2585; x_wconf 89' lang='lat' dir='ltr'>secuudum</span> <span class='ocrx_word' id='word_1_214' title='bbox 1348 2520 1426 2599; x_wconf 90' lang='lat' dir='ltr'>qnod</span> <span class='ocrx_word' id='word_1_215' title='bbox 1450 2521 1525 2581; x_wconf 90' lang='lat' dir='ltr'>duos</span> <span class='ocrx_word' id='word_1_216' title='bbox 1549 2520 1740 2600; x_wconf 90' lang='lat' dir='ltr'>potissimum</span> 
     </span>
     <span class='ocr_line' id='line_1_23' title="bbox 387 2607 1741 2689; baseline 0.001 -20"><span class='ocrx_word' id='word_1_217' title='bbox 387 2607 515 2671; x_wconf 89' lang='lat' dir='ltr'>circulos</span> <span class='ocrx_word' id='word_1_218' title='bbox 538 2609 589 2670; x_wconf 94' lang='lat' dir='ltr'>nni</span> <span class='ocrx_word' id='word_1_219' title='bbox 611 2609 752 2687; x_wconf 89' lang='lat' dir='ltr'>planetae</span> <span class='ocrx_word' id='word_1_220' title='bbox 777 2610 921 2683; x_wconf 91' lang='lat' dir='ltr'>tribuunt,</span> <span class='ocrx_word' id='word_1_221' title='bbox 947 2610 1074 2672; x_wconf 90' lang='lat' dir='ltr'>alterurn</span> <span class='ocrx_word' id='word_1_222' title='bbox 1093 2609 1302 2684; x_wconf 89' lang='lat' dir='ltr'>eccentricnm‚</span> <span class='ocrx_word' id='word_1_223' title='bbox 1328 2609 1456 2670; x_wconf 88' lang='lat' dir='ltr'>alterurn</span> <span class='ocrx_word' id='word_1_224' title='bbox 1471 2608 1647 2689; x_wconf 87' lang='lat' dir='ltr'>epicyelnm.</span> <span class='ocrx_word' id='word_1_225' title='bbox 1676 2608 1741 2670; x_wconf 89' lang='lat' dir='ltr'>Sed</span> 
     </span>
     <span class='ocr_line' id='line_1_24' title="bbox 385 2697 1741 2779; baseline 0.001 -20"><span class='ocrx_word' id='word_1_226' title='bbox 385 2698 475 2760; x_wconf 85' lang='lat' dir='ltr'>aliter</span> <span class='ocrx_word' id='word_1_227' title='bbox 496 2697 701 2773; x_wconf 88' lang='lat' dir='ltr'>Ptolemaeus,</span> <span class='ocrx_word' id='word_1_228' title='bbox 726 2698 815 2760; x_wconf 90' lang='lat' dir='ltr'>aliter</span> <span class='ocrx_word' id='word_1_229' title='bbox 838 2697 1035 2779; x_wconf 82' lang='lat' dir='ltr'>Copemicns,</span> <span class='ocrx_word' id='word_1_230' title='bbox 1059 2717 1145 2778; x_wconf 91' lang='lat' dir='ltr'>quern</span> <span class='ocrx_word' id='word_1_231' title='bbox 1170 2717 1226 2777; x_wconf 84' lang='lat' dir='ltr'>ego</span> <span class='ocrx_word' id='word_1_232' title='bbox 1251 2717 1368 2777; x_wconf 86' lang='lat' dir='ltr'>sequor,</span> <span class='ocrx_word' id='word_1_233' title='bbox 1393 2697 1482 2760; x_wconf 89' lang='lat' dir='ltr'>aliter</span> <span class='ocrx_word' id='word_1_234' title='bbox 1506 2705 1538 2759; x_wconf 89' lang='lat' dir='ltr'>et</span> <span class='ocrx_word' id='word_1_235' title='bbox 1560 2697 1741 2761; x_wconf 85' lang='lat' dir='ltr'>novissimus</span> 
     </span>
     <span class='ocr_line' id='line_1_25' title="bbox 387 2785 1743 2869; baseline 0 -21"><span class='ocrx_word' id='word_1_236' title='bbox 387 2786 489 2869; x_wconf 83' lang='lat' dir='ltr'>Tycho</span> <span class='ocrx_word' id='word_1_237' title='bbox 517 2786 627 2849; x_wconf 89' lang='lat' dir='ltr'>Brabe.</span> <span class='ocrx_word' id='word_1_238' title='bbox 673 2788 753 2849; x_wconf 90' lang='lat' dir='ltr'>Nam</span> <span class='ocrx_word' id='word_1_239' title='bbox 784 2788 926 2850; x_wconf 89' lang='lat' dir='ltr'>circulum</span> <span class='ocrx_word' id='word_1_240' title='bbox 957 2787 1156 2849; x_wconf 89' lang='lat' dir='ltr'>eccentricum</span> <span class='ocrx_word' id='word_1_241' title='bbox 1187 2785 1353 2866; x_wconf 86' lang='lat' dir='ltr'>Copernico</span> <span class='ocrx_word' id='word_1_242' title='bbox 1386 2795 1417 2848; x_wconf 91' lang='lat' dir='ltr'>et</span> <span class='ocrx_word' id='word_1_243' title='bbox 1449 2787 1585 2868; x_wconf 87' lang='lat' dir='ltr'>Tyohoni</span> <span class='ocrx_word' id='word_1_244' title='bbox 1617 2787 1743 2866; x_wconf 85' lang='lat' dir='ltr'>planeta</span> 
     </span>
     <span class='ocr_line' id='line_1_26' title="bbox 386 2875 1743 2956; baseline 0.001 -21"><span class='ocrx_word' id='word_1_245' title='bbox 386 2875 451 2955; x_wconf 91' lang='lat' dir='ltr'>ipse</span> <span class='ocrx_word' id='word_1_246' title='bbox 484 2894 541 2937; x_wconf 85' lang='lat' dir='ltr'>suo</span> <span class='ocrx_word' id='word_1_247' title='bbox 570 2894 694 2955; x_wconf 90' lang='lat' dir='ltr'>corpore</span> <span class='ocrx_word' id='word_1_248' title='bbox 722 2885 885 2956; x_wconf 85' lang='lat' dir='ltr'>peragrat:</span> <span class='ocrx_word' id='word_1_249' title='bbox 919 2877 1093 2937; x_wconf 87' lang='lat' dir='ltr'>Ptolemaeo</span> <span class='ocrx_word' id='word_1_250' title='bbox 1122 2895 1182 2938; x_wconf 94' lang='lat' dir='ltr'>non</span> <span class='ocrx_word' id='word_1_251' title='bbox 1215 2895 1322 2955; x_wconf 90' lang='lat' dir='ltr'>corpus</span> <span class='ocrx_word' id='word_1_252' title='bbox 1349 2876 1491 2954; x_wconf 85' lang='lat' dir='ltr'>planetae</span> <span class='ocrx_word' id='word_1_253' title='bbox 1524 2876 1578 2937; x_wconf 89' lang='lat' dir='ltr'>sed</span> <span class='ocrx_word' id='word_1_254' title='bbox 1608 2884 1743 2937; x_wconf 87' lang='lat' dir='ltr'>centrum</span> 
     </span>
     <span class='ocr_line' id='line_1_27' title="bbox 386 2963 1740 3047; baseline 0.001 -23"><span class='ocrx_word' id='word_1_255' title='bbox 386 2963 533 3046; x_wconf 85' lang='lat' dir='ltr'>epioyeli:</span> <span class='ocrx_word' id='word_1_256' title='bbox 567 2964 732 3047; x_wconf 88' lang='lat' dir='ltr'>epioyclum</span> <span class='ocrx_word' id='word_1_257' title='bbox 766 2972 871 3027; x_wconf 90' lang='lat' dir='ltr'>contra</span> <span class='ocrx_word' id='word_1_258' title='bbox 895 2965 1070 3027; x_wconf 90' lang='lat' dir='ltr'>Ptolemaeo</span> <span class='ocrx_word' id='word_1_259' title='bbox 1103 2965 1168 3045; x_wconf 92' lang='lat' dir='ltr'>ipse</span> <span class='ocrx_word' id='word_1_260' title='bbox 1192 2965 1317 3044; x_wconf 89' lang='lat' dir='ltr'>planeta</span> <span class='ocrx_word' id='word_1_261' title='bbox 1344 2983 1398 3025; x_wconf 93' lang='lat' dir='ltr'>sno</span> <span class='ocrx_word' id='word_1_262' title='bbox 1429 2982 1554 3043; x_wconf 88' lang='lat' dir='ltr'>corpore</span> <span class='ocrx_word' id='word_1_263' title='bbox 1586 2971 1740 3045; x_wconf 78' lang='lat' dir='ltr'>peragrat,</span> 
     </span>
     <span class='ocr_line' id='line_1_28' title="bbox 387 3052 1741 3133; baseline 0 -20"><span class='ocrx_word' id='word_1_264' title='bbox 387 3052 499 3132; x_wconf 79' lang='lat' dir='ltr'>singuli</span> <span class='ocrx_word' id='word_1_265' title='bbox 529 3052 679 3132; x_wconf 82' lang='lat' dir='ltr'>singulos:</span> <span class='ocrx_word' id='word_1_266' title='bbox 713 3052 879 3133; x_wconf 86' lang='lat' dir='ltr'>Copemico</span> <span class='ocrx_word' id='word_1_267' title='bbox 903 3054 1015 3115; x_wconf 90' lang='lat' dir='ltr'>Terrae</span> <span class='ocrx_word' id='word_1_268' title='bbox 1046 3053 1187 3115; x_wconf 89' lang='lat' dir='ltr'>circuitus</span> <span class='ocrx_word' id='word_1_269' title='bbox 1212 3054 1315 3114; x_wconf 91' lang='lat' dir='ltr'>unicus</span> <span class='ocrx_word' id='word_1_270' title='bbox 1339 3071 1442 3115; x_wconf 92' lang='lat' dir='ltr'>omnes</span> <span class='ocrx_word' id='word_1_271' title='bbox 1465 3053 1547 3115; x_wconf 91' lang='lat' dir='ltr'>tollit</span> <span class='ocrx_word' id='word_1_272' title='bbox 1570 3053 1741 3133; x_wconf 87' lang='lat' dir='ltr'>epicyolos:</span> 
     </span>
     <span class='ocr_line' id='line_1_29' title="bbox 387 3140 1741 3224; baseline -0.001 -21"><span class='ocrx_word' id='word_1_273' title='bbox 387 3140 525 3224; x_wconf 85' lang='lat' dir='ltr'>Tychoni</span> <span class='ocrx_word' id='word_1_274' title='bbox 556 3149 588 3203; x_wconf 91' lang='lat' dir='ltr'>et</span> <span class='ocrx_word' id='word_1_275' title='bbox 615 3140 699 3203; x_wconf 87' lang='lat' dir='ltr'>Solis</span> <span class='ocrx_word' id='word_1_276' title='bbox 723 3151 755 3203; x_wconf 90' lang='lat' dir='ltr'>et</span> <span class='ocrx_word' id='word_1_277' title='bbox 783 3143 877 3204; x_wconf 92' lang='lat' dir='ltr'>totius</span> <span class='ocrx_word' id='word_1_278' title='bbox 909 3143 1085 3224; x_wconf 88' lang='lat' dir='ltr'>systematis</span> <span class='ocrx_word' id='word_1_279' title='bbox 1115 3143 1276 3222; x_wconf 87' lang='lat' dir='ltr'>planetarii</span> <span class='ocrx_word' id='word_1_280' title='bbox 1307 3161 1382 3204; x_wconf 91' lang='lat' dir='ltr'>nnus</span> <span class='ocrx_word' id='word_1_281' title='bbox 1415 3151 1447 3204; x_wconf 90' lang='lat' dir='ltr'>et</span> <span class='ocrx_word' id='word_1_282' title='bbox 1478 3141 1557 3204; x_wconf 90' lang='lat' dir='ltr'>idem</span> <span class='ocrx_word' id='word_1_283' title='bbox 1589 3141 1741 3215; x_wconf 87' lang='lat' dir='ltr'>circuitus,</span> 
     </span>
     <span class='ocr_line' id='line_1_30' title="bbox 389 3229 1741 3312; baseline 0 -21"><span class='ocrx_word' id='word_1_284' title='bbox 389 3229 552 3293; x_wconf 88' lang='lat' dir='ltr'>communis</span> <span class='ocrx_word' id='word_1_285' title='bbox 575 3230 712 3292; x_wconf 90' lang='lat' dir='ltr'>omnibns</span> <span class='ocrx_word' id='word_1_286' title='bbox 735 3232 882 3310; x_wconf 90' lang='lat' dir='ltr'>partibus,</span> <span class='ocrx_word' id='word_1_287' title='bbox 909 3231 1012 3293; x_wconf 90' lang='lat' dir='ltr'>itidem</span> <span class='ocrx_word' id='word_1_288' title='bbox 1036 3250 1139 3293; x_wconf 90' lang='lat' dir='ltr'>omnes</span> <span class='ocrx_word' id='word_1_289' title='bbox 1163 3231 1245 3293; x_wconf 91' lang='lat' dir='ltr'>tollit</span> <span class='ocrx_word' id='word_1_290' title='bbox 1268 3230 1428 3312; x_wconf 87' lang='lat' dir='ltr'>epicyclos.</span> <span class='ocrx_word' id='word_1_291' title='bbox 1475 3230 1642 3311; x_wconf 87' lang='lat' dir='ltr'>Propterea</span> <span class='ocrx_word' id='word_1_292' title='bbox 1663 3230 1741 3292; x_wconf 92' lang='lat' dir='ltr'>Pto-</span> 
     </span>
     <span class='ocr_line' id='line_1_31' title="bbox 388 3318 1744 3401; baseline -0.001 -20"><span class='ocrx_word' id='word_1_293' title='bbox 388 3319 503 3381; x_wconf 88' lang='lat' dir='ltr'>lemseo</span> <span class='ocrx_word' id='word_1_294' title='bbox 534 3326 566 3381; x_wconf 86' lang='lat' dir='ltr'>et</span> <span class='ocrx_word' id='word_1_295' title='bbox 597 3318 731 3400; x_wconf 86' lang='lat' dir='ltr'>Tychoni</span> <span class='ocrx_word' id='word_1_296' title='bbox 763 3321 905 3400; x_wconf 86' lang='lat' dir='ltr'>planetae</span> <span class='ocrx_word' id='word_1_297' title='bbox 936 3327 1036 3381; x_wconf 90' lang='lat' dir='ltr'>motus</span> <span class='ocrx_word' id='word_1_298' title='bbox 1060 3340 1118 3382; x_wconf 94' lang='lat' dir='ltr'>non</span> <span class='ocrx_word' id='word_1_299' title='bbox 1149 3319 1339 3399; x_wconf 88' lang='lat' dir='ltr'>simpliciter,</span> <span class='ocrx_word' id='word_1_300' title='bbox 1366 3338 1461 3400; x_wconf 89' lang='lat' dir='ltr'>neque</span> <span class='ocrx_word' id='word_1_301' title='bbox 1485 3319 1529 3381; x_wconf 92' lang='lat' dir='ltr'>illi</span> <span class='ocrx_word' id='word_1_302' title='bbox 1553 3318 1744 3401; x_wconf 86' lang='lat' dir='ltr'>epieyclious,</span> 
     </span>
     <span class='ocr_line' id='line_1_32' title="bbox 388 3407 1745 3489; baseline 0.001 -20"><span class='ocrx_word' id='word_1_303' title='bbox 388 3427 482 3488; x_wconf 91' lang='lat' dir='ltr'>neque</span> <span class='ocrx_word' id='word_1_304' title='bbox 507 3407 576 3470; x_wconf 88' lang='lat' dir='ltr'>hoio</span> <span class='ocrx_word' id='word_1_305' title='bbox 607 3407 794 3470; x_wconf 82' lang='lat' dir='ltr'>eccentrious</span> <span class='ocrx_word' id='word_1_306' title='bbox 817 3416 882 3484; x_wconf 88' lang='lat' dir='ltr'>est,</span> <span class='ocrx_word' id='word_1_307' title='bbox 915 3408 996 3470; x_wconf 88' lang='lat' dir='ltr'>eirca</span> <span class='ocrx_word' id='word_1_308' title='bbox 1027 3417 1168 3488; x_wconf 88' lang='lat' dir='ltr'>punctum</span> <span class='ocrx_word' id='word_1_309' title='bbox 1191 3409 1312 3489; x_wconf 91' lang='lat' dir='ltr'>aliquod</span> <span class='ocrx_word' id='word_1_310' title='bbox 1343 3408 1506 3483; x_wconf 90' lang='lat' dir='ltr'>immobile,</span> <span class='ocrx_word' id='word_1_311' title='bbox 1532 3410 1585 3471; x_wconf 94' lang='lat' dir='ltr'>sed</span> <span class='ocrx_word' id='word_1_312' title='bbox 1609 3428 1641 3471; x_wconf 91' lang='lat' dir='ltr'>re</span> <span class='ocrx_word' id='word_1_313' title='bbox 1671 3426 1745 3471; x_wconf 85' lang='lat' dir='ltr'>vers</span> 
     </span>
     <span class='ocr_line' id='line_1_33' title="bbox 388 3495 1743 3579; baseline 0.001 -22"><span class='ocrx_word' id='word_1_314' title='bbox 388 3496 514 3576; x_wconf 89' lang='lat' dir='ltr'>spiralis</span> <span class='ocrx_word' id='word_1_315' title='bbox 536 3505 569 3557; x_wconf 90' lang='lat' dir='ltr'>et</span> <span class='ocrx_word' id='word_1_316' title='bbox 592 3497 777 3576; x_wconf 90' lang='lat' dir='ltr'>compositos</span> <span class='ocrx_word' id='word_1_317' title='bbox 800 3516 839 3558; x_wconf 90' lang='lat' dir='ltr'>ex</span> <span class='ocrx_word' id='word_1_318' title='bbox 862 3498 1029 3559; x_wconf 87' lang='lat' dir='ltr'>eccentrico</span> <span class='ocrx_word' id='word_1_319' title='bbox 1053 3505 1084 3559; x_wconf 93' lang='lat' dir='ltr'>et</span> <span class='ocrx_word' id='word_1_320' title='bbox 1107 3497 1257 3579; x_wconf 86' lang='lat' dir='ltr'>epicyclo:</span> <span class='ocrx_word' id='word_1_321' title='bbox 1282 3497 1339 3560; x_wconf 90' lang='lat' dir='ltr'>soli</span> <span class='ocrx_word' id='word_1_322' title='bbox 1365 3495 1533 3577; x_wconf 82' lang='lat' dir='ltr'>Gopernico</span> <span class='ocrx_word' id='word_1_323' title='bbox 1557 3498 1743 3559; x_wconf 89' lang='lat' dir='ltr'>eccentrious</span> 
     </span>
     <span class='ocr_line' id='line_1_34' title="bbox 388 3583 1744 3666; baseline -0.001 -20"><span class='ocrx_word' id='word_1_324' title='bbox 388 3584 427 3659; x_wconf 91' lang='lat' dir='ltr'>is,</span> <span class='ocrx_word' id='word_1_325' title='bbox 461 3603 552 3665; x_wconf 92' lang='lat' dir='ltr'>quem</span> <span class='ocrx_word' id='word_1_326' title='bbox 581 3583 633 3645; x_wconf 88' lang='lat' dir='ltr'>ille</span> <span class='ocrx_word' id='word_1_327' title='bbox 663 3586 822 3665; x_wconf 89' lang='lat' dir='ltr'>supponit,</span> <span class='ocrx_word' id='word_1_328' title='bbox 855 3595 904 3646; x_wconf 85' lang='lat' dir='ltr'>est</span> <span class='ocrx_word' id='word_1_329' title='bbox 932 3606 963 3647; x_wconf 90' lang='lat' dir='ltr'>re</span> <span class='ocrx_word' id='word_1_330' title='bbox 991 3604 1065 3647; x_wconf 87' lang='lat' dir='ltr'>vera</span> <span class='ocrx_word' id='word_1_331' title='bbox 1087 3587 1182 3666; x_wconf 88' lang='lat' dir='ltr'>ipsios</span> <span class='ocrx_word' id='word_1_332' title='bbox 1205 3588 1346 3666; x_wconf 83' lang='lat' dir='ltr'>planetae</span> <span class='ocrx_word' id='word_1_333' title='bbox 1370 3596 1469 3648; x_wconf 89' lang='lat' dir='ltr'>motos</span> <span class='ocrx_word' id='word_1_334' title='bbox 1502 3585 1632 3666; x_wconf 87' lang='lat' dir='ltr'>simplex</span> <span class='ocrx_word' id='word_1_335' title='bbox 1663 3586 1744 3647; x_wconf 85' lang='lat' dir='ltr'>circa</span> 
     </span>
     <span class='ocr_line' id='line_1_35' title="bbox 387 3673 1743 3754; baseline -0.001 -19"><span class='ocrx_word' id='word_1_336' title='bbox 387 3682 528 3752; x_wconf 86' lang='lat' dir='ltr'>punctum</span> <span class='ocrx_word' id='word_1_337' title='bbox 556 3673 707 3735; x_wconf 90' lang='lat' dir='ltr'>immobile</span> <span class='ocrx_word' id='word_1_338' title='bbox 741 3693 794 3735; x_wconf 89' lang='lat' dir='ltr'>sen</span> <span class='ocrx_word' id='word_1_339' title='bbox 827 3673 929 3736; x_wconf 88' lang='lat' dir='ltr'>Solem</span> <span class='ocrx_word' id='word_1_340' title='bbox 970 3674 1043 3747; x_wconf 89' lang='lat' dir='ltr'>(nisi</span> <span class='ocrx_word' id='word_1_341' title='bbox 1076 3684 1224 3754; x_wconf 91' lang='lat' dir='ltr'>quatenus</span> <span class='ocrx_word' id='word_1_342' title='bbox 1255 3676 1322 3737; x_wconf 91' lang='lat' dir='ltr'>huic</span> <span class='ocrx_word' id='word_1_343' title='bbox 1355 3674 1524 3738; x_wconf 89' lang='lat' dir='ltr'>sententiae</span> <span class='ocrx_word' id='word_1_344' title='bbox 1556 3674 1743 3737; x_wconf 84' lang='lat' dir='ltr'>correction-</span> 
     </span>
     <span class='ocr_line' id='line_1_36' title="bbox 388 3761 1742 3842; baseline -0.001 -19"><span class='ocrx_word' id='word_1_345' title='bbox 388 3762 484 3824; x_wconf 87' lang='lat' dir='ltr'>onlam</span> <span class='ocrx_word' id='word_1_346' title='bbox 509 3762 652 3842; x_wconf 86' lang='lat' dir='ltr'>aliquam,</span> <span class='ocrx_word' id='word_1_347' title='bbox 677 3763 715 3824; x_wconf 89' lang='lat' dir='ltr'>ad</span> <span class='ocrx_word' id='word_1_348' title='bbox 740 3765 843 3824; x_wconf 85' lang='lat' dir='ltr'>omnes</span> <span class='ocrx_word' id='word_1_349' title='bbox 867 3771 1005 3825; x_wconf 86' lang='lat' dir='ltr'>auctores</span> <span class='ocrx_word' id='word_1_350' title='bbox 1028 3764 1239 3841; x_wconf 89' lang='lat' dir='ltr'>pertinentem,</span> <span class='ocrx_word' id='word_1_351' title='bbox 1263 3765 1411 3826; x_wconf 85' lang='lat' dir='ltr'>allaturus</span> <span class='ocrx_word' id='word_1_352' title='bbox 1435 3782 1501 3824; x_wconf 89' lang='lat' dir='ltr'>snm</span> <span class='ocrx_word' id='word_1_353' title='bbox 1524 3763 1554 3825; x_wconf 93' lang='lat' dir='ltr'>in</span> <span class='ocrx_word' id='word_1_354' title='bbox 1580 3761 1742 3826; x_wconf 85' lang='lat' dir='ltr'>Commen-</span> 
     </span>
     <span class='ocr_line' id='line_1_37' title="bbox 389 3849 1742 3933; baseline -0.001 -21"><span class='ocrx_word' id='word_1_355' title='bbox 389 3849 473 3912; x_wconf 87' lang='lat' dir='ltr'>tariis</span> <span class='ocrx_word' id='word_1_356' title='bbox 497 3851 535 3912; x_wconf 92' lang='lat' dir='ltr'>de</span> <span class='ocrx_word' id='word_1_357' title='bbox 559 3851 690 3913; x_wconf 90' lang='lat' dir='ltr'>motibus</span> <span class='ocrx_word' id='word_1_358' title='bbox 713 3851 838 3925; x_wconf 89' lang='lat' dir='ltr'>Martis)</span> <span class='ocrx_word' id='word_1_359' title='bbox 867 3871 962 3932; x_wconf 89' lang='lat' dir='ltr'>neque</span> <span class='ocrx_word' id='word_1_360' title='bbox 995 3852 1130 3914; x_wconf 88' lang='lat' dir='ltr'>variatur</span> <span class='ocrx_word' id='word_1_361' title='bbox 1158 3863 1242 3914; x_wconf 87' lang='lat' dir='ltr'>motu</span> <span class='ocrx_word' id='word_1_362' title='bbox 1272 3852 1451 3933; x_wconf 74' lang='lat' dir='ltr'>epinychco,</span> <span class='ocrx_word' id='word_1_363' title='bbox 1484 3856 1550 3913; x_wconf 88' lang='lat' dir='ltr'>corn</span> <span class='ocrx_word' id='word_1_364' title='bbox 1581 3851 1630 3913; x_wconf 90' lang='lat' dir='ltr'>hio</span> <span class='ocrx_word' id='word_1_365' title='bbox 1663 3849 1742 3930; x_wconf 88' lang='lat' dir='ltr'>apud</span> 
     </span>
     <span class='ocr_line' id='line_1_38' title="bbox 388 3939 1737 4021; baseline 0.002 -24"><span class='ocrx_word' id='word_1_366' title='bbox 388 3939 470 4002; x_wconf 89' lang='lat' dir='ltr'>illum</span> <span class='ocrx_word' id='word_1_367' title='bbox 494 3947 649 4002; x_wconf 86' lang='lat' dir='ltr'>auctorem</span> <span class='ocrx_word' id='word_1_368' title='bbox 673 3940 745 4001; x_wconf 94' lang='lat' dir='ltr'>nihil</span> <span class='ocrx_word' id='word_1_369' title='bbox 769 3939 849 4002; x_wconf 87' lang='lat' dir='ltr'>alind</span> <span class='ocrx_word' id='word_1_370' title='bbox 873 3940 926 4010; x_wconf 89' lang='lat' dir='ltr'>sit,</span> <span class='ocrx_word' id='word_1_371' title='bbox 957 3959 1044 4020; x_wconf 88' lang='lat' dir='ltr'>quarn</span> <span class='ocrx_word' id='word_1_372' title='bbox 1072 3941 1236 4021; x_wconf 87' lang='lat' dir='ltr'>phantasia</span> <span class='ocrx_word' id='word_1_373' title='bbox 1259 3951 1375 4003; x_wconf 90' lang='lat' dir='ltr'>motus:</span> <span class='ocrx_word' id='word_1_374' title='bbox 1409 3941 1478 4002; x_wconf 90' lang='lat' dir='ltr'>dnm</span> <span class='ocrx_word' id='word_1_375' title='bbox 1501 3942 1613 4002; x_wconf 87' lang='lat' dir='ltr'>Terrae</span> <span class='ocrx_word' id='word_1_376' title='bbox 1637 3946 1737 4001; x_wconf 90' lang='lat' dir='ltr'>motus</span> 
     </span>
     <span class='ocr_line' id='line_1_39' title="bbox 388 4027 1500 4109; baseline 0.001 -19"><span class='ocrx_word' id='word_1_377' title='bbox 388 4027 492 4091; x_wconf 86' lang='lat' dir='ltr'>unicus</span> <span class='ocrx_word' id='word_1_378' title='bbox 517 4028 725 4091; x_wconf 88' lang='lat' dir='ltr'>dissimulatur</span> <span class='ocrx_word' id='word_1_379' title='bbox 747 4028 777 4091; x_wconf 92' lang='lat' dir='ltr'>in</span> <span class='ocrx_word' id='word_1_380' title='bbox 802 4029 897 4090; x_wconf 87' lang='lat' dir='ltr'>Terra</span> <span class='ocrx_word' id='word_1_381' title='bbox 919 4037 951 4090; x_wconf 92' lang='lat' dir='ltr'>et</span> <span class='ocrx_word' id='word_1_382' title='bbox 974 4029 1100 4109; x_wconf 86' lang='lat' dir='ltr'>singulis</span> <span class='ocrx_word' id='word_1_383' title='bbox 1123 4030 1256 4109; x_wconf 88' lang='lat' dir='ltr'>planetis</span> <span class='ocrx_word' id='word_1_384' title='bbox 1280 4029 1500 4092; x_wconf 88' lang='lat' dir='ltr'>transcribitur.</span> 
     </span>
    </p>

    <p class='ocr_par' dir='ltr' id='par_1_4' title="bbox 388 4114 1743 4553">
     <span class='ocr_line' id='line_1_40' title="bbox 474 4114 1741 4199; baseline -0.002 -19"><span class='ocrx_word' id='word_1_385' title='bbox 474 4116 555 4180; x_wconf 92' lang='lat' dir='ltr'>Utnt</span> <span class='ocrx_word' id='word_1_386' title='bbox 585 4125 760 4197; x_wconf 84' lang='lat' dir='ltr'>comparata</span> <span class='ocrx_word' id='word_1_387' title='bbox 794 4117 835 4179; x_wconf 89' lang='lat' dir='ltr'>sit</span> <span class='ocrx_word' id='word_1_388' title='bbox 866 4119 940 4179; x_wconf 90' lang='lat' dir='ltr'>haec</span> <span class='ocrx_word' id='word_1_389' title='bbox 973 4119 1184 4199; x_wconf 87' lang='lat' dir='ltr'>hypothesium</span> <span class='ocrx_word' id='word_1_390' title='bbox 1217 4120 1402 4193; x_wconf 85' lang='lat' dir='ltr'>differentia,</span> <span class='ocrx_word' id='word_1_391' title='bbox 1435 4117 1571 4199; x_wconf 82' lang='lat' dir='ltr'>gemina,</span> <span class='ocrx_word' id='word_1_392' title='bbox 1602 4123 1637 4177; x_wconf 93' lang='lat' dir='ltr'>ut</span> <span class='ocrx_word' id='word_1_393' title='bbox 1669 4114 1741 4191; x_wconf 76' lang='lat' dir='ltr'>dixi,</span> 
     </span>
     <span class='ocr_line' id='line_1_41' title="bbox 388 4205 1742 4290; baseline 0.001 -24"><span class='ocrx_word' id='word_1_394' title='bbox 388 4210 523 4276; x_wconf 85' lang='lat' dir='ltr'>motuum</span> <span class='ocrx_word' id='word_1_395' title='bbox 545 4206 700 4285; x_wconf 91' lang='lat' dir='ltr'>perceptio</span> <span class='ocrx_word' id='word_1_396' title='bbox 724 4206 831 4268; x_wconf 84' lang='lat' dir='ltr'>existit</span> <span class='ocrx_word' id='word_1_397' title='bbox 854 4208 947 4268; x_wconf 89' lang='lat' dir='ltr'>errori</span> <span class='ocrx_word' id='word_1_398' title='bbox 971 4207 1120 4281; x_wconf 85' lang='lat' dir='ltr'>obnoxia;</span> <span class='ocrx_word' id='word_1_399' title='bbox 1154 4208 1253 4270; x_wconf 86' lang='lat' dir='ltr'>altera</span> <span class='ocrx_word' id='word_1_400' title='bbox 1275 4208 1393 4290; x_wconf 91' lang='lat' dir='ltr'>quidem</span> <span class='ocrx_word' id='word_1_401' title='bbox 1417 4206 1580 4268; x_wconf 90' lang='lat' dir='ltr'>communis</span> <span class='ocrx_word' id='word_1_402' title='bbox 1604 4205 1742 4267; x_wconf 90' lang='lat' dir='ltr'>omnibns</span> 
     </span>
     <span class='ocr_line' id='line_1_42' title="bbox 389 4292 1743 4378; baseline -0.001 -22"><span class='ocrx_word' id='word_1_403' title='bbox 389 4293 578 4367; x_wconf 88' lang='lat' dir='ltr'>auctoribus,</span> <span class='ocrx_word' id='word_1_404' title='bbox 609 4313 685 4375; x_wconf 91' lang='lat' dir='ltr'>qnae</span> <span class='ocrx_word' id='word_1_405' title='bbox 713 4303 763 4357; x_wconf 90' lang='lat' dir='ltr'>est</span> <span class='ocrx_word' id='word_1_406' title='bbox 785 4295 824 4356; x_wconf 90' lang='lat' dir='ltr'>ab</span> <span class='ocrx_word' id='word_1_407' title='bbox 852 4297 1039 4359; x_wconf 90' lang='lat' dir='ltr'>eccentrico:</span> <span class='ocrx_word' id='word_1_408' title='bbox 1065 4296 1174 4368; x_wconf 89' lang='lat' dir='ltr'>altera,</span> <span class='ocrx_word' id='word_1_409' title='bbox 1199 4298 1236 4359; x_wconf 91' lang='lat' dir='ltr'>ab</span> <span class='ocrx_word' id='word_1_410' title='bbox 1260 4298 1394 4378; x_wconf 85' lang='lat' dir='ltr'>epicyclo</span> <span class='ocrx_word' id='word_1_411' title='bbox 1418 4304 1496 4368; x_wconf 87' lang='lat' dir='ltr'>orta,</span> <span class='ocrx_word' id='word_1_412' title='bbox 1519 4295 1551 4356; x_wconf 94' lang='lat' dir='ltr'>in</span> <span class='ocrx_word' id='word_1_413' title='bbox 1575 4292 1743 4374; x_wconf 87' lang='lat' dir='ltr'>Copernloo</span> 
     </span>
     <span class='ocr_line' id='line_1_43' title="bbox 388 4381 1742 4463; baseline -0.001 -18"><span class='ocrx_word' id='word_1_414' title='bbox 388 4401 470 4445; x_wconf 86' lang='lat' dir='ltr'>mera</span> <span class='ocrx_word' id='word_1_415' title='bbox 492 4391 543 4445; x_wconf 90' lang='lat' dir='ltr'>est</span> <span class='ocrx_word' id='word_1_416' title='bbox 565 4382 649 4445; x_wconf 90' lang='lat' dir='ltr'>visos</span> <span class='ocrx_word' id='word_1_417' title='bbox 674 4383 755 4446; x_wconf 90' lang='lat' dir='ltr'>circa</span> <span class='ocrx_word' id='word_1_418' title='bbox 776 4384 932 4463; x_wconf 88' lang='lat' dir='ltr'>planetam</span> <span class='ocrx_word' id='word_1_419' title='bbox 954 4384 1161 4461; x_wconf 87' lang='lat' dir='ltr'>hallucinatio,</span> <span class='ocrx_word' id='word_1_420' title='bbox 1185 4386 1216 4448; x_wconf 92' lang='lat' dir='ltr'>in</span> <span class='ocrx_word' id='word_1_421' title='bbox 1239 4387 1349 4449; x_wconf 86' lang='lat' dir='ltr'>ceteris</span> <span class='ocrx_word' id='word_1_422' title='bbox 1375 4385 1548 4448; x_wconf 87' lang='lat' dir='ltr'>auctoribus</span> <span class='ocrx_word' id='word_1_423' title='bbox 1571 4383 1665 4446; x_wconf 88' lang='lat' dir='ltr'>habet</span> <span class='ocrx_word' id='word_1_424' title='bbox 1683 4381 1742 4444; x_wconf 87' lang='lat' dir='ltr'>nli—</span> 
     </span>
     <span class='ocr_line' id='line_1_44' title="bbox 388 4471 1107 4553; baseline 0.006 -20"><span class='ocrx_word' id='word_1_425' title='bbox 388 4471 519 4552; x_wconf 87' lang='lat' dir='ltr'>quidde</span> <span class='ocrx_word' id='word_1_426' title='bbox 542 4490 613 4535; x_wconf 78' lang='lat' dir='ltr'>raro</span> <span class='ocrx_word' id='word_1_427' title='bbox 636 4473 777 4553; x_wconf 87' lang='lat' dir='ltr'>planetae</span> <span class='ocrx_word' id='word_1_428' title='bbox 801 4483 884 4536; x_wconf 91' lang='lat' dir='ltr'>motu</span> <span class='ocrx_word' id='word_1_429' title='bbox 907 4474 1107 4553; x_wconf 90' lang='lat' dir='ltr'>conjunctum.</span> 
     </span>
    </p>

    <p class='ocr_par' dir='ltr' id='par_1_5' title="bbox 389 4557 1746 4999">
     <span class='ocr_line' id='line_1_45' title="bbox 478 4557 1746 4642; baseline -0.005 -18"><span class='ocrx_word' id='word_1_430' title='bbox 478 4557 585 4624; x_wconf 87' lang='lat' dir='ltr'>Causa</span> <span class='ocrx_word' id='word_1_431' title='bbox 607 4561 767 4625; x_wconf 89' lang='lat' dir='ltr'>eccentrioi</span> <span class='ocrx_word' id='word_1_432' title='bbox 789 4562 931 4642; x_wconf 89' lang='lat' dir='ltr'>planetae</span> <span class='ocrx_word' id='word_1_433' title='bbox 955 4563 1004 4625; x_wconf 86' lang='lat' dir='ltr'>vel</span> <span class='ocrx_word' id='word_1_434' title='bbox 1033 4563 1114 4626; x_wconf 88' lang='lat' dir='ltr'>tardi</span> <span class='ocrx_word' id='word_1_435' title='bbox 1143 4561 1191 4623; x_wconf 84' lang='lat' dir='ltr'>vel</span> <span class='ocrx_word' id='word_1_436' title='bbox 1222 4562 1342 4624; x_wconf 86' lang='lat' dir='ltr'>veloces</span> <span class='ocrx_word' id='word_1_437' title='bbox 1365 4568 1522 4642; x_wconf 83' lang='lat' dir='ltr'>apparent</span> <span class='ocrx_word' id='word_1_438' title='bbox 1571 4557 1674 4622; x_wconf 81' lang='lat' dir='ltr'>Causa</span> <span class='ocrx_word' id='word_1_439' title='bbox 1696 4563 1746 4619; x_wconf 88' lang='lat' dir='ltr'>est</span> 
     </span>
     <span class='ocr_line' id='line_1_46' title="bbox 389 4648 1743 4732; baseline -0.001 -22"><span class='ocrx_word' id='word_1_440' title='bbox 389 4648 501 4731; x_wconf 87' lang='lat' dir='ltr'>partim</span> <span class='ocrx_word' id='word_1_441' title='bbox 524 4649 662 4732; x_wconf 86' lang='lat' dir='ltr'>physica,</span> <span class='ocrx_word' id='word_1_442' title='bbox 687 4651 799 4731; x_wconf 91' lang='lat' dir='ltr'>partim</span> <span class='ocrx_word' id='word_1_443' title='bbox 823 4651 934 4731; x_wconf 90' lang='lat' dir='ltr'>optioa.</span> <span class='ocrx_word' id='word_1_444' title='bbox 975 4651 1053 4714; x_wconf 90' lang='lat' dir='ltr'>Pars</span> <span class='ocrx_word' id='word_1_445' title='bbox 1076 4671 1187 4715; x_wconf 90' lang='lat' dir='ltr'>causae</span> <span class='ocrx_word' id='word_1_446' title='bbox 1210 4650 1338 4730; x_wconf 89' lang='lat' dir='ltr'>physica</span> <span class='ocrx_word' id='word_1_447' title='bbox 1360 4670 1418 4712; x_wconf 93' lang='lat' dir='ltr'>non</span> <span class='ocrx_word' id='word_1_448' title='bbox 1441 4649 1570 4731; x_wconf 87' lang='lat' dir='ltr'>praebet</span> <span class='ocrx_word' id='word_1_449' title='bbox 1591 4648 1668 4709; x_wconf 79' lang='lat' dir='ltr'>visui</span> <span class='ocrx_word' id='word_1_450' title='bbox 1691 4664 1743 4708; x_wconf 85' lang='lat' dir='ltr'>ar·</span> 
     </span>
     <span class='ocr_line' id='line_1_47' title="bbox 391 4734 1743 4820; baseline -0.004 -19"><span class='ocrx_word' id='word_1_451' title='bbox 391 4744 572 4817; x_wconf 78' lang='lat' dir='ltr'>gumentnm</span> <span class='ocrx_word' id='word_1_452' title='bbox 600 4740 733 4814; x_wconf 89' lang='lat' dir='ltr'>errandi,</span> <span class='ocrx_word' id='word_1_453' title='bbox 759 4740 814 4801; x_wconf 88' lang='lat' dir='ltr'>sed</span> <span class='ocrx_word' id='word_1_454' title='bbox 836 4740 878 4815; x_wconf 92' lang='lat' dir='ltr'>id,</span> <span class='ocrx_word' id='word_1_455' title='bbox 903 4742 981 4820; x_wconf 92' lang='lat' dir='ltr'>quod</span> <span class='ocrx_word' id='word_1_456' title='bbox 1005 4759 1037 4802; x_wconf 87' lang='lat' dir='ltr'>re</span> <span class='ocrx_word' id='word_1_457' title='bbox 1060 4760 1134 4803; x_wconf 86' lang='lat' dir='ltr'>vera</span> <span class='ocrx_word' id='word_1_458' title='bbox 1156 4741 1206 4815; x_wconf 88' lang='lat' dir='ltr'>fit,</span> <span class='ocrx_word' id='word_1_459' title='bbox 1232 4740 1323 4801; x_wconf 85' lang='lat' dir='ltr'>etiarn</span> <span class='ocrx_word' id='word_1_460' title='bbox 1346 4739 1424 4802; x_wconf 88' lang='lat' dir='ltr'>visui</span> <span class='ocrx_word' id='word_1_461' title='bbox 1447 4743 1673 4820; x_wconf 86' lang='lat' dir='ltr'>repraesentat,</span> <span class='ocrx_word' id='word_1_462' title='bbox 1705 4734 1743 4796; x_wconf 91' lang='lat' dir='ltr'>de</span> 
     </span>
     <span class='ocr_line' id='line_1_48' title="bbox 391 4824 1744 4909; baseline -0.003 -20"><span class='ocrx_word' id='word_1_463' title='bbox 391 4843 447 4905; x_wconf 83' lang='lat' dir='ltr'>qna</span> <span class='ocrx_word' id='word_1_464' title='bbox 468 4826 502 4890; x_wconf 90' lang='lat' dir='ltr'>iu</span> <span class='ocrx_word' id='word_1_465' title='bbox 521 4824 754 4891; x_wconf 80' lang='lat' dir='ltr'>Commentariis</span> <span class='ocrx_word' id='word_1_466' title='bbox 778 4828 815 4889; x_wconf 91' lang='lat' dir='ltr'>de</span> <span class='ocrx_word' id='word_1_467' title='bbox 839 4829 968 4891; x_wconf 92' lang='lat' dir='ltr'>motibus</span> <span class='ocrx_word' id='word_1_468' title='bbox 992 4830 1122 4893; x_wconf 89' lang='lat' dir='ltr'>Martis:</span> <span class='ocrx_word' id='word_1_469' title='bbox 1145 4838 1266 4891; x_wconf 85' lang='lat' dir='ltr'>veteres</span> <span class='ocrx_word' id='word_1_470' title='bbox 1284 4848 1351 4891; x_wconf 88' lang='lat' dir='ltr'>eam</span> <span class='ocrx_word' id='word_1_471' title='bbox 1372 4846 1427 4909; x_wconf 89' lang='lat' dir='ltr'>per</span> <span class='ocrx_word' id='word_1_472' title='bbox 1445 4827 1744 4905; x_wconf 84' lang='lat' dir='ltr'>circnlnmaeqnan·</span> 
     </span>
     <span class='ocr_line' id='line_1_49' title="bbox 392 4915 1745 4999; baseline -0.002 -20"><span class='ocrx_word' id='word_1_473' title='bbox 392 4922 754 4997; x_wconf 77' lang='lat' dir='ltr'>temrepraesentamnt.</span> <span class='ocrx_word' id='word_1_474' title='bbox 795 4917 873 4981; x_wconf 87' lang='lat' dir='ltr'>Pars</span> <span class='ocrx_word' id='word_1_475' title='bbox 897 4938 1007 4981; x_wconf 89' lang='lat' dir='ltr'>causae</span> <span class='ocrx_word' id='word_1_476' title='bbox 1031 4919 1132 4999; x_wconf 89' lang='lat' dir='ltr'>optica</span> <span class='ocrx_word' id='word_1_477' title='bbox 1154 4918 1184 4980; x_wconf 92' lang='lat' dir='ltr'>in</span> <span class='ocrx_word' id='word_1_478' title='bbox 1208 4918 1265 4979; x_wconf 92' lang='lat' dir='ltr'>hoc</span> <span class='ocrx_word' id='word_1_479' title='bbox 1287 4917 1349 4980; x_wconf 89' lang='lat' dir='ltr'>sita</span> <span class='ocrx_word' id='word_1_480' title='bbox 1371 4926 1429 4993; x_wconf 90' lang='lat' dir='ltr'>est,</span> <span class='ocrx_word' id='word_1_481' title='bbox 1454 4915 1623 4999; x_wconf 86' lang='lat' dir='ltr'>quodcum</span> <span class='ocrx_word' id='word_1_482' title='bbox 1645 4921 1745 4976; x_wconf 80' lang='lat' dir='ltr'>motus</span> 
     </span>
    </p>
   </div>
   <div class='ocr_carea' id='block_1_3' title="bbox 391 5000 1759 5177">
    <p class='ocr_par' dir='ltr' id='par_1_6' title="bbox 391 5000 1759 5177">
     <span class='ocr_line' id='line_1_50' title="bbox 391 5000 1745 5088; baseline -0.002 -21"><span class='ocrx_word' id='word_1_483' title='bbox 391 5002 530 5082; x_wconf 84' lang='lat' dir='ltr'>planetae</span> <span class='ocrx_word' id='word_1_484' title='bbox 550 5025 574 5076; x_wconf 47' lang='lat' dir='ltr'>,s</span> <span class='ocrx_word' id='word_1_485' title='bbox 596 5004 665 5069; x_wconf 85' lang='lat' dir='ltr'>visu</span> <span class='ocrx_word' id='word_1_486' title='bbox 686 5005 871 5069; x_wconf 87' lang='lat' dir='ltr'>eccentrious</span> <span class='ocrx_word' id='word_1_487' title='bbox 895 5008 946 5083; x_wconf 90' lang='lat' dir='ltr'>sit,</span> <span class='ocrx_word' id='word_1_488' title='bbox 970 5014 1073 5088; x_wconf 89' lang='lat' dir='ltr'>partes</span> <span class='ocrx_word' id='word_1_489' title='bbox 1096 5008 1189 5087; x_wconf 85' lang='lat' dir='ltr'>igitur</span> <span class='ocrx_word' id='word_1_490' title='bbox 1212 5006 1290 5068; x_wconf 87' lang='lat' dir='ltr'>aliae</span> <span class='ocrx_word' id='word_1_491' title='bbox 1313 5007 1402 5088; x_wconf 89' lang='lat' dir='ltr'>hujus</span> <span class='ocrx_word' id='word_1_492' title='bbox 1426 5004 1529 5068; x_wconf 87' lang='lat' dir='ltr'>circuli</span> <span class='ocrx_word' id='word_1_493' title='bbox 1547 5003 1667 5082; x_wconf 80' lang='lat' dir='ltr'>longius</span> <span class='ocrx_word' id='word_1_494' title='bbox 1686 5000 1745 5064; x_wconf 86' lang='lat' dir='ltr'>ab·</span> 
     </span>
     <span class='ocr_line' id='line_1_51' title="bbox 392 5093 1759 5177; baseline 0.003 -25"><span class='ocrx_word' id='word_1_495' title='bbox 392 5103 459 5155; x_wconf 89' lang='lat' dir='ltr'>sunt</span> <span class='ocrx_word' id='word_1_496' title='bbox 481 5116 502 5157; x_wconf 89' lang='grc'>1</span> <span class='ocrx_word' id='word_1_497' title='bbox 523 5093 601 5168; x_wconf 85' lang='lat' dir='ltr'>visu,</span> <span class='ocrx_word' id='word_1_498' title='bbox 626 5112 715 5175; x_wconf 85' lang='lat' dir='ltr'>qnam</span> <span class='ocrx_word' id='word_1_499' title='bbox 738 5095 881 5175; x_wconf 85' lang='lat' dir='ltr'>reliquae.</span> <span class='ocrx_word' id='word_1_500' title='bbox 923 5097 982 5161; x_wconf 88' lang='lat' dir='ltr'>Per</span> <span class='ocrx_word' id='word_1_501' title='bbox 997 5115 1035 5158; x_wconf 88' lang='lat' dir='ltr'>ea</span> <span class='ocrx_word' id='word_1_502' title='bbox 1055 5095 1157 5177; x_wconf 79' lang='lat' dir='ltr'>igitur,</span> <span class='ocrx_word' id='word_1_503' title='bbox 1181 5113 1259 5176; x_wconf 85' lang='lat' dir='ltr'>quae</span> <span class='ocrx_word' id='word_1_504' title='bbox 1273 5112 1342 5175; x_wconf 82' lang='lat' dir='ltr'>esp.</span> <span class='ocrx_word' id='word_1_505' title='bbox 1357 5094 1414 5159; x_wconf 87' lang='lat' dir='ltr'>IX.</span> <span class='ocrx_word' id='word_1_506' title='bbox 1439 5094 1614 5157; x_wconf 85' lang='lat' dir='ltr'>dictasunt</span> <span class='ocrx_word' id='word_1_507' title='bbox 1637 5097 1670 5155; x_wconf 87' lang='lat' dir='ltr'>st</span> <span class='ocrx_word' id='word_1_508' title='bbox 1690 5108 1759 5172; x_wconf 82' lang='lat' dir='ltr'>pst-</span> 
     </span>
    </p>
   </div>
   <div class='ocr_carea' id='block_1_4' title="bbox 0 0 2308 6192">
    <p class='ocr_par' dir='ltr' id='par_1_7' title="bbox 0 0 2308 6192">
     <span class='ocr_line' id='line_1_52' title="bbox 0 0 2308 6192; baseline 0 0"><span class='ocrx_word' id='word_1_509' title='bbox 0 0 2308 6192; x_wconf 95' lang='lat' dir='ltr'> </span> 
     </span>
    </p>
   </div>
  </div>
 </body>
</html>
