4584 6192
971 557 1145 608 x111-xx11.
1668 559 1730 626 531

466 729 570 790 XVII.
621 730 843 810 Propositio.
901 731 972 793 Sole
1006 735 1119 810 prisma
1151 736 1316 798 irradiante
1347 737 1408 798 tria
1439 757 1552 817 genera
1583 738 1734 801 radiorum

378 820 537 891 resultant,
562 818 705 893 sincerus,
732 822 800 881 vitri
827 822 935 895 colore,
961 832 991 883 et
1016 824 1099 883 iridis
1123 824 1283 886 coloribus.

466 906 516 968 Sit
539 908 618 968 euim
642 916 755 982 (Fiat)
782 912 806 970 F
830 909 893 970 Sol.
942 912 971 971 ls
1004 912 1102 972 radiet
1132 913 1159 973 in
1188 914 1225 973 D.
1272 914 1329 973 Hic
1363 915 1448 992 quasi
1482 915 1625 979 dividitur
1656 915 1734 977 radii

377 995 495 1058 Solaris
526 997 675 1069 densitas,
711 1018 786 1077 quae
820 999 940 1059 minima
964 1000 1009 1061 sui
1038 1011 1125 1079 parte
1158 1002 1409 1080 repercutiturin
1434 1004 1494 1072 Dl,
1524 1004 1634 1081 angulo
1657 1005 1732 1066 ADl

377 1086 496 1165 aequali
520 1086 577 1163 ipsi
601 1086 698 1160 BDF,
731 1107 787 1165 quo
819 1087 960 1148 illabitur.
1008 1087 1164 1151 Sincerum
1192 1092 1284 1169 igitur
1312 1091 1427 1152 radium
1456 1095 1510 1154 sed
1539 1089 1660 1154 tenuem
1682 1112 1736 1173 per

376 1174 421 1235 Dl
443 1174 544 1235 vibrat
567 1176 594 1235 in
620 1175 643 1235 Ι.
691 1175 833 1261 Sincerus
858 1185 921 1247 est,
948 1177 1017 1255 quia
1040 1178 1069 1237 iu
1095 1178 1172 1239 ritro
1205 1181 1316 1239 tinctus
1341 1192 1398 1239 non
1423 1189 1487 1255 est,
1517 1181 1601 1260 cujus
1625 1201 1734 1260 corpus

379 1282 437 1323 nou
462 1262 636 1342 ingreditur.

466 1352 570 1412 Potior
602 1359 702 1411 autem
734 1371 803 1429 pars
835 1352 870 1411 de
902 1353 1053 1414 densitate
1084 1355 1179 1430 ipsius
1207 1353 1261 1412 FD
1285 1362 1426 1432 penetrat
1448 1355 1476 1416 D
1502 1367 1532 1418 et
1560 1356 1735 1436 refringitur

377 1440 407 1500 iu
430 1439 496 1500 DE.
546 1442 579 1501 ln
603 1439 628 1499 E
653 1459 724 1500 roro
749 1460 863 1500 rursum
893 1441 1035 1502 dividitur
1063 1442 1180 1503 ratione
1210 1442 1381 1505 densitatis.
1428 1445 1533 1506 Potior
1561 1446 1639 1506 enim
1662 1464 1735 1524 pars

377 1528 523 1589 transitE
537 1536 568 1589 et
580 1537 704 1607 propter
719 1530 870 1607 geminam
888 1549 1025 1606 magnam
1043 1531 1253 1592 refractionem
1262 1533 1378 1594 colores
1395 1533 1477 1594 iridis
1488 1534 1642 1611 jaculatur
1652 1534 1681 1594 in
1694 1532 1733 1594 G.

466 1617 630 1678 Residuum
662 1618 754 1695 ipsius
780 1617 834 1677 DE
864 1625 952 1679 tenue
982 1620 1142 1680 admodum
1170 1622 1368 1697 repercutitur
1396 1641 1415 1681 a
1442 1623 1597 1700 superficie
1621 1619 1679 1683 Ac
1705 1622 1733 1682 in

380 1703 458 1777 Elll;
490 1705 595 1785 quodsi
621 1705 675 1765 DE
708 1705 797 1784 paulo
831 1707 978 1784 obliquius
1008 1709 1122 1775 ΜΔΕ
1152 1709 1273 1782 incidit,
1307 1710 1455 1789 obliquius
1488 1712 1580 1789 igitur
1612 1711 1640 1771 in
1675 1711 1735 1771 ΕΜ

378 1794 552 1871 refringitur
586 1813 673 1872 quam
701 1795 761 1855 liic.
809 1794 888 1854 A'arn
912 1795 937 1854 si
970 1798 1085 1858 nrinuas
1109 1797 1213 1870 DEA,
1247 1798 1303 1859 erit
1326 1808 1358 1860 et
1385 1798 1559 1860 minuendus
1585 1795 1672 1860 MEO
1698 1818 1735 1859 ex

378 1881 446 1958 lege
470 1901 674 1960 repercussus.
713 1883 754 1943 Et
778 1882 821 1942 sic
845 1883 971 1962 denique
996 1886 1056 1944 EM
1081 1885 1109 1946 in
1134 1885 1188 1947 Bc
1214 1896 1313 1946 rectus
1338 1887 1459 1959 incidet,
1484 1888 1585 1967 itaque
1610 1887 1681 1948 nihil
1705 1887 1734 1948 in

377 1970 410 2029 M
435 1971 627 2048 refringatur.
676 1970 750 2032 Cum
780 1980 881 2031 autem
905 1973 958 2032 FD
989 1974 1042 2033 lroo
1070 1987 1161 2052 pacto
1193 1976 1237 2034 bis
1272 1976 1481 2053 pertransierit
1513 1996 1620 2055 corpus
1654 1976 1733 2048 vitri,

379 2058 490 2137 quippe
515 2061 607 2120 semel
633 2061 660 2120 iu
676 2060 741 2132 DE,
767 2061 874 2120 iterum
900 2061 926 2120 in
943 2060 1012 2133 Eli,
1039 2064 1142 2123 exiens
1159 2069 1250 2124 'recta
1273 2083 1326 2142 per·
1345 2064 1377 2124 M
1403 2064 1517 2126 radium
1541 2065 1610 2126 vitri
1635 2065 1734 2127 colore

375 2147 530 2224 jaculatur
554 2149 582 2209 in
597 2149 636 2220 K,
662 2150 772 2209 rectius
798 2157 897 2208 tamen
923 2171 938 2209 e
963 2151 1083 2229 regione
1109 2153 1201 2229 ipsius
1219 2154 1255 2213 A.
1295 2153 1374 2213 Nam
1399 2154 1539 2215 docemur
1559 2174 1596 2215 ex
1615 2153 1734 2233 optieis,

379 2236 481 2296 radios
506 2237 620 2298 lucidos
644 2239 721 2314 tingi
746 2239 773 2296 in
800 2238 905 2298 mediis
929 2240 1081 2299 coloratis.

467 2325 588 2387 XVlll.
626 2327 853 2405 Propositio.
892 2326 925 2388 Si
950 2329 1117 2407 crystallini
1141 2329 1188 2389 rel
1214 2328 1300 2388 vitrei
1325 2329 1468 2410 corporis¹
1483 2328 1611 2406 angulus
1635 2333 1735 2387 rectus

377 2412 482 2486 fuerit,
509 2414 558 2474 ille
584 2414 662 2475 inter
692 2417 807 2477 oculum
833 2424 864 2473 et
888 2416 1004 2476 visibile
1033 2417 1150 2495 positus
1179 2436 1237 2477 non
1266 2417 1456 2477 transmittet
1483 2418 1584 2477 radios
1608 2414 1736 2476 visibilis

377 2502 417 2561 ad
441 2504 576 2574 oculum,
605 2505 659 2564 sed
684 2505 856 2587 superficies
890 2506 1026 2585 crystalli
1051 2514 1156 2566 contra
1190 2505 1306 2566 risibile
1330 2506 1430 2585 posita
1461 2505 1616 2585 putabitur
1640 2521 1736 2582 opaca

377 2598 408 2649 et
432 2591 568 2652 colorata
592 2594 690 2652 colore
716 2593 859 2669 corporis.

469 2678 519 2740 Sit
543 2682 620 2740 enirn
639 2690 703 2754 (fig.
724 2687 753 2750 4)
775 2681 875 2741 radius
900 2681 956 2742 CA
981 2683 1060 2742 iutra
1083 2701 1201 2761 corpus,
1225 2682 1251 2742 is
1276 2690 1329 2743 aut
1352 2680 1520 2760 aequaliter
1543 2678 1737 2741 inclinabitur

377 2786 470 2846 snper
494 2771 665 2846 superficies
691 2769 752 2842 FC,
774 2771 837 2842 l'A,
864 2780 917 2830 aut
941 2770 1149 2848 inaequaliter.
1188 2769 1222 2831 Si
1240 2770 1416 2850 aequaliter,
1440 2770 1507 2848 plus
1532 2769 1623 2848 igitur
1647 2787 1735 2848 quarn

376 2851 439 2918 42⁰
463 2858 663 2931 inclinabitur,
691 2860 798 2939 quippe
818 2854 889 2931 45⁰,
914 2878 971 2918 non
996 2860 1087 2937 igitur
1110 2859 1254 2920 transibit
1277 2861 1322 2919 vel
1348 2878 1436 2919 uuam
1460 2860 1508 2919 vel
1532 2859 1659 2919 alteram
1681 2875 1735 2935 per
1827 2915 1830 2922 .

375 2944 452 3005 Xlll
465 2965 473 3019 ;
499 2947 606 3024 quodsi
631 2948 842 3026 inaequaliter,
868 2949 1105 3009 demonstratum
1130 2957 1178 3008 est
1201 2966 1283 3026 prop.
1310 2947 1398 3007 Xlll.
1424 2948 1502 3026 quod
1521 2966 1611 3007 unam
1635 2964 1736 3007 earum

376 3052 435 3093 non
463 3045 609 3096 trauseat.
656 3037 724 3096 Non
750 3037 860 3098 transit
890 3036 981 3114 igitur
1013 3037 1089 3097 nllus
1113 3037 1215 3097 radius
1244 3036 1330 3096 simul
1361 3045 1516 3114 utramque
1550 3036 1737 3114 superficiem

375 3123 452 3183 recti
478 3124 580 3201 anguli
605 3125 770 3204 crystallini
795 3126 938 3202 corporis.

465 3212 553 3272 XlX.
601 3214 755 3273 Axioma
785 3213 965 3292 Opticum.
1004 3215 1104 3275 Locus
1128 3213 1171 3273 rei
1203 3214 1381 3273 aestimatur
1405 3231 1442 3272 ex
1466 3213 1567 3291 plaga,
1593 3211 1621 3273 in
1646 3231 1736 3291 quam

374 3299 507 3360 risorius
532 3302 633 3362 radius
658 3322 695 3362 ex
720 3304 804 3363 oculo
828 3304 954 3380 primum
979 3304 1059 3375 exit,
1090 3302 1229 3381 quicquid
1254 3303 1320 3379 jam
1345 3301 1373 3361 in
1398 3301 1495 3361 medio
1524 3301 1632 3361 itinere
1657 3300 1734 3361 inter

375 3407 438 3448 rem
462 3398 494 3449 et
517 3391 634 3451 oculum
659 3391 686 3450 in
712 3392 768 3452 lrac
796 3392 888 3470 plaga
912 3411 965 3470 per
989 3392 1201 3453 refractionem
1229 3391 1306 3451 radii
1327 3396 1474 3463 mutetur.
1523 3387 1604 3459 Quia
1632 3389 1735 3469 nequit
1759 3413 1761 3418 ·

373 3478 479 3539 oculus
502 3480 666 3558 percipere,
691 3481 760 3558 quid
784 3481 877 3541 radiis
901 3500 954 3558 per
978 3501 1134 3544 occursum
1158 3480 1322 3540 mediorum
1346 3488 1434 3539 extra
1457 3498 1490 3539 se
1515 3479 1653 3539 accidat:
1678 3479 1732 3539 sed

373 3575 465 3646 putat
490 3567 558 3627 illos
581 3586 706 3647 pergere
731 3570 758 3629 iu
785 3570 911 3630 eandem
935 3589 1053 3648 semper
1077 3570 1198 3646 plagam
1223 3568 1265 3629 uti
1290 3576 1460 3646 coeperant.

464 3655 537 3716 XX
562 3657 787 3735 Propositio.
826 3658 1248 3736 I'risuratisangulosupino,
1273 3677 1349 3734 quae
1369 3664 1440 3716 sunt
1459 3664 1573 3728 contra
1595 3655 1733 3716 videntur
1788 3683 1792 3698 ν

376 3762 479 3822 s,upra
504 3763 597 3822 prono
622 3745 709 3819 iulia,
735 3748 840 3806 dextro
866 3749 983 3818 dextra,
1007 3749 1129 3809 sinistro
1154 3745 1286 3806 sinistra.

465 3833 649 3894 Resumatur
650 3836 753 3982 eprior
777 3836 909 3896 drlrnca
911 3833 992 3897 106
1019 3845 1049 3896 et
1073 3844 1139 3896 esto
1122 3833 1346 3932 soupinusA,
1370 3832 1527 3893 oculusF.
1574 3830 1655 3908 Ergo
1679 3830 1735 3891 FD

375 3923 502 3982 fer'tur
496 3942 524 3982 rn
548 3922 618 3995 DE,
668 3923 733 3983 tin
756 3925 784 3983 D
809 3922 870 3985 20¹¹
899 3927 966 4002 (per
995 3925 1055 3984 XX
1062 3927 1087 3996 )
1117 3924 1291 3984 declinata
1319 3920 1369 3980 ria
1400 3920 1467 3981 DH
1516 3918 1654 3996 Amplius
1677 3917 1734 3980 DE

375 4012 474 4071 l'·ertur
507 4011 535 4070 iu
569 4011 636 4083 lG,
650 3944 721 4090 eper
755 4013 830 4072 alios
854 4011 915 4075 20⁰
944 4014 1098 4074 declinans
1085 4035 1141 4072 a
1169 4013 1219 4072 ria
1251 4011 1306 4070 DE
1339 4018 1371 4070 et
1400 4009 1442 4069 sir
1475 4026 1545 4086 per
1560 4004 1622 4070 40⁰
1645 4027 1664 4068 a
1685 4005 1736 4068 ria

375 4099 483 4161 F:DH
519 4101 596 4178 quod
621 4109 666 4160 est
691 4121 767 4179 pene
800 4102 934 4162 semissis
966 4103 1065 4178 amuli
1090 4102 1175 4162 recti.
1224 4099 1298 4160 Cum
1330 4108 1430 4159 tanreu
1438 4089 1624 4173 oculusF,
1658 4116 1734 4202 quae

360 4197 447 4272 ,suut
471 4188 499 4248 in
526 4187 586 4248 G
580 4189 625 4247 rnf
624 4208 665 4262 ra,
690 4199 777 4267 putet
801 4210 833 4250 se
859 4192 990 4251 rider'e
983 4211 1013 4250 ru
1035 4192 1062 4251 H
1089 4210 1180 4268 supra
1204 4208 1291 4267 per
1279 4188 1367 4250 XIX.

517 4329 705 4390 Hactenus
730 4331 771 4390 de
795 4333 907 4409 plano
933 4331 1141 4411 crystallo:
1166 4350 1259 4390 nunc
1283 4330 1325 4389 de
1350 4327 1589 4390 currilineis:

884 4419 1038 4480 Primum
1061 4421 1104 4480 de
1130 4421 1220 4480 luce.

463 4539 562 4603 XXI.=
597 4542 795 4603 Definitio.
842 4545 945 4605 Motus
979 4543 1052 4604 lucis
1082 4543 1121 4604 ad
1152 4543 1249 4603 locum
1280 4540 1463 4620 exprimatur
1491 4557 1564 4599 voce
1594 4556 1730 4616 vergere.

371 4628 566 4709 Convergere
598 4632 735 4692 dicuntur
767 4633 860 4706 radii,
895 4632 1014 4711 quando
1046 4632 1264 4711 progrediendo
1289 4651 1308 4690 a
1336 4630 1419 4691 fonte
1453 4636 1563 4689 coenat
1594 4626 1674 4687 inter
1697 4646 1730 4686 se
1775 4645 1780 4654 ·
1809 4700 1815 4714 .

372 4719 472 4798 magis
492 4728 523 4779 et
538 4721 645 4800 magis.
683 4719 858 4800 Dirergere,
884 4721 1002 4800 quando
1022 4741 1041 4781 a
1062 4722 1144 4784 fonte
1163 4718 1383 4800 progrediendo
1407 4714 1614 4794 digrediuntur
1633 4715 1730 4794 magis

372 4817 406 4869 et
428 4807 527 4887 magis
552 4830 571 4870 a
594 4829 626 4871 se
650 4809 787 4869 invicem.
836 4812 940 4890 ltaque
965 4808 1014 4888 qui
1037 4817 1232 4889 convergunt,
1256 4808 1278 4869 ii
1301 4815 1372 4890 post
1395 4824 1570 4867 concursum
1594 4803 1728 4866 sectione

373 4897 459 4959 facta
482 4915 570 4976 porro
595 4898 764 4977 dirergunt.

462 4985 565 5048 XXII.
611 4986 810 5049 Definitio.
857 4988 974 5049 Puncta
998 4986 1128 5048 radiant
1106 4993 1152 5047 tra
1180 4983 1342 5064 longinqua
1364 4982 1412 5044 vel
1436 4988 1554 5043 remota
1582 4981 1731 5051 dicuntur,

372 5093 449 5155 qnae
475 5082 560 5136 tanto
594 5077 705 5138 absunt
736 5076 914 5151 iuterr,allo
947 5084 982 5138 ut
1002 5076 1135 5156 pupillae
1165 5073 1243 5136 oculi
1275 5072 1422 5134 diameter
1445 5071 1490 5226 sqq
1512 5069 1587 5133 illud
1619 5069 1733 5132 collata

1501 5176 1518 5208 ⁴,
1633 5175 1636 5183 .
