4584 6192
555 609 621 680 sar
957 555 959 560 ’
1167 618 1294 682 monam

555 790 703 852 distantia
734 812 751 850 a
780 809 929 863 convexo,
968 809 1056 868 quarn
1081 800 1127 849 est
1159 793 1307 852 diameter
1344 794 1560 866 convexitatis,
1600 795 1638 852 ad
1675 803 1817 873 punctum
1841 815 1918 856 con·

448 888 455 899 '
554 881 658 941 fluent.

645 966 842 1042 Convergant
874 966 951 1025 enim
977 973 1041 1037 (Fig.
1063 973 1091 1032 9)
1118 965 1177 1034 DQ
1202 980 1232 1025 ct
1258 969 1310 1027 LX
1345 988 1449 1027 versus
1474 968 1542 1036 QX.
1592 970 1631 1027 m
1661 971 1702 1029 sit
1735 972 1830 1049 ipsius
1856 971 1918 1041 QO

555 1057 719 1135 parallelus
744 1055 807 1124 nr,
833 1057 981 1114 refractus
1007 1055 1034 1112 in
1059 1055 1122 1114 ΝΞ.
1171 1054 1284 1115 Sccant
1308 1077 1378 1134 ergo
1403 1077 1435 1114 se
1461 1069 1563 1117 mutuo
1589 1059 1642 1116 Ln'
1668 1066 1700 1117 et
1724 1060 1788 1119 ΖΝ.
1833 1060 1918 1138 Ergo

554 1145 705 1205 refractus
738 1145 832 1220 ipsius
856 1143 909 1201 LX
936 1142 1093 1201 exterioris
1128 1163 1215 1221 quam
1242 1146 1293 1205 'LX
1326 1147 1359 1204 fit
1391 1147 1515 1204 interior
1549 1165 1636 1224 qnam
1666 1146 1733 1213 Ns,
1767 1150 1919 1208 refractus

555 1232 649 1312 ipsius
675 1233 727 1293 'aa'
754 1236 821 1310 (per
845 1231 928 1296 XL).
978 1230 1137 1290 Concurrit
1171 1252 1241 1305 erpo
1275 1254 1341 1292 cum
1366 1232 1419 1301 QS
1450 1254 1540 1311 supra
1565 1233 1602 1304 S,
1633 1244 1707 1312 puta
1732 1237 1758 1296 in
1786 1238 1828 1296 M.
1877 1238 1918 1296 Et

557 1318 622 1390 QM
646 1328 694 1380 est
717 1320 835 1378 brevior
858 1340 946 1396 quam
971 1320 1117 1378 diameter
1141 1319 1204 1387 QS.
1488 1339 1491 1343 ·

577 1457 586 1476 .
646 1408 813 1468 XXXVII.
861 1408 1086 1486 I’ropositio.
1136 1408 1168 1467 Si
1193 1419 1332 1487 punctum
1363 1410 1485 1468 radians
1509 1412 1631 1488 propius
1661 1413 1751 1472 luerit
1781 1433 1918 1473 convexo

555 1496 703 1558 diametro
728 1497 952 1568 convexitatis3
977 1498 1051 1555 radii
1076 1498 1139 1574 ejus
1164 1499 1266 1575 puncti
1290 1500 1413 1558 refracti
1439 1500 1519 1557 mus
1543 1501 1714 1578 incorpore
1739 1502 1833 1561 denso
1858 1521 1918 1562 non

551 1586 689 1666 paralleli
716 1586 805 1644 futuri
832 1594 902 1645 sunt
927 1587 979 1644 scd
1005 1586 1172 1663 divergeut.

641 1673 803 1733 Enistente
828 1675 904 1733 enim
930 1672 983 1741 QS
1009 1674 1155 1733 diametro
1180 1676 1391 1745 convexitatis,
1418 1675 1457 1733 sit
1473 1676 1504 1734 Ill
1530 1686 1669 1753 puuctum
1694 1679 1815 1738 radians
1841 1697 1916 1756 pro-

550 1761 618 1843 pius
639 1762 711 1823 lenti
737 1782 825 1840 quam
850 1762 872 1822 S
897 1773 928 1822 et
951 1763 1027 1822 radii
1052 1763 1127 1834 MN,
1154 1762 1217 1832 ΜΟ
1247 1766 1449 1841 divergentes.
1499 1764 1666 1842 Divergent
1698 1768 1789 1844 igitur
1822 1768 1918 1826 etiam

550 1869 652 1911 eorum
677 1851 799 1910 refracti
824 1851 894 1923 NL,
922 1849 980 1919 QO
1005 1869 1109 1911 versus
1136 1851 1208 1923 LO,
1233 1860 1266 1911 ut
1294 1873 1378 1930 prop.
1410 1853 1500 1930 priori
1527 1855 1595 1931 (per
1618 1855 1701 1926 XL),
1729 1857 1787 1916 etsi
1807 1874 1917 1915 aerum

549 1948 611 2013 est,
638 1959 689 1999 eos
713 1941 803 2018 paulo
829 1940 925 1999 minus
950 1940 1115 2018 dirergere.

639 2083 826 2142 Hactenus
851 2082 1025 2142 solitarie
1051 2082 1093 2140 de
1119 2084 1228 2142 unica
1256 2083 1460 2161 superficie
1490 2103 1658 2142 convexa
1689 2082 1823 2143 lentis:

1039 2171 1115 2248 jam
1140 2172 1181 2229 de
1207 2172 1307 2231 lente
1332 2182 1421 2231 tota.
1703 2172 1706 2182 “

639 2294 823 2354 XXXVIII.
870 2294 1096 2372 Propositio.
1144 2294 1235 2354 Rodii
1259 2314 1296 2353 ex
1325 2314 1383 2354 uno
1415 2295 1551 2353 radiante
1581 2304 1690 2372 puncto
1719 2293 1861 2372 paralleli
1887 2296 1917 2354 in

552 2385 662 2444 lentem
680 2383 886 2464 crystallinam
902 2384 949 2442 vel
965 2383 1092 2443 vitream
1108 2385 1244 2462 utrinque
1265 2402 1428 2443 convexam
1455 2383 1741 2461 perpendiculariter
1762 2382 1917 2460 objectam

553 2472 741 2545 incidenteS,
772 2472 894 2551 propius
924 2481 996 2551 post
1027 2473 1137 2532 lentem
1169 2482 1348 2532 concurrunt
1377 2473 1415 2531 ad
1448 2491 1537 2530 unum
1572 2483 1712 2549 puuctum
1747 2492 1836 2548 quam
1867 2482 1918 2533 est

553 2560 701 2621 diameter
725 2561 840 2631 circuli,
867 2561 914 2638 qui
941 2562 1052 2621 format
1076 2580 1214 2621 aversam
1239 2562 1446 2638 superficiem:
1479 2572 1507 2618 et
1533 2561 1654 2638 propius
1679 2579 1767 2638 quam
1793 2563 1915 2641 sesqui-

554 2649 704 2710 diameter
726 2653 883 2710 obversae.

642 2736 692 2799 Sir
716 2739 780 2798 leus
796 2735 855 2797 DG
881 2736 1028 2815 utrimque
1053 2757 1196 2808 convexa,
1219 2736 1335 2797 ADGF
1349 2738 1605 2816 perpendicularis
1630 2756 1683 2814 per
1707 2746 1814 2797 centra
1838 2758 1913 2798 cou-

551 2826 729 2887 venitatum.
779 2826 911 2886 Veniant
935 2844 1005 2903 ergo
1031 2848 1049 2886 a
1073 2827 1191 2887 radioso
1216 2836 1325 2905 puncto
1359 2828 1517 2905 longinquo
1549 2827 1687 2904 paralleli
1720 2838 1913 2907 quotcunque

650 2988 655 2997 Ι
818 2916 890 2988 ΑΙ),
921 2914 984 2974 CB.
1034 2914 1108 2976 Cum
1141 2935 1211 2992 ergo
1237 2916 1294 2974 AD
1328 2924 1359 2974 et
1384 2915 1435 2974 CB
1468 2926 1498 2975 et
1529 2918 1694 2992 quicunque
1719 2915 1770 2974 alii
1796 2916 1913 2976 sintin

738 3024 744 3035 ·
819 3011 888 3062 a‘ere
922 3004 1008 3082 quasi
1040 3004 1179 3082 paralleli
1214 3006 1282 3082 (per
1313 3004 1468 3068 xxnla:
1505 3003 1578 3076 DG,
1614 3003 1667 3062 nu
1701 3004 1730 3063 in
1767 3006 1913 3085 crystallo

819 3111 923 3153 versus
947 3090 1006 3151 EG
1030 3104 1213 3169 couvergent
1241 3094 1308 3170 (per
1331 3093 1488 3165 XXXIV)
1514 3094 1599 3169 qnasi
1623 3094 1796 3152 concursuri
1821 3095 1851 3153 in
1877 3095 1911 3154 F.

818 3182 898 3257 Brgo
917 3185 985 3259 (per
1002 3181 1169 3252 XXXVI.)
1186 3192 1327 3259 punctum
1346 3184 1380 3254 F,
1406 3183 1443 3241 ad
1467 3182 1544 3260 qnod
1569 3182 1661 3258 ipsius
1685 3182 1737 3240 BE
1764 3183 1913 3242 refractus

752 3257 772 3295 *l
817 3271 869 3329 Er
894 3271 1056 3341 concurrit,
1092 3272 1213 3349 propius
1245 3271 1302 3330 erit
1334 3271 1390 3348 ipsi
1416 3271 1442 3330 G
1470 3290 1557 3349 qnam
1587 3280 1634 3328 est
1665 3271 1814 3330 diameter
1839 3291 1912 3331 con-

737 3380 756 3417 u
818 3360 961 3418 veritatis
987 3359 1057 3426 GE,
1093 3379 1168 3438 quae
1193 3361 1233 3418 sit
1258 3358 1322 3419 GS.
1370 3359 1484 3419 Eodem
1508 3360 1595 3418 modo
1627 3379 1692 3417 crrnr
1718 3358 1775 3418 DG
1802 3372 1835 3419 et
1861 3359 1910 3419 BE

819 3449 989 3507 concursuri
1016 3448 1142 3506 fuissent
1163 3449 1410 3525 sesquidiametro
1436 3449 1527 3526 ipsius
1543 3449 1598 3506 BD
1619 3449 1822 3508 convexitatis
1842 3458 1912 3527 post

642 3555 647 3578 r
748 3565 766 3600 u
819 3537 845 3594 D
878 3539 945 3613 (per
976 3537 1165 3603 XXXIV.'):
1198 3539 1222 3595 si
1254 3538 1388 3596 nimirum
1422 3538 1493 3596 nilril
1533 3538 1659 3614 amplius
1693 3546 1797 3596 essent
1828 3537 1912 3616 passi

819 3637 1028 3703 praeterquam
1055 3626 1080 3684 iu
1106 3626 1150 3683 B:
1178 3627 1243 3703 jam
1278 3627 1399 3684 veroin
1425 3627 1607 3684 Esccrmda
1640 3627 1704 3685 vice
1734 3628 1912 3704 frangantur

817 3733 921 3773 versus
959 3715 1249 3792 perpendicularem
1274 3714 1346 3786 GF,
1386 3714 1492 3793 quippe
1526 3736 1543 3773 a
1581 3734 1633 3773 suo
1670 3715 1910 3792 perpendiculari

817 3804 917 3880 puncti
942 3804 967 3862 Ε
994 3807 1061 3880 (per
1086 3805 1162 3874 ll.):
1192 3812 1280 3881 patet
1307 3805 1370 3881 jam
1400 3805 1521 3882 propius
1547 3823 1634 3881 quam
1659 3804 1909 3880 sesquidiametro

816 3892 909 3968 ipsius
929 3892 984 3950 BD
1010 3912 1192 3952 concurrere.
1231 3893 1316 3951 Ilaec
1332 3892 1398 3951 ideo
1419 3894 1543 3951 seorsim
1559 3893 1807 3952 demonstranda.
1843 3895 1908 3954 n‘on

815 3981 893 4040 euim
917 3982 1060 4058 sequitur,
1087 3982 1111 4040 si
1136 3981 1258 4059 propius
1284 3982 1428 4041 diametro
1449 3980 1501 4041 DS
1526 3981 1620 4060 ipsius
1635 3980 1691 4040 EG
1719 3992 1908 4054 concurrunt,

816 4088 886 4146 ergo
912 4078 942 4127 et
966 4070 1088 4147 propius
1114 4070 1365 4148 sesquidiaruetro
1391 4071 1443 4129 Dr
1474 4071 1566 4147 ipsius
1591 4071 1657 4128 BD.
1704 4071 1785 4131 Nam
1810 4077 1910 4151 potest

815 4157 866 4216 illa
891 4157 1036 4218 diameter
1062 4178 1128 4216 esse
1155 4159 1250 4235 major
1274 4178 1360 4236 quam
1386 4160 1460 4218 haec
1485 4159 1747 4237 sesquidiameter.

480 4317 490 4328 .
902 4246 1052 4306 XXXIX.
1113 4248 1345 4324 Propositio.
1394 4249 1586 4307 Manentibus
1625 4267 1700 4325 quae
1740 4250 1847 4322 modo,
1886 4249 1908 4307 si

551 4334 726 4395 convexitas
752 4345 876 4413 utraque
902 4354 939 4393 ex
964 4335 1068 4394 eodcru
1099 4334 1208 4393 circulo
1244 4337 1351 4408 fuerit,
1382 4357 1541 4396 concursus
1570 4344 1641 4414 post
1669 4338 1782 4397 lentem
1807 4338 1858 4398 fiet
1881 4337 1908 4396 in

548 4432 667 4502 puncto,
694 4426 771 4503 quod
788 4424 875 4483 abest
899 4424 1120 4483 semidiametro
1144 4425 1262 4484 obversi
1287 4427 1411 4484 convexi
1431 4427 1501 4500 sere,
1528 4427 1582 4484 lroc
1605 4434 1652 4484 est
1668 4426 1695 4483 iu
1713 4436 1818 4487 centro
1833 4427 1908 4504 ejus.

641 4513 709 4573 Sint
733 4515 810 4573 euim
837 4512 863 4571 in
890 4513 1042 4572 schemate
1066 4512 1111 4574 III.
1138 4513 1192 4571 BD
1218 4522 1248 4572 et
1267 4513 1325 4573 EG
1350 4516 1492 4592 aequales
1517 4514 1725 4574 coru-esitares
1751 4525 1784 4575 et
1806 4523 1909 4575 centra

518 4605 522 4614 '
551 4601 726 4663 circulorum
751 4602 789 4676 A,
816 4602 847 4660 P.
897 4601 1008 4660 Secent
1031 4620 1063 4660 se
1093 4601 1194 4660 circuli
1223 4602 1250 4661 iu
1277 4603 1306 4674 I,
1336 4603 1489 4682 productis
1515 4602 1560 4662 GI
1585 4603 1612 4661 iu
1638 4604 1666 4661 K
1690 4612 1721 4664 et
1745 4605 1789 4664 DI
1814 4604 1843 4664 in
1867 4604 1907 4663 n.

550 4690 592 4751 Et
614 4712 668 4770 per
693 4692 856 4751 sectionem
881 4691 893 4749 I
917 4691 1179 4768 perpendiculares
1205 4692 1351 4749 ducantur
1371 4711 1407 4750 ex
1431 4693 1542 4752 centris
1568 4693 1634 4760 AL,
1654 4692 1719 4752 ΡΝ.
1757 4693 1801 4753 Et
1823 4693 1908 4772 perI

549 4783 714 4840 sectionem
740 4789 877 4839 trauseat
901 4779 957 4857 ipsi
982 4780 1037 4838 Ar*
1059 4779 1223 4857 parallelus
1248 4778 1314 4839 IIO.
1356 4780 1431 4841 Cum
1456 4781 1533 4839 enim
1553 4780 1608 4839 BD
1633 4789 1664 4839 et
1682 4781 1739 4840 EG
1766 4781 1794 4841 in
1818 4782 1909 4862 priori

547 4869 750 4949 propositione
784 4886 887 4947 parum
922 4868 1076 4939 differant,
1107 4877 1258 4947 ponantur
1290 4869 1430 4947 aequales
1456 4879 1486 4928 et
1509 4888 1562 4947 pro
1594 4869 1629 4929 iis
1659 4878 1816 4932 sumantur
1840 4889 1908 4933 vere

549 4958 690 5036 aequales
715 4957 768 5024 DI,
795 4954 849 5015 GI.
898 4953 977 5024 Quia
1001 4957 1091 5035 igitur
1114 4957 1160 5015 HI
1190 4956 1350 5016 inclinatur
1374 4976 1463 5036 super
1487 4958 1582 5029 DIM,
1616 4959 1771 5020 declinans
1795 4982 1814 5020 a
1838 4981 1908 5041 per·

548 5047 735 5125 pendicnlari
759 5044 802 5104 IN
829 5046 938 5121 angulo
963 5045 1047 5118 IIIN,
1072 5046 1118 5104 cui
1143 5044 1279 5123 aequalis
1304 5054 1350 5105 est
1375 5045 1444 5105 OIP
1468 5067 1521 5107 seu
1538 5047 1618 5115 IPD,
1644 5048 1793 5110 refractus
1818 5050 1910 5129 igitur

546 5135 642 5212 ipsius
661 5134 706 5194 III
729 5133 811 5194 intra
834 5133 1056 5194 convexitatem
1076 5132 1167 5193 tertia
1187 5141 1274 5211 parte
1294 5134 1388 5211 Ipsius
1405 5133 1475 5195 OIP
1499 5135 1663 5196 declinabit
1682 5137 1720 5198 ab
1737 5138 1781 5200 Ol
1800 5157 1908 5202 versus
