4584 6192
992 564 1073 631 caput
1090 564 1133 617 lx.
1159 564 1185 616 3.
1701 568 1766 636 327

409 739 606 802 dimetiantur
627 758 694 802 eam
717 738 895 803 distantiam
920 762 938 802 a
961 742 1088 816 vertice,
1113 762 1189 822 qnae
1214 744 1300 804 oculo
1324 742 1354 802 in
1378 743 1534 820 superficie
1557 744 1668 807 Terrae
1692 765 1767 809 con·

409 830 519 890 stitnto
551 848 585 890 se
613 828 754 890 insinuat.
801 829 1008 890 Differentiam
1041 831 1195 911 utriusque
1229 830 1331 910 anguli
1364 830 1467 892 dicunt
1497 832 1622 911 speciali
1649 835 1768 898 nomine

410 917 628 997 parallaxiu
664 936 717 979 sen
750 920 1072 980 commutationem
1109 920 1232 994 visus3
1264 929 1299 982 nt
1330 919 1375 980 ita
1405 921 1573 999 paratinis
1604 922 1771 1003 inquiratur

410 1006 529 1087 quidem
553 1007 592 1068 ob
616 1006 831 1068 addiscendum
854 1007 944 1068 sitnm
967 1008 1076 1069 sideris
1099 1008 1128 1068 in
1153 1009 1299 1071 diametro
1323 1008 1442 1083 muudi,
1474 1010 1542 1088 ipsa
1564 1027 1636 1073 vero
1659 1029 1713 1091 per
1734 1031 1768 1074 ss

413 1095 467 1158 sub
501 1114 614 1175 genere
646 1095 824 1174 angulorum
853 1097 1030 1159 visoriorum
1059 1097 1107 1159 vel
1136 1097 1214 1160 situs
1245 1117 1338 1160 cansa
1370 1097 1539 1177 superficiei
1571 1101 1769 1179 comprehen-

411 1186 511 1248 datur.

501 1273 617 1337 Centro
639 1274 670 1335 A
693 1273 845 1336 scribatur
876 1272 1005 1335 circulus
1038 1293 1165 1353 magnus
1189 1277 1217 1337 in
1242 1276 1398 1358 superficie
1517 1309 1572 1376 mg.
1593 1308 1653 1362 102.
1764 1328 1766 1334 .

410 1363 524 1426 Terrae
555 1361 610 1426 Bc
643 1370 676 1424 et
711 1363 789 1424 alins
822 1363 851 1424 in
889 1364 1044 1443 superficie
1080 1366 1211 1426 extimae
1248 1366 1396 1446 sphaerae

411 1454 535 1515 fixarum
558 1451 649 1527 ΒΕΓ,
675 1450 793 1532 sintque
817 1454 857 1525 A,
881 1452 917 1525 B,
942 1453 971 1513 D
995 1454 1025 1515 in
1053 1453 1159 1515 eadem
1186 1464 1287 1529 recta,
1319 1474 1396 1534 quae

411 1562 464 1623 per
487 1543 631 1604 verticem
646 1541 704 1603 loci
728 1551 884 1616 transeat;
909 1542 1007 1621 sitque
1027 1544 1092 1604 loco
1116 1544 1292 1606 intermedio
1312 1544 1396 1607 sidus

413 1632 441 1693 in
461 1629 493 1693 G
516 1640 606 1693 extra
627 1630 738 1692 lineam
756 1630 816 1691 AD
840 1630 1024 1693 verticalem.
1057 1632 1105 1693 Ex
1124 1634 1154 1694 A
1177 1632 1269 1711 igitur
1292 1643 1394 1695 centro

412 1729 443 1782 et
463 1720 491 1781 B
515 1721 583 1782 loco
607 1719 774 1799 superficiei
802 1719 913 1781 Terrae
942 1720 1101 1798 ejiciantur
1130 1731 1232 1783 rectae
1256 1722 1285 1782 in
1311 1720 1340 1784 G
1364 1730 1396 1783 et

413 1810 622 1872 continuentur
640 1808 670 1870 in
688 1807 726 1882 E,
746 1809 779 1870 F.
826 1808 962 1888 Denique
982 1819 1085 1872 centro
1103 1813 1143 1885 A,
1168 1811 1316 1873 distantia
1332 1809 1396 1873 AG

411 1900 561 1963 scribatur
585 1897 644 1959 GH
668 1916 756 1959 arcus
776 1898 806 1958 in
829 1898 901 1959 orbe
925 1899 1043 1962 sideris.
1089 1901 1267 1962 Astronomi
1292 1900 1393 1979 igitur,

411 2004 443 2053 ut
464 1990 538 2063 dixi,
562 1988 716 2068 inquirunt
738 1988 833 2067 primo
857 1989 998 2068 angulum
1021 1986 1113 2050 DAG
1136 1990 1185 2050 vel
1209 2008 1310 2050 arcum
1326 1988 1394 2062 DE,

411 2080 489 2142 illins
510 2078 613 2157 anguli
632 2095 814 2145 mensnram,
833 2076 889 2137 boc
911 2086 959 2138 est
979 2097 1078 2139 arcum
1099 2079 1263 2139 distantiae
1285 2077 1394 2139 sideris

412 2167 567 2231 avertice
591 2166 671 2227 exA
696 2173 799 2227 centro
824 2166 1012 2244 apparentis,
1038 2168 1086 2246 qni
1111 2176 1159 2228 est
1179 2166 1245 2236 DE,
1268 2186 1323 2247 per
1345 2185 1391 2240 ea,

413 2277 486 2339 qnae
511 2255 598 2317 initio
621 2255 709 2334 hujus
733 2255 842 2334 capitis
867 2255 1051 2318 dictasunt.
1098 2256 1216 2318 Deinde
1242 2255 1394 2336 inquirunt

414 2347 554 2427 angulum
576 2345 660 2406 DBE
687 2345 736 2405 vel
768 2363 868 2406 arcum
896 2345 965 2414 DF,
995 2345 1074 2406 illins
1098 2346 1200 2425 anguli
1224 2362 1393 2407 mensnram

413 2438 495 2512 (oum
516 2435 545 2496 B
569 2432 783 2496 insensibiliter
806 2432 888 2495 absit
911 2432 949 2494 ab
972 2435 1003 2496 A
1026 2442 1143 2509 centro,
1169 2435 1393 2513 comparatione

415 2527 497 2588 lacta
518 2522 579 2586 BA
603 2522 642 2583 ad
670 2521 758 2597 BD),
788 2522 845 2583 boc
874 2532 922 2584 est
953 2541 1053 2584 arcum
1086 2524 1250 2585 distantiae
1279 2522 1388 2583 sideris
1412 2525 1566 2586 avertice
1594 2546 1633 2590 ex
1655 2528 1682 2589 B
1707 2531 1773 2594 loco

414 2611 581 2693 superficiei
606 2612 792 2694 apparentis.
840 2609 935 2691 Cujus
958 2613 1002 2674 rei
1027 2631 1120 2675 causa
1142 2614 1218 2675 haec
1243 2619 1305 2681 est,
1339 2612 1409 2691 qnia
1432 2612 1533 2687 sidus,
1565 2615 1646 2678 siin
1674 2618 1778 2698 ipsam,

414 2704 471 2766 DA
494 2700 672 2765 verticalem
695 2702 805 2763 lineam
834 2701 993 2775 incideret,
1019 2712 1053 2763 nt
1076 2701 1102 2763 si
1126 2702 1156 2763 in
1187 2710 1297 2781 puncto
1322 2700 1351 2761 H
1375 2709 1471 2776 esset,
1496 2702 1552 2765 snb
1576 2706 1689 2768 vertice
1714 2707 1772 2772 luci

413 2792 451 2863 D,
474 2791 566 2871 plano
590 2790 663 2852 nibil
687 2799 887 2853 commutaret
910 2791 1007 2852 locum
1030 2791 1136 2853 visum.
1183 2792 1265 2853 Nam
1289 2789 1315 2849 si
1336 2788 1367 2849 Η
1390 2789 1488 2864 sidus,
1512 2792 1541 2852 B
1564 2793 1662 2867 visus,
1686 2805 1719 2857 et
1740 2797 1772 2860 A

415 2889 549 2942 connum
572 2878 685 2941 Terrae
708 2886 811 2941 essent
834 2879 864 2940 in
888 2879 994 2940 eadem
1022 2887 1128 2940 recta:
1159 2881 1336 2940 continuata
1357 2878 1413 2938 ΒΗ
1437 2886 1470 2939 et
1493 2879 1554 2942 ΑΗ
1575 2880 1604 2942 in
1629 2902 1719 2946 unum
1741 2885 1772 2948 D

414 2966 558 3048 priuatum
580 2966 742 3040 incideret,
767 2976 798 3028 et
822 2976 870 3028 est
893 2967 954 3029 ΑΗ
977 2968 1056 3029 linea
1086 2967 1199 3030 visoria
1221 2986 1259 3029 ex
1282 2974 1400 3040 centro,
1423 2967 1481 3028 BH
1504 2986 1575 3029 vero
1598 2970 1712 3033 visoria
1733 2990 1773 3035 ax

415 3057 581 3137 superficie.
628 3056 734 3137 Itaque
757 3076 796 3118 ex
818 3065 943 3136 utroque
967 3056 1050 3118 visus
1075 3056 1140 3117 loco
1163 3056 1243 3117 idem
1267 3053 1322 3116 sub
1346 3054 1413 3116 lixis
1437 3056 1520 3117 locns
1536 3057 1565 3117 D
1590 3058 1770 3138 signaretur.

415 3146 502 3208 Hunc
533 3145 637 3226 itaque
674 3145 831 3207 terminum
869 3144 1035 3207 astronomi
1069 3145 1185 3224 eligunt
1221 3162 1359 3217 arcuum,
1395 3142 1425 3205 in
1456 3144 1562 3224 quibus
1599 3148 1772 3226 parallaxos

416 3242 620 3307 numerantur,
645 3232 714 3313 qnia
736 3234 850 3295 abhoc
873 3235 1021 3296 communi
1045 3234 1174 3295 termino
1197 3234 1324 3313 primum
1346 3231 1494 3311 incipiunt
1512 3234 1641 3297 existere
1663 3236 1771 3316 paral-

417 3325 501 3385 laxes
524 3322 554 3383 in
579 3342 682 3383 omnes
706 3324 825 3402 plagas.
873 3323 916 3385 Ut
938 3324 1008 3403 quia
1028 3323 1093 3401 jam
1116 3322 1199 3384 sidus
1224 3322 1253 3383 iu
1278 3319 1309 3383 G
1332 3321 1492 3401 apparebit
1515 3325 1595 3385 exA
1618 3324 1648 3385 in
1672 3325 1709 3400 E,
1733 3344 1773 3389 ex

416 3412 494 3473 Bin
519 3411 554 3484 E,
580 3420 614 3472 ut
634 3411 692 3472 DE
716 3413 764 3472 vel
788 3411 874 3473 DAE
898 3411 940 3472 sit
963 3411 1059 3473 minor
1086 3429 1175 3492 qnam
1198 3410 1255 3471 DF
1278 3411 1327 3473 vel
1349 3410 1445 3479 ΒΔΕ,
1469 3412 1563 3473 velF
1585 3412 1669 3476 locus
1693 3413 1772 3476 exB

417 3498 574 3579 superficie
606 3500 689 3562 visus
721 3503 878 3578 elongetur
901 3520 920 3560 a
947 3499 975 3560 D
1008 3500 1121 3561 vertice
1153 3500 1221 3577 plus
1254 3517 1345 3580 qnam
1370 3497 1398 3560 E
1427 3498 1511 3561 locus
1541 3519 1580 3561 ex
1605 3502 1637 3563 A
1666 3510 1772 3565 centro

417 3588 562 3660 visibilis,
594 3607 681 3669 quem
713 3589 789 3650 alias
819 3608 939 3651 verum
971 3589 1090 3650 locum
1121 3588 1235 3649 dicunt.
1281 3588 1341 3650 Est
1370 3586 1449 3649 enim
1477 3588 1597 3650 axioma
1627 3590 1769 3668 opticum

417 3677 495 3757 quod
525 3695 603 3757 quae
634 3678 798 3740 remotiora
830 3686 916 3751 sunt,
950 3677 1066 3738 minora
1098 3685 1281 3755 appareant:
1318 3675 1375 3736 hoc
1415 3683 1463 3736 est
1504 3676 1609 3738 minori
1645 3676 1771 3740 visionis

419 3765 527 3845 angulo
551 3775 722 3828 cernantur.
771 3764 821 3827 Sit
843 3764 904 3828 HG
928 3785 1015 3827 arcus
1044 3764 1208 3828 distantiae
1237 3764 1344 3825 sideris
1368 3783 1387 3823 a
1409 3764 1522 3825 vertice
1546 3766 1574 3825 in
1599 3784 1652 3826 sno
1675 3765 1771 3844 ipsius

419 3854 499 3928 orbe,
524 3855 575 3932 qui
598 3874 663 3917 oum
686 3855 807 3934 propior
826 3855 868 3916 sit
891 3854 1011 3934 apudB
1036 3873 1124 3933 quam
1144 3854 1267 3934 apudA
1291 3850 1482 3925 sensibiliter,
1507 3861 1670 3933 propterea
1692 3854 1773 3933 quod

419 3943 474 4004 AB
498 3943 724 4005 semidiameter
747 3945 890 4005 statuitur
914 3962 982 4004 esse
1006 3942 1160 4005 sensibilis
1184 3942 1222 4002 ad
1248 3938 1311 4003 AG
1335 3939 1511 4002 distantiam
1541 3940 1666 4015 sideris,
1700 3959 1773 4021 ergo

419 4028 510 4093 HAG
533 4033 661 4110 angulus
684 4032 782 4094 minor
804 4032 862 4093 erit
885 4031 1068 4093 sensibiliter
1092 4030 1202 4109 angulo
1216 4027 1316 4091 ΗΒΘ.
1354 4026 1456 4098 Quare
1475 4038 1506 4090 et
1529 4030 1610 4090 illius
1632 4047 1774 4094 mensura

419 4119 473 4181 DE
502 4120 687 4183 sensibiliter
720 4120 777 4182 erit
810 4121 908 4182 minor
947 4138 1036 4200 quam
1069 4120 1125 4181 DE
1157 4138 1299 4181 mensura
1327 4116 1425 4196 hujus.
1470 4116 1514 4178 Et
1545 4117 1650 4179 barum
1681 4118 1774 4198 igitur

420 4208 638 4272 differentia
659 4209 713 4271 EF
735 4208 844 4271 dicitur
868 4209 906 4271 ab
939 4208 1120 4271 astronomis
1152 4205 1358 4287 parallaxis
1387 4204 1494 4283 hujus
1526 4205 1665 4269 sideris
1687 4203 1774 4270 inu

419 4297 519 4375 positi.

507 4385 569 4447 Est
591 4392 692 4447 autem
715 4385 770 4447 EF
792 4403 932 4447 mensura
956 4384 1058 4463 anguli
1079 4382 1166 4446 EGE
1188 4383 1236 4444 vel
1259 4379 1366 4453 BGA,
1397 4388 1559 4461 propterea
1590 4384 1669 4463 qnod
1700 4401 1775 4463 pro·

420 4474 517 4552 portio
541 4474 601 4535 BA
623 4474 662 4535 ad
685 4473 744 4535 ΔΕ
767 4483 816 4536 est
837 4473 1041 4545 insensibilis,
1066 4473 1201 4551 ejusdem
1225 4490 1295 4532 vero
1319 4471 1377 4533 BA
1400 4469 1553 4550 proportio
1577 4472 1616 4532 ad
1640 4469 1702 4533 AG
1725 4479 1776 4533 est

421 4562 573 4625 sensibilis
597 4581 635 4624 ex
657 4562 822 4643 supposito,
847 4579 918 4640 ergo
938 4569 970 4623 et
988 4561 1141 4640 proportio
1161 4560 1223 4623 GA
1237 4560 1276 4621 ad
1290 4558 1347 4621 ΑΕ
1362 4567 1411 4620 est
1432 4557 1625 4633 insensibilis,
1649 4558 1775 4638 proinde

422 4652 550 4732 angulus
580 4650 625 4712 ad
644 4648 674 4713 G
697 4650 870 4730 aequivalet
898 4651 936 4711 ad
966 4669 1085 4712 sensum
1109 4650 1233 4729 angulo,
1264 4647 1313 4728 qui
1337 4666 1427 4727 super
1449 4645 1503 4708 ΕΡ
1525 4647 1566 4708 ad
1589 4656 1723 4709 centrum
1744 4645 1776 4708 A

423 4740 565 4803 constitui
589 4748 699 4820 potest.
747 4740 832 4800 Idem
855 4738 947 4800 etiam
970 4739 1014 4799 sic
1037 4745 1139 4817 patet:
1169 4757 1237 4801 cum
1264 4738 1319 4800 DF
1342 4736 1384 4797 sit
1406 4753 1547 4798 mensura
1569 4735 1671 4814 anguli
1693 4734 1777 4797 DBF

424 4830 626 4904 adsensum,
651 4828 705 4890 sed
729 4826 817 4889 DBG
841 4828 967 4906 angulus
992 4826 1127 4908 aequalis
1152 4826 1193 4889 sit
1216 4825 1335 4905 angulis
1357 4821 1457 4898 BAG,
1483 4821 1572 4886 AGB
1596 4822 1721 4885 internis
1745 4830 1777 4884 at

424 4918 569 4997 oppositis
588 4916 717 4996 junctis,
747 4934 819 4995 ergo
841 4916 897 4977 DE
919 4934 1060 4978 mensura
1083 4923 1132 4976 est
1156 4916 1331 4994 angulorum
1353 4909 1461 4984 BAG,
1494 4910 1583 4973 AGB
1602 4912 1777 4990 junctorum

424 5006 461 5068 ad
490 5024 631 5079 sensnm,
663 5007 719 5067 sed
740 5004 798 5067 DE
821 5004 947 5067 seorsim
970 5012 1019 5066 est
1041 5022 1181 5066 mensura
1208 5001 1310 5083 anguli
1332 4998 1441 5062 DAG:
1466 5018 1538 5079 ergo
1561 5000 1700 5063 residuus
1721 4997 1777 5074 EF

425 5102 472 5158 est
492 5112 636 5160 mensura
657 5092 771 5158 residui
791 5092 882 5156 AGB
905 5093 954 5155 vel
978 5092 1005 5155 ei
1029 5091 1164 5172 aequalis
1184 5088 1271 5154 EGF
1293 5087 1334 5153 ad
1356 5105 1488 5151 sensum.
