4584 6192
1038 541 1121 609 cano
1137 543 1182 594 ιι.
1724 543 1789 611 ass

429 723 491 785 lere
515 727 566 784 est
586 719 713 783 inutilis.
751 717 802 782 Sit
825 716 902 781 GHI
926 720 1028 783 radius
1052 721 1203 792 deficiens,
1228 723 1305 785 bunc
1328 723 1445 784 bisecet
1466 740 1521 800 per
1544 741 1630 784 suam
1652 722 1789 784 umbram

427 812 509 874 latus
531 808 589 872 AC
624 809 798 891 quadrantis
826 806 913 871 AOO
947 819 978 870 et
1010 808 1052 872 sit
1078 812 1134 874 AF
1165 812 1425 891 perpendiculum:
1461 811 1517 871 erit
1546 810 1628 874 FAC
1662 810 1710 873 vel
1732 807 1787 875 FO

428 899 642 981 propemodum
673 900 799 978 angulus
833 898 998 978 quaesitus.
1044 900 1122 962 Nam
1145 900 1203 963 AF
1226 902 1257 962 iu
1280 900 1417 963 verticali
1451 918 1518 961 esse
1547 906 1635 962 extra
1662 907 1786 963 contro-

428 988 558 1052 versiam
582 996 639 1050 est.
685 987 742 1051 Ac
775 1006 846 1049 vero
879 987 991 1050 transit
1020 1008 1075 1069 per
1105 999 1212 1052 centra
1233 990 1277 1063 D,
1301 990 1338 1049 Ε.
1384 988 1464 1051 Nam
1497 988 1617 1069 ponitur
1650 989 1786 1051 bisecare

428 1097 540 1140 cornua
556 1075 611 1151 Gl,
635 1077 692 1139 hoc
716 1084 765 1139 est
787 1085 901 1138 rectam
920 1074 966 1137 GI
986 1077 1015 1138 in
1040 1078 1156 1140 duobus
1181 1079 1301 1141 circulis
1325 1079 1517 1157 descriptam,
1542 1097 1609 1139 cum
1633 1078 1787 1158 utriusque

428 1187 530 1229 arcum
554 1166 679 1228 bisecet.
725 1167 860 1229 Necesse
885 1174 933 1226 est
963 1167 1054 1246 igitur
1075 1187 1129 1248 per
1158 1177 1263 1229 centra
1286 1168 1368 1229 illam
1401 1167 1541 1229 transire.
1589 1164 1731 1229 Ceterum
1755 1166 1787 1229 in

427 1256 564 1336 exemplo
589 1254 710 1335 eclipsis
734 1254 803 1324 anui
823 1251 916 1318 1590.
941 1253 992 1318 21.
1008 1256 1090 1329 Julii,
1116 1257 1144 1318 in
1161 1257 1246 1337 cujus
1267 1256 1414 1336 eclipseos
1438 1254 1649 1330 observatione
1664 1255 1785 1318 Maest-

427 1346 505 1408 linus
524 1345 602 1406 hunc
621 1345 741 1406 niodum
764 1343 930 1424 usurpavit,
945 1343 999 1408 Sol
1023 1345 1143 1408 humilis
1159 1354 1226 1408 erat
1241 1355 1272 1407 et
1295 1345 1497 1406 inclinationis
1518 1345 1566 1406 vel
1583 1364 1659 1425 pene
1683 1351 1785 1407 rectus

426 1435 474 1495 vel
498 1453 574 1514 pene
598 1434 697 1496 nullus
721 1432 858 1513 angulus.
906 1433 1011 1514 ltaque
1036 1444 1098 1497 tum
1123 1436 1241 1515 quidem
1270 1435 1366 1497 valuit
1395 1435 1501 1496 modus
1525 1433 1583 1495 iste
1608 1440 1639 1494 et
1663 1433 1785 1495 subtili·

426 1523 484 1585 tati
508 1542 652 1584 sensuum
684 1523 822 1585 suffecit:
857 1523 939 1583 atsi
963 1522 1017 1585 Sol
1041 1524 1142 1598 altior,
1178 1525 1388 1587 inclinationes
1419 1522 1614 1585 intermediae
1646 1523 1784 1593 fuissent,

427 1610 551 1674 dubium
574 1630 631 1673 nou
656 1620 705 1674 est
729 1612 796 1693 quin
818 1613 1014 1674 aMaestlino
1038 1612 1163 1676 fuissem
1183 1614 1219 1675 de
1244 1613 1381 1676 cautione
1405 1613 1584 1674 admonitus.
1621 1610 1701 1673 Nam
1725 1611 1784 1673 etsi

424 1702 482 1763 AF
514 1708 726 1781 repraesentat
754 1701 949 1771 verticalem,
980 1699 1036 1764 AC
1070 1704 1211 1766 circulum
1243 1722 1297 1783 per
1329 1709 1452 1764 centra:
1487 1722 1545 1764 uon
1576 1708 1676 1762 tamen
1700 1697 1783 1763 FAC

425 1789 550 1853 metitur
573 1791 714 1869 angulum
737 1790 854 1852 illorum
878 1790 1071 1866 circulorum,
1102 1792 1156 1855 sed
1180 1792 1275 1855 minor
1299 1799 1356 1854 est.
1404 1788 1493 1862 Quod
1518 1790 1605 1852 facile
1629 1796 1730 1870 patet,
1756 1787 1783 1851 si

424 1882 455 1942 A
478 1886 622 1960 punctum
650 1880 691 1941 sit
718 1879 746 1941 in
781 1879 847 1958 ipsa
883 1880 1097 1943 intersectione
1121 1883 1297 1945 circulorum
1320 1882 1425 1943 horum
1453 1880 1482 1942 in
1514 1880 1660 1959 sphaera,
1690 1884 1783 1940 etex

425 1969 532 2029 eodem
556 1976 667 2047 puncto
692 1977 802 2030 exeant
821 1970 906 2044 duae,
932 1970 1030 2030 altera
1053 1971 1236 2047 verticalem,
1263 1972 1360 2033 altera
1383 1969 1524 2032 circulum
1547 1987 1602 2047 per
1625 1973 1730 2030 centra
1752 1965 1783 2029 in

426 2057 534 2119 eodem
556 2066 667 2137 puncto
691 2065 863 2137 tangentes.
913 2059 988 2119 Illae
1014 2061 1091 2122 enim
1119 2061 1373 2141 comprehendent
1403 2059 1543 2138 angulum
1567 2075 1633 2118 cum
1662 2056 1782 2119 circulis

424 2145 560 2221 eundem,
586 2145 642 2208 hae
666 2166 737 2209 vero
761 2148 923 2209 manifeste
947 2147 1100 2212 minorem.
1138 2149 1436 2211 Demonstratiouem
1461 2156 1492 2210 et
1515 2147 1638 2210 schema
1660 2153 1692 2207 et
1715 2146 1782 2208 cal-

425 2235 524 2297 culum
548 2236 695 2298 cautionis
719 2236 909 2299 necessariae
931 2237 1066 2300 invenies
1090 2238 1169 2302 iufra
1191 2239 1287 2319 probl.
1313 2235 1365 2302 29.

515 2323 712 2387 Problema
734 2325 806 2388 XV.
852 2326 1125 2390 Inclinationes
1156 2348 1220 2408 per
1248 2328 1531 2390 instrumentum
1564 2322 1783 2403 eclipticum

426 2413 611 2493 excipere.
645 2415 766 2476 ‘Modus
791 2423 839 2476 est
863 2415 978 2490 facilis,
1003 2436 1057 2478 nec
1081 2424 1114 2478 ut
1136 2418 1218 2497 prior
1241 2415 1421 2479 titubatione
1453 2414 1613 2476 liberamm
1643 2431 1783 2475 manuum

426 2502 598 2583 impeditus,
623 2509 655 2566 et
677 2504 942 2567 demonstrativus.
980 2505 1106 2567 Directa
1130 2507 1207 2568 enim
1232 2506 1337 2586 regula
1360 2505 1389 2566 in
1414 2512 1548 2567 centrum
1565 2501 1658 2577 Solis,
1681 2502 1782 2565 rotula

426 2612 494 2654 cum
527 2592 625 2655 indice
658 2595 843 2655 convertitur
876 2594 973 2674 quoad
1007 2598 1220 2658 transversalis
1252 2595 1357 2676 regula
1385 2594 1432 2655 vel
1464 2592 1564 2673 tangit
1596 2610 1707 2653 cornua
1733 2592 1783 2653 vel

426 2682 567 2761 tangenti
597 2683 759 2762 parallelos
793 2691 857 2756 est,
893 2692 924 2744 et
956 2685 1138 2747 monstrabit
1168 2686 1259 2748 iudex
1290 2685 1320 2746 in
1353 2682 1495 2746 exteriori
1527 2682 1637 2744 circulo
1670 2679 1783 2760 gradus

425 2769 630 2832 inclinationis
654 2791 721 2833 eum
745 2772 895 2845 verticuli,
921 2774 1085 2853 statimque
1109 2776 1198 2837 datur
1221 2781 1254 2836 et
1281 2774 1410 2835 altitudo
1434 2770 1516 2833 Solis
1540 2790 1593 2850 per
1616 2770 1783 2832 sectionem

425 2860 550 2939 regulae
575 2880 640 2922 cum
664 2869 807 2934 transtro,
833 2862 920 2940 siguo
944 2862 1087 2924 distincto
1113 2865 1194 2925 lacto
1219 2864 1324 2924 eodem
1343 2864 1372 2924 iu
1397 2862 1502 2940 regula
1525 2870 1557 2922 et
1581 2865 1727 2933 transtro,
1749 2866 1784 2921 ut

426 2956 497 3027 post
521 2948 762 3011 observationem
797 2951 894 3011 metiri
926 2952 1039 3029 possis,
1072 2953 1097 3013 si
1121 2961 1213 3013 antea
1236 2972 1293 3014 uon
1319 2960 1367 3013 est
1399 2950 1529 3011 divisum
1562 2955 1728 3011 transtrum
1751 2955 1783 3012 et

427 3038 547 3117 regula,
572 3040 733 3100 secuudum
763 3041 874 3120 gradus
908 3040 1076 3102 altitudinis
1108 3041 1200 3103 Solis.
1248 3040 1365 3112 Quodsi
1394 3041 1460 3102 loco
1492 3038 1707 3101 transversalis
1738 3038 1784 3101 uti

425 3127 529 3206 placet
560 3128 685 3202 lunulis,
719 3137 753 3189 ut
775 3137 823 3190 est
846 3129 875 3190 in
908 3130 1052 3208 problem.
1081 3128 1138 3205 13,
1175 3132 1273 3193 rotula
1303 3149 1420 3192 rursum
1453 3128 1654 3198 convertitur,
1688 3128 1782 3190 donec

426 3216 528 3277 radius
553 3217 694 3278 deficiens
718 3218 857 3280 comibus
882 3218 945 3280 suis
969 3220 1101 3281 lunulam
1126 3220 1264 3300 utrinqne
1289 3238 1444 3299 exaequo
1473 3218 1678 3296 amplectitur,
1704 3216 1783 3296 quod

427 3314 459 3365 et
481 3305 581 3367 divisa
604 3307 767 3367 diametros
791 3316 823 3368 et
847 3308 1000 3369 brachiola
1024 3309 1154 3370 lunulam
1178 3309 1351 3381 retinentia,
1375 3327 1451 3387 quse
1474 3314 1602 3388 possunt
1625 3325 1692 3368 csse
1717 3306 1782 3368 loco

427 3395 650 3469 transversalis,
678 3395 764 3457 facile
790 3397 933 3458 indicant

516 3484 744 3545 Demonstratio
769 3486 797 3546 iu
822 3486 879 3546 hoc
903 3494 959 3558 est,
986 3487 1063 3565 qnod
1086 3485 1211 3548 fissurae
1241 3486 1316 3547 dnae
1341 3494 1372 3547 et
1404 3485 1528 3547 transtri
1551 3491 1583 3546 et
1605 3484 1782 3547 columellae

428 3573 560 3651 regulam
585 3574 614 3634 in
638 3575 728 3653 plano
753 3574 855 3636 circuli
878 3575 1032 3636 verticalis
1060 3575 1224 3648 collocant,
1251 3595 1337 3654 quam
1363 3576 1467 3636 eodem
1491 3574 1625 3654 sequitur
1648 3582 1678 3635 et
1702 3574 1781 3634 linea

427 3660 619 3741 longitudinis
635 3663 664 3723 in
679 3664 802 3735 tabella,
827 3684 918 3744 aqua
942 3664 1022 3726 linea
1045 3664 1151 3744 incipit
1171 3663 1277 3726 divisio
1301 3665 1403 3726 circuli
1424 3664 1452 3724 iu
1472 3663 1587 3724 tabella
1610 3661 1779 3723 exterioris.

516 3749 632 3821 Quodsi
657 3772 716 3815 non
739 3772 857 3832 semper
879 3761 975 3814 totum
1000 3754 1228 3816 instrumentum
1252 3754 1292 3814 sit
1319 3754 1357 3813 ad
1381 3772 1496 3820 manus,
1523 3760 1557 3812 ut
1580 3752 1607 3811 si
1634 3750 1675 3812 nil
1700 3749 1781 3812 adsit

427 3838 483 3900 nisi
507 3841 614 3919 regula
637 3860 703 3901 cum
728 3842 859 3915 tabellis,
884 3843 1017 3921 regulam
1033 3842 1077 3903 sic
1092 3844 1121 3904 in
1145 3844 1266 3922 planum
1289 3841 1444 3903 verticalis
1468 3840 1589 3918 diriges,
1614 3840 1640 3900 si
1660 3839 1781 3917 regulae

427 3928 454 3988 in
478 3929 582 3990 radice
607 3949 729 3992 coasses
754 3933 957 3992 transversale
988 3932 1076 3992 duum
1101 3934 1209 4010 pedum
1240 3931 1424 4010 longitudine
1449 3930 1498 3990 vel
1521 3949 1556 3990 eo
1582 3927 1724 4007 amplius,
1751 3936 1783 3989 et

427 4018 463 4078 ad
487 4019 617 4097 angulos
648 4029 747 4081 rectos
780 4022 919 4099 regulae,
953 4029 1061 4100 postea
1093 4023 1227 4100 regulam
1257 4040 1322 4082 cum
1356 4018 1553 4082 transversali
1587 4017 1782 4097 procumbere

425 4107 553 4185 patiaris
578 4108 606 4168 iu
629 4109 834 4187 pavimentum
857 4110 1015 4189 aequabile
1035 4117 1066 4170 et
1086 4110 1233 4172 horizonti
1256 4109 1434 4188 parallelon.
1471 4108 1550 4169 Nam
1576 4105 1782 4168 transversale

424 4196 558 4275 regulam
583 4197 612 4258 in
637 4197 757 4259 dorsum
782 4200 886 4278 eriget,
913 4208 945 4259 ut
964 4199 993 4260 iu
1018 4199 1161 4260 verticale
1185 4200 1308 4278 planum
1332 4204 1493 4278 competat,
1520 4197 1609 4275 plane
1633 4205 1667 4257 ut
1690 4203 1783 4258 antea

423 4302 477 4362 per
500 4286 626 4347 fissuras
650 4288 776 4349 transtri
802 4297 831 4349 et
856 4288 1031 4350 columellae
1056 4287 1134 4349 idem
1158 4288 1216 4349 fuit
1239 4289 1403 4350 obtentum.

510 4374 812 4439 ProblemaXVI.
851 4377 1120 4439 Inclinationes
1146 4377 1178 4438 in
1203 4377 1414 4455 pavimento
1438 4375 1548 4436 etiam
1572 4372 1778 4453 designare.

423 4461 546 4526 Dictum
570 4472 618 4524 est
650 4466 749 4545 capite
783 4468 930 4537 secundo,
964 4466 1080 4527 radium
1111 4466 1280 4545 hujusmodi
1305 4466 1334 4528 in
1363 4466 1491 4527 obscura
1521 4481 1642 4524 camera
1673 4481 1780 4524 conum

423 4571 487 4614 esse
511 4558 637 4627 rectum,
662 4554 689 4615 si
713 4554 848 4616 foramen
873 4555 1017 4617 circulare
1042 4563 1073 4617 et
1095 4555 1341 4635 perpendiculare
1366 4555 1422 4627 sit,
1452 4553 1536 4633 cujus
1560 4559 1665 4613 vertex
1688 4569 1782 4632 supra

423 4641 565 4715 foramen,
591 4642 675 4703 basis
700 4644 729 4704 in
753 4645 907 4705 illustrata
936 4644 1101 4723 superficie.
1157 4644 1272 4714 Quodsi
1302 4643 1474 4723 superficies
1503 4643 1578 4702 haec
1611 4648 1693 4702 recte
1722 4639 1779 4702 ob·

418 4729 522 4807 jicitur
546 4731 715 4806 fenestrae,
745 4733 827 4795 basis
851 4734 917 4794 coni
941 4734 989 4795 vel
1017 4734 1116 4812 portio
1145 4733 1298 4795 illustrata
1328 4734 1455 4794 circulus
1480 4731 1538 4792 erit
1562 4729 1617 4806 (ΙΙ,
1642 4727 1689 4804 8).
1735 4728 1782 4791 At

422 4820 445 4880 si
469 4820 646 4900 superficies
670 4821 788 4902 oblique
817 4822 975 4901 objiciatur
999 4822 1100 4896 radio,
1123 4823 1208 4883 basis
1232 4821 1318 4901 hujus
1342 4822 1423 4896 coni,
1447 4821 1495 4882 vel
1519 4819 1616 4899 portio
1641 4818 1778 4899 obliquae

422 4909 589 4989 superficiei
613 4910 767 4973 illustrata
790 4912 885 4973 sectio
910 4912 967 4973 erit
990 4912 1104 4987 conica,
1130 4921 1162 4972 et
1186 4911 1303 4991 ellipsis
1326 4912 1459 4991 quidem,
1493 4911 1518 4970 si
1543 4916 1638 4970 totum
1661 4909 1778 4971 radium

421 4999 593 5078 superficies
618 4999 790 5079 intercipiat
815 5002 931 5080 (Apoll.
958 5002 979 5075 l,
1008 4998 1074 5074 13).
1123 4999 1198 5063 Cum
1229 5021 1300 5081 ergo
1324 5002 1352 5062 iu
1378 5010 1481 5063 nostro
1509 5000 1631 5062 climate
1654 4998 1778 5081 planum

421 5084 585 5152 horizontis
610 5108 664 5152 seu
688 5091 862 5170 pavimenta
886 5110 1004 5171 semper
1036 5090 1189 5173 obliquum
1212 5091 1365 5171 excipiant
1393 5089 1509 5154 radium
1533 5087 1628 5166 Solis,
1659 5110 1779 5172 semper

1510 5192 1566 5246 2³·
