4584 6192
538 590 604 658 2l8
1012 597 1202 662 Paralipomenon
1219 599 1246 647 in
1264 597 1432 649 vitellianum.

538 772 686 854 repercuti
717 772 809 834 etiam
838 772 965 853 possunt
994 774 1022 834 in
1052 779 1122 835 a'e're
1152 774 1190 835 ab
1221 768 1284 852 ejus
1311 792 1452 853 suprema
1481 774 1654 853 superficie,
1688 782 1722 836 nt
1744 795 1800 855 pro
1824 774 1897 837 Sole

539 860 651 922 idolum
675 860 741 940 ejus
764 861 794 923 in
818 862 907 923 Nova
930 863 1055 923 Zembla
1078 883 1097 922 a
1118 862 1247 924 Batavis
1271 863 1366 925 videri
1390 862 1531 941 potuerit.
1579 863 1715 924 Videant
1737 864 1834 937 docti,
1859 884 1898 925 an

537 948 594 1013 boc
617 948 705 1011 modo
729 959 761 1011 et
783 951 959 1029 crepuscula
982 951 1101 1013 defendi
1125 951 1253 1030 possint,
1278 960 1313 1013 ut
1334 970 1392 1013 nnn
1416 969 1541 1012 necesse
1564 953 1616 1025 sit,
1640 953 1800 1017 materiam
1822 953 1897 1014 illu·

536 1038 707 1101 minandam
742 1040 781 1100 ad
818 1038 857 1101 12
890 1040 1030 1102 milliaria
1065 1041 1249 1114 ascendere;
1287 1040 1438 1115 sufficiat,
1478 1047 1512 1102 ut
1545 1038 1628 1103 Solis
1665 1043 1768 1106 radius
1800 1041 1897 1104 semel

537 1127 690 1208 ingressus
715 1129 900 1208 superficiem
923 1130 1013 1204 aeris,
1040 1149 1099 1209 qua
1115 1149 1232 1192 mrsum
1253 1128 1415 1210 egreditur,
1440 1131 1659 1208 repercutiatur
1679 1132 1798 1212 angulis
1813 1131 1897 1193 intus

536 1215 723 1297 aequalibus,
749 1218 836 1298 idque
860 1217 917 1292 bis,
943 1227 989 1281 ter
1010 1219 1057 1279 vel
1073 1226 1181 1297 quater
1203 1220 1265 1293 fiat,
1290 1219 1386 1280 donec
1408 1218 1572 1280 illustratio
1596 1219 1687 1294 aeris,
1712 1220 1898 1301 repercussis

537 1304 632 1367 radiis
656 1306 749 1379 facta,
772 1307 892 1387 penitus
916 1307 1092 1369 obliteretur
1116 1327 1170 1370 nec
1194 1308 1223 1369 in
1248 1308 1350 1369 oculos
1374 1307 1503 1387 amplius
1526 1308 1669 1369 incurrat.

699 1441 749 1509 10.
787 1446 1037 1527 Conjecturae
1061 1467 1103 1507 ex
1133 1456 1327 1510 vetustate
1351 1448 1393 1509 de
1422 1447 1733 1510 refractionibns.

626 1571 740 1651 Magno
764 1574 967 1635 astronomiae
991 1574 1098 1634 damno
1122 1572 1152 1633 in
1180 1571 1414 1652 investigatione
1443 1580 1542 1634 motus
1566 1570 1647 1633 Solis
1672 1581 1704 1634 et
1730 1571 1896 1649 aequinoc-

389 1744 393 1751 .
503 1660 647 1722 ⁸tiorum
671 1661 869 1735 factumest,
900 1670 934 1723 ut
956 1662 1154 1724 refractiores
1179 1684 1197 1723 a
1219 1662 1373 1723 veteribus
1404 1661 1515 1722 fuerint
1543 1660 1709 1740 neglectae.
1756 1658 1846 1730 Quod
1870 1661 1897 1722 11

537 1747 631 1811 certis
655 1751 840 1828 argumentis
865 1751 983 1830 probari
1003 1750 1112 1830 possit,
1135 1750 1267 1813 siderum
1282 1750 1385 1811 radios
1408 1749 1544 1811 omnibus
1564 1750 1640 1811 locis
1655 1760 1687 1810 et
1710 1749 1898 1829 temporibus

535 1836 673 1917 refringi,
703 1840 842 1900 damnum
866 1840 895 1901 id
919 1859 957 1901 ex
980 1848 1066 1919 parte
1096 1838 1201 1901 sarciri
1225 1839 1353 1900 anobis
1381 1846 1495 1917 posset.
1543 1839 1609 1919 Ego
1640 1846 1784 1918 quantum
1807 1836 1897 1917 hujus

536 1935 692 2007 praestare
715 1929 839 2008 possim,
865 1929 999 1989 tentabo.
1037 1927 1170 1989 Primum
1193 1928 1391 1990 retractiones
1414 1927 1542 1988 diversis
1557 1927 1633 1989 locis
1653 1928 1791 1989 diversas
1814 1946 1895 2000 esse,

531 2016 598 2095 jam
620 2016 708 2078 modo
732 2017 809 2079 satis
833 2018 988 2079 evidenter
1015 2016 1216 2095 probavimus.
1263 2016 1400 2078 Indidem
1424 2025 1456 2076 et
1478 2016 1534 2077 hoc
1558 2016 1671 2095 patuit,
1701 2015 1894 2077 retractionis

536 2104 628 2167 1111111
650 2114 682 2165 et
705 2106 795 2167 aliam
818 2107 1054 2185 magnitudinem
1081 2106 1201 2184 prodire
1225 2126 1263 2167 ex
1286 2113 1430 2185 suscepta
1453 2105 1515 2166 alia
1541 2113 1632 2185 atque
1657 2105 1718 2166 alia
1741 2103 1896 2166 densitate

536 2194 616 2255 aeris
639 2202 672 2255 et
694 2195 853 2257 altitudine
878 2195 943 2275 ejus
960 2196 1114 2276 sphaerae
1139 2213 1232 2275 supra
1255 2196 1389 2256 Terram.
1436 2194 1553 2255 Deinde
1584 2203 1655 2256 sunt
1678 2194 1840 2275 Aegyptus
1864 2202 1898 2254 et

536 2282 678 2357 Rhodus,
711 2283 766 2345 illa
789 2284 971 2357 Ptolemaei,
1005 2285 1081 2345 haec
1104 2283 1269 2365 Hipparchi
1300 2284 1415 2363 patria,
1448 2283 1601 2345 maritima
1629 2283 1714 2356 loca;
1749 2300 1842 2363 quare
1865 2281 1896 2343 in

535 2371 714 2452 profundum
738 2373 818 2434 aeris
842 2374 992 2436 immersa.
1040 2372 1186 2434 Vicissim
1210 2393 1278 2434 cum
1301 2373 1396 2452 frigus
1428 2372 1608 2444 condenset,
1638 2373 1721 2434 calor
1751 2379 1898 2433 extenuet

537 2469 569 2523 et
591 2459 633 2523 sit
655 2462 685 2522 111
709 2462 770 2523 11111
795 2461 966 2523 climatibus
989 2462 1072 2523 calor
1091 2462 1195 2543 major,
1220 2461 1338 2523 tenuior
1361 2459 1454 2523 etiam
1474 2461 1534 2522 erit
1551 2468 1613 2535 aer,
1639 2460 1688 2541 qui
1711 2459 1896 2522 succedente

536 2568 574 2611 ex
597 2550 736 2629 aquilone
759 2549 897 2612 densiore
919 2558 950 2612 et
972 2551 1110 2631 graviore
1133 2551 1257 2630 pellitur
1271 2551 1300 2612 in
1323 2549 1428 2622 altum,
1452 2557 1484 2610 et
1503 2569 1605 2628 snpra,
1629 2568 1688 2631 qua
1708 2549 1895 2629 fastigiatur,

537 2656 607 2699 sese
630 2637 708 2699 didit
730 2638 921 2720 vicissimque
950 2638 1073 2701 boream
1096 2641 1192 2718 petit,
1225 2639 1254 2700 in
1278 2639 1469 2701 decliviorenr
1500 2640 1579 2701 aeris
1612 2638 1801 2718 superficiem
1826 2656 1896 2699 sese

536 2725 714 2788 infundens:
748 2727 806 2788 nisi
838 2728 866 2787 ui
900 2728 1021 2789 fortiore
1054 2729 1212 2808 repulsus,
1247 2737 1321 2808 puta
1353 2736 1418 2789 toto
1453 2728 1533 2790 aeris
1565 2745 1695 2808 aequore
1728 2747 1766 2789 ex
1798 2727 1896 2806 primo

535 2814 665 2894 impulsu
688 2816 717 2876 in
741 2824 853 2878 motum
877 2817 1057 2890 constituto,
1083 2818 1247 2897 repellatur
1270 2827 1301 2878 et
1325 2817 1411 2897 quasi
1435 2825 1600 2896 restagnet.
1653 2826 1709 2892 (An
1738 2827 1809 2880 haec
1835 2832 1896 2880 ete·

536 2914 638 2971 siarum
659 2915 737 2986 origo
746 2910 771 2984 1)
808 2905 850 2968 Et
870 2905 898 2966 in
922 2926 1047 2980 summa,
1073 2907 1151 2986 quod
1171 2906 1353 2968 densitatem
1372 2905 1493 2977 attinet,
1516 2912 1663 2986 perpetua
1681 2904 1787 2965 existit
1809 2924 1895 2966 com-

536 2993 641 3056 mixtio
665 2994 745 3055 11111
772 2994 867 3056 nostri
890 3015 957 3056 cum
986 2995 1190 3067 meridionali,
1223 3003 1256 3056 et
1283 2994 1416 3055 vicissim
1444 2994 1524 3056 illius
1552 3013 1619 3056 cum
1652 3000 1772 3067 nostro,
1804 2993 1895 3075 idque

534 3089 657 3164 propter
678 3094 834 3145 ventorum
859 3083 1016 3145 continuos
1040 3086 1140 3145 flatus.
1188 3086 1295 3163 ltaque
1319 3083 1480 3143 densitatis
1508 3092 1648 3162 respectu
1672 3101 1730 3145 nnn
1754 3082 1814 3144 erit
1837 3082 1895 3143 ad·

536 3172 654 3235 nundum
683 3191 793 3252 magna
826 3173 997 3234 differentia
1020 3192 1074 3234 nus
1098 3172 1273 3251 Europaeos
1306 3172 1385 3234 inter
1408 3178 1441 3232 et
1463 3172 1637 3253 Aegyptum
1660 3172 1709 3232 vel
1732 3170 1894 3233 Rhodum:

535 3262 589 3323 sed
612 3280 667 3322 nos
690 3261 720 3321 iu
744 3262 938 3341 sequentibus
962 3262 1086 3323 liberum
1111 3261 1328 3340 usurpabimus,
1353 3260 1502 3340 inquirere
1526 3261 1669 3340 amplius,
1695 3280 1733 3321 an
1757 3260 1896 3322 omnibus

536 3349 611 3412 locis
635 3350 740 3412 eadem
765 3350 806 3411 sit
829 3351 957 3412 altitudo
981 3351 1061 3412 aeris
1085 3350 1249 3429 eademque
1270 3349 1415 3423 densitas,
1442 3350 1541 3429 capite
1557 3351 1630 3411 VH.
1670 3347 1774 3411 Causa
1792 3349 1895 3429 itaque

536 3438 651 3519 posita,
679 3440 819 3500 effectum
847 3440 931 3518 sequi
963 3459 1086 3501 necesse
1115 3448 1182 3500 est:
1217 3446 1249 3499 et
1276 3458 1342 3499 cnm
1366 3456 1424 3499 non
1454 3438 1541 3499 hodie
1570 3439 1687 3499 demum
1717 3444 1770 3499 aer
1793 3438 1895 3500 Terris

536 3526 646 3589 circulo
675 3527 941 3602 circumfundatur,
972 3528 1027 3589 sed
1055 3529 1102 3589 lex
1126 3527 1188 3589 ista
1221 3536 1344 3588 naturae
1369 3535 1402 3587 ut
1432 3536 1663 3589 cousentaneum
1697 3535 1747 3587 est
1779 3526 1849 3588 inde
1878 3549 1897 3587 a

536 3634 635 3678 rerum
663 3615 786 3677 conditu
818 3618 858 3677 ad
887 3636 941 3678 uus
975 3637 1067 3698 usque
1095 3624 1258 3696 perennet:
1288 3635 1437 3696 nunquam
1461 3616 1553 3695 igitur
1577 3635 1635 3677 non
1660 3615 1753 3677 fuisse
1777 3616 1895 3677 refrac-

536 3704 650 3777 tiones,
680 3724 736 3784 par
764 3705 900 3785 equidem
925 3715 957 3767 et
980 3715 1214 3767 consentaneum
1238 3705 1403 3766 existimari
1427 3704 1527 3765 debet.
1575 3706 1659 3766 Haec
1684 3725 1703 3765 a
1725 3705 1894 3767 ratiocina-

535 3793 617 3856 tione
646 3794 776 3855 dedncta
804 3795 1004 3866 firmamenta,
1036 3795 1218 3855 testimoniis
1247 3801 1277 3854 et
1305 3794 1484 3873 conjecturis
1514 3813 1550 3854 er
1580 3794 1761 3873 antiquitate
1789 3792 1895 3874 petitis

537 3882 690 3945 fulcienda
713 3892 792 3953 sunt,
816 3903 853 3944 ex
877 3884 983 3964 quibus
1008 3891 1165 3962 appareat,
1190 3885 1330 3945 continua
1354 3883 1544 3944 successione
1563 3883 1731 3944 seculorum
1750 3890 1805 3943 aut
1828 3881 1896 3944 ani-

535 3974 721 4044 madversas,
746 3980 799 4034 aut
822 3972 972 4033 minimum
997 3992 1088 4033 sensu
1111 3981 1273 4051 perceptas
1298 3971 1496 4034 refractiones
1520 3971 1550 4032 in
1575 3977 1646 4032 aere
1670 3971 1813 4033 siderum.

624 4059 747 4123 Clarum
768 4061 895 4141 praebet
914 4061 1116 4122 testimonium
1140 4061 1256 4122 Plinius
1277 4061 1326 4121 lib.
1342 4062 1382 4122 ΙΙ.
1408 4054 1552 4122 historiae
1576 4060 1733 4135 naturalis,
1756 4079 1824 4140 cap.
1845 4058 1897 4123 13.

535 4149 620 4228 cujus
643 4150 736 4211 verba
760 4150 803 4212 sic
827 4149 960 4211 habent:
993 4160 1118 4222 Quanam
1150 4160 1272 4223 ratione,
1304 4176 1365 4213 eum
1387 4159 1460 4213 Solis
1486 4168 1586 4213 exortu
1617 4161 1715 4214 umbra
1736 4158 1790 4214 illa
1808 4160 1896 4214 hebe-

536 4239 625 4293 tatrix
646 4241 697 4293 sub
719 4241 806 4294 Terra
827 4258 888 4293 esse
914 4241 1030 4303 debeat,
1060 4241 1144 4294 semel
1169 4240 1229 4310 jam
1255 4241 1398 4303 acciderit,
1424 4246 1457 4293 ut
1477 4239 1505 4293 in
1532 4256 1631 4294 occasu
1651 4241 1732 4294 Luna
1754 4240 1895 4304 deficeret,

535 4323 652 4388 utroque
674 4336 758 4388 super
779 4322 891 4374 Terram
912 4321 1059 4390 conspicuo
1081 4321 1179 4375 sidere.
1223 4319 1303 4381 Ecce
1337 4317 1441 4380 Solem
1474 4318 1563 4379 simul
1596 4326 1628 4378 et
1656 4318 1792 4388 Lunam,
1827 4337 1896 4381 curu

535 4414 639 4468 essent
663 4407 691 4468 in
715 4408 789 4469 locis
813 4407 976 4488 oppositis,
1001 4407 1188 4470 semicirculo
1213 4408 1380 4479 distantes,
1404 4425 1549 4488 apparere
1575 4415 1675 4469 tamen
1698 4425 1753 4487 per
1775 4407 1896 4470 refrac-

535 4494 646 4557 tionem
674 4515 766 4576 supra
798 4497 984 4559 horizontem
1008 4504 1040 4557 et
1063 4497 1093 4559 in
1122 4497 1235 4558 minore
1269 4496 1433 4571 distantia,
1469 4516 1557 4576 quam
1586 4504 1636 4557 est
1667 4495 1895 4559 semicirculus:

535 4585 612 4664 quod
638 4593 687 4647 est
710 4586 866 4648 doctrinae
891 4585 1105 4646 refractionum
1128 4585 1275 4646 hactenus
1299 4586 1430 4647 traditae
1454 4592 1699 4648 consentaneum.

624 4681 804 4745 Cleomedes
826 4683 876 4744 lib.
892 4684 933 4744 II.
958 4685 1059 4755 refert,
1085 4682 1270 4761 antiquiores
1296 4683 1413 4762 aliquos
1437 4683 1668 4745 mathematicos
1689 4683 1768 4744 hunc
1783 4683 1897 4745 nodum

534 4773 579 4835 ita
601 4772 746 4846 solvisse,
782 4779 815 4832 ut
848 4772 996 4842 dicerent,
1029 4772 1154 4832 Terram
1179 4771 1217 4832 ob
1246 4772 1460 4834 rotunditatem
1492 4772 1591 4834 instar
1620 4771 1731 4834 montis
1765 4769 1896 4851 alicujus

533 4860 664 4933 babere,
696 4880 734 4923 ex
762 4879 819 4940 quo
853 4869 1009 4940 spectator
1041 4859 1120 4920 idem
1132 4881 1146 4933 ,·
1175 4879 1250 4939 qnae
1274 4860 1303 4920 in
1337 4869 1463 4941 utraque
1496 4862 1575 4923 valle
1608 4868 1772 4940 gerantur,
1802 4859 1896 4922 facile

532 4947 665 5029 inspicit.
723 4947 865 5011 Ceterum
897 4946 1075 5011 Cleomedes
1103 4948 1173 5008 illos
1201 4949 1315 5010 refutat
1343 4957 1474 5011 ostensa·
1497 4948 1753 5012 dissimilitudine.
1812 4948 1894 5011 Nam

534 5036 560 5098 si
583 5057 640 5117 quo
666 5058 704 5099 ex
726 5038 837 5099 montis
862 5038 927 5099 loco
952 5045 1078 5116 utraque
1103 5036 1191 5098 vellis
1222 5038 1380 5118 aspicitur,
1406 5038 1431 5099 is
1456 5040 1539 5101 lucus
1568 5039 1730 5100 admodum
1754 5038 1895 5100 elevatus

535 5132 569 5188 et
598 5144 686 5188 mous
718 5126 748 5188 in
778 5126 906 5189 turbinis
936 5126 1055 5189 modum
1088 5125 1216 5206 undique
1248 5135 1427 5207 praeruptus
1459 5129 1501 5190 sit
1532 5136 1663 5209 oportet
1681 5214 1689 5229 ι
1710 5127 1756 5189 At
1781 5144 1839 5189 nos
1862 5126 1895 5189 iu
