4584 6192
547 589 612 659 282
1017 586 1207 652 Paralipomeus
1224 589 1251 637 in
1269 587 1437 638 Vitellionem.

547 815 554 822 .
635 768 706 830 Jam
735 768 813 848 quod
841 767 981 828 humores
1010 765 1136 838 attinet,
1173 773 1235 826 tres
1268 765 1297 825 iu
1327 765 1412 825 oculo
1441 772 1525 836 sunt,
1560 763 1682 825 sedibus
1714 761 1905 845 undiquaque

551 857 703 922 distincti:
728 856 892 918 vitreus
916 855 945 915 in
969 854 1129 935 posteriori
1155 854 1231 915 oculi
1255 863 1358 932 parte,
1394 872 1543 932 aqueus
1566 853 1595 914 in
1620 852 1777 919 anteriori,
1811 869 1905 932 cry-

549 947 752 1010 stallinus
776 945 804 1005 in
829 963 930 1006 eorum
963 945 1079 1016 medio,
1103 943 1262 1004 maceriem
1288 942 1402 1003 faciens
1436 943 1499 1021 ipse
1531 951 1562 1002 et
1589 941 1710 1003 ciliares
1743 959 1905 1020 processus

549 1035 627 1098 inter
650 1033 776 1095 vitreum
801 1043 832 1093 et
855 1052 989 1112 aqueum.
1029 1034 1069 1094 Et
1094 1031 1189 1093 vitreo
1213 1032 1333 1112 quidem
1357 1051 1413 1090 sna
1436 1041 1484 1092 est
1498 1030 1675 1092 tenuissima
1700 1037 1732 1090 et
1754 1028 1906 1108 pellucida

513 1159 520 1168 ·
549 1123 705 1206 pellicula,
734 1121 940 1203 hyaloidis
969 1122 1092 1182 tunica
1116 1121 1211 1194 dicta,
1242 1120 1427 1198 cognominis
1451 1120 1583 1193 humori,
1609 1139 1668 1199 qua
1690 1120 1805 1179 vitreus
1830 1137 1905 1179 oon·

551 1213 673 1284 tinctus,
698 1211 790 1272 etiam
814 1229 880 1271 cnm
904 1230 940 1269 ex
965 1210 1073 1270 tunicis
1097 1210 1243 1283 sclerode,
1268 1209 1419 1280 choroide,
1444 1210 1551 1280 retina,
1576 1216 1713 1269 exemtus
1732 1215 1789 1270 est.
1824 1205 1905 1287 Ory-

536 1300 672 1366 'stallino
687 1318 758 1360 vero
779 1299 880 1359 itidem
900 1318 955 1358 sua
975 1299 1225 1366 (arachnoidis
1245 1318 1297 1359 seu
1317 1298 1380 1358 tela
1400 1317 1529 1359 araneae
1552 1297 1589 1357 ob
1610 1297 1787 1359 tenuitatem
1808 1296 1906 1367 dicta)

554 1389 657 1453 tunica
680 1396 736 1461 est,
763 1387 865 1448 itidem
888 1388 1048 1466 pellucida,
1074 1408 1132 1466 qua
1156 1386 1349 1468 crystallinus
1373 1387 1558 1461 continetur,
1589 1395 1724 1447 exemtus
1753 1385 1845 1446 etiam
1870 1403 1907 1443 ex

550 1476 814 1541 circumstantibus
848 1476 1030 1537 humoribus.
1079 1474 1281 1537 Considerent
1313 1494 1382 1535 vero
1416 1476 1578 1536 anatomici
1612 1495 1734 1536 causam
1767 1472 1906 1534 nonriuis.

550 1567 629 1631 Nam
655 1565 710 1625 lroc
735 1583 852 1635 nornen,
878 1584 1035 1638 aranea,
1061 1584 1117 1624 non
1143 1563 1199 1625 soli
1223 1563 1380 1643 pelliculae
1403 1564 1572 1644 crystallini
1587 1564 1705 1624 videtur·
1723 1570 1906 1641 competere,

552 1654 606 1716 sed
626 1653 741 1732 junctis
765 1652 918 1713 ciliaribns
942 1653 1144 1732 processibus.
1192 1654 1273 1713 Vere
1298 1652 1392 1721 enirn,
1425 1662 1458 1713 ut
1488 1673 1601 1713 aranea
1631 1653 1660 1713 iu
1690 1662 1793 1713 centro
1826 1648 1907 1712 telae

553 1761 626 1804 snae
652 1759 800 1820 suspensa
819 1741 934 1812 haeret,
959 1741 1003 1800 ita
1017 1742 1209 1822 crystallinus
1226 1741 1330 1801 humor
1353 1740 1382 1800 iu
1407 1751 1510 1802 centro
1535 1742 1680 1802 ciliarium
1694 1758 1906 1819 processuum:

551 1830 732 1894 staminibus
758 1829 894 1906 utrinque
920 1830 1016 1890 ductis
1040 1830 1117 1889 iutro
1142 1848 1246 1890 versus
1271 1837 1414 1891 centrum.
1461 1831 1568 1909 Aqneo
1592 1849 1662 1889 vero
1687 1828 1802 1890 humori
1826 1828 1909 1889 nulla

555 1927 604 1981 est
626 1917 785 1997 pellicula:
811 1918 864 1978 sed
889 1917 1044 1978 cohibetur
1067 1926 1138 1977 ante
1163 1936 1281 1990 cornea,
1307 1937 1383 1999 pone
1403 1938 1525 1988 aranea,
1550 1918 1701 1978 ciliaribns
1716 1916 1909 1997 processibus

553 2026 647 2073 ureae
673 2015 704 2066 et
728 2005 885 2066 substrata
910 2006 1048 2085 lryaloide
1072 2006 1160 2066 vitrei
1184 2007 1330 2067 humoris:
1361 2007 1567 2084 strangulatur
1599 2025 1670 2068 vero
1703 2007 1732 2066 in
1756 2004 1854 2066 medio
1877 2015 1910 2064 et

553 2096 640 2175 qnasi
665 2096 693 2154 iu
719 2096 776 2155 duo
802 2094 944 2154 dividitur
968 2094 1007 2155 ab
1030 2113 1115 2166 uvea,
1142 2114 1230 2173 quam
1255 2095 1334 2155 intra
1358 2104 1389 2154 et
1412 2105 1499 2155 extra
1523 2096 1655 2156 foramen
1681 2095 1777 2157 alluit.
1809 2092 1910 2155 Moles

553 2184 649 2248 vitreo
674 2182 817 2258 maxima,
848 2182 970 2243 minima
998 2183 1189 2264 crystallino,
1220 2191 1253 2242 ut
1283 2185 1367 2261 cnjus
1396 2184 1462 2244 axis
1490 2184 1541 2244 vix
1574 2193 1681 2262 quarta
1703 2202 1776 2262 pars
1800 2191 1849 2243 est
1871 2182 1910 2241 de

555 2292 612 2336 axe
646 2271 751 2344 vitrei,
781 2272 896 2333 vitreus
925 2273 1058 2351 proxime
1088 2272 1213 2350 figuram
1247 2273 1339 2332 habet
1371 2272 1517 2351 sphaerae
1546 2273 1614 2351 plus
1642 2291 1731 2349 qnam
1754 2270 1909 2333 dimidiae.

555 2361 680 2441 Aquens
704 2359 871 2438 sphaericis
896 2361 1014 2439 quidem
1048 2359 1260 2439 superficiebus
1289 2369 1423 2433 constat,
1449 2362 1503 2421 sed
1527 2360 1556 2420 in
1580 2360 1692 2435 medio,
1716 2370 1751 2421 nt
1774 2359 1850 2434 dixi,
1880 2359 1910 2419 in

554 2457 715 2529 augustum
740 2449 849 2510 collum
863 2449 1005 2509 redactus
1029 2458 1085 2509 est.
1126 2446 1338 2529 Crystallinus,
1363 2469 1400 2509 ea
1424 2450 1502 2510 lacis
1526 2469 1601 2529 quae
1626 2471 1644 2510 a
1667 2449 1820 2510 ciliaribns
1838 2467 1912 2527 pro-

554 2537 690 2600 cessibus
714 2537 926 2598 disterminata
950 2557 1045 2617 aquen
1070 2538 1264 2616 immergitur,
1289 2539 1414 2615 liguram
1438 2539 1556 2617 accepit
1580 2549 1632 2599 aut
1651 2538 1839 2617 sphaericam
1859 2546 1913 2598 aut

555 2624 745 2707 sphaeroidis
783 2624 967 2686 lenticularis
1005 2627 1188 2705 portionem,
1213 2626 1416 2687 circumducta
1451 2627 1549 2705 ellipsi
1586 2646 1639 2707 per
1680 2646 1767 2688 axem
1801 2626 1910 2696 divisa,

556 2721 696 2777 manente
721 2721 804 2775 recto
830 2714 939 2774 latere:
965 2735 984 2774 a
1006 2715 1172 2793 posteriore
1196 2724 1292 2792 parte,
1318 2734 1393 2794 quae
1417 2716 1455 2775 ab
1479 2716 1585 2776 iisdem
1609 2716 1761 2778 ciliaribns
1785 2732 1911 2795 proces-

554 2802 640 2865 sibus
665 2802 866 2876 doterminata
891 2803 986 2864 vitreo
1010 2803 1208 2881 immergitur,
1242 2805 1336 2883 figura
1371 2804 1429 2883 ipsi
1457 2814 1506 2864 est
1533 2806 1673 2865 conoides
1707 2803 1912 2885 hyperbolica,

557 2890 724 2973 hyperbole
746 2890 827 2953 circa
850 2910 936 2952 axem
961 2893 1171 2953 circumducta.
1210 2891 1262 2953 Sic
1287 2893 1365 2954 enim
1388 2894 1481 2954 refert
1497 2893 1665 2964 Jessenius,
1688 2912 1747 2953 non
1772 2890 1913 2972 sphaeri-

557 2999 624 3043 cnm
647 2998 728 3053 esse,
764 2980 840 3058 quod
866 2980 1005 3042 Platerns
1030 2980 1147 3058 ajebat,
1182 2982 1235 3041 sed
1260 2982 1347 3043 valde
1371 2982 1565 3061 protuberare
1589 2991 1621 3042 et
1644 2982 1805 3061 oblongum
1838 2980 1913 3054 fieri,

558 3068 644 3150 qnasi
677 3069 705 3130 in
735 3087 841 3130 conum
872 3078 1029 3147 assurgat:
1060 3069 1208 3130 anteriore
1238 3089 1306 3130 vero
1341 3071 1416 3131 tacis
1442 3071 1589 3149 depressa
1611 3091 1679 3132 esse
1703 3070 1909 3141 rotunditate;

559 3166 590 3219 et
623 3158 737 3219 similes
771 3158 809 3216 ad
843 3177 962 3218 sensum
997 3177 1063 3218 esse
1101 3176 1228 3219 corneae
1260 3169 1290 3220 et
1328 3160 1496 3241 crystallini
1529 3160 1658 3220 humoris
1696 3158 1915 3221 rotunditatem

515 3266 517 3278 ·
558 3246 753 3308 anteriorem:
778 3244 969 3307 dimetientes
993 3265 1064 3307 vero
1090 3256 1122 3307 ut
1145 3244 1166 3308 4
1191 3248 1230 3307 ad
1254 3244 1283 3309 3.
1330 3247 1535 3309 Tenuissimus
1560 3257 1608 3309 est
1632 3267 1761 3327 aqueus,
1791 3245 1914 3307 densis-

558 3334 652 3396 simus
676 3334 887 3415 crystallinus:
917 3335 1144 3418 pellucidissimi
1169 3344 1304 3415 uterque.
1354 3337 1478 3398 Vitreus
1510 3339 1601 3417 paulo
1634 3336 1765 3397 tinctior.
1812 3335 1915 3397 Ducto

559 3442 615 3484 axe
648 3441 703 3502 per
727 3429 860 3483 centmm
896 3424 1050 3485 foraminis
1085 3444 1178 3486 uveae
1211 3426 1240 3486 in
1269 3444 1391 3486 nervum
1424 3425 1571 3504 opticum,
1606 3435 1711 3487 centra
1742 3423 1914 3505 crystallini

559 3510 735 3572 circulorum
760 3511 788 3570 in
813 3511 869 3571 hac
894 3511 1039 3573 haerent:
1071 3513 1172 3592 itaque
1196 3522 1279 3574 recte
1303 3515 1497 3595 crystallinus
1521 3515 1549 3575 in
1575 3523 1678 3576 centro
1702 3514 1777 3575 oculi
1804 3512 1915 3574 dicitur

559 3600 693 3671 haerere,
718 3598 743 3659 si
767 3598 921 3678 intelligas
945 3602 1041 3662 secari
1066 3603 1183 3662 oculum
1206 3604 1295 3683 plano
1320 3605 1358 3663 ad
1383 3623 1470 3664 axem
1494 3614 1585 3677 recto,
1620 3612 1652 3665 et
1674 3601 1914 3680 cerrtrumoculi

557 3688 637 3750 illins
662 3687 764 3750 circuli
788 3698 931 3750 centrum.
986 3690 1046 3751 Sed
1081 3690 1159 3770 qnod
1190 3692 1358 3752 universam
1387 3693 1464 3753 oculi
1497 3692 1757 3771 conglobationem
1791 3690 1913 3759 attinet,

556 3777 748 3859 crystallinus
772 3779 868 3855 magis
893 3778 921 3839 in
947 3781 1098 3841 anteriora
1130 3781 1227 3857 vergit
1259 3781 1332 3841 dicti
1356 3782 1436 3854 axis3
1471 3781 1663 3862 crystallinus
1692 3802 1711 3841 a
1742 3781 1799 3840 tine
1829 3779 1913 3840 nervi

557 3866 649 3946 optici
674 3865 769 3927 distat
794 3866 984 3945 longissime,
1011 3870 1107 3930 miuus
1131 3889 1151 3928 a
1176 3870 1320 3931 foramine
1345 3889 1449 3942 uveae,
1482 3872 1633 3932 minimum
1658 3871 1791 3930 foramen
1816 3886 1913 3929 uveae

557 3975 576 4016 a
599 3955 754 4035 superficie
778 3974 917 4018 corneae.

1014 4096 1043 4160 2.
1081 4100 1226 4160 Modus
1253 4099 1447 4163 visionis.

579 4243 587 4255 ·
644 4220 712 4281 Etsi
739 4222 829 4293 frons,
855 4222 1030 4299 supercilia,
1054 4223 1233 4302 palpebrae,
1261 4243 1407 4285 cavernae
1432 4222 1470 4283 ad
1496 4223 1615 4282 modum
1640 4221 1764 4283 visionis
1781 4221 1914 4299 etipsae

556 4317 743 4381 concurrunt,
769 4328 827 4369 non
852 4310 963 4370 obeunt
985 4320 1086 4371 tamen
1110 4310 1287 4391 principalia
1310 4313 1418 4373 munia.
1453 4312 1620 4390 Propterea
1635 4331 1707 4372 nsus
1731 4328 1834 4372 earum
1849 4309 1915 4388 jam

556 4396 697 4476 praemisi
723 4407 843 4460 etcum
868 4418 968 4459 earum
992 4398 1193 4477 descriptione
1218 4401 1367 4479 conjunxi.
1416 4399 1500 4470 (luas
1532 4418 1604 4460 vero
1633 4399 1778 4461 subnexui
1808 4407 1915 4477 partes

556 4484 676 4563 globum
701 4486 778 4547 oculi
802 4487 899 4564 ipsum
924 4487 1102 4559 attinentes,
1130 4508 1232 4549 omnes
1258 4489 1326 4550 illae
1351 4490 1389 4550 ad
1413 4489 1606 4568 praecipuum
1630 4488 1759 4549 officium
1784 4505 1914 4548 concur-

556 4579 634 4636 runt.
674 4570 775 4643 Quare
799 4583 833 4635 nt
857 4575 1041 4654 singularum
1066 4596 1136 4637 usus
1161 4586 1317 4655 appareat,
1344 4578 1469 4639 visionis
1493 4578 1612 4640 modum
1635 4575 1814 4647 describam,
1839 4593 1915 4636 sane

556 4681 576 4722 a
598 4662 716 4725 nemine
739 4662 886 4725 hactenus
910 4665 988 4742 qnod
1013 4683 1068 4742 ogo
1092 4666 1186 4727 sciam
1211 4685 1341 4744 eousque
1365 4666 1603 4746 pervestigatum
1628 4674 1659 4726 et
1682 4665 1914 4746 deprehensum.

556 4750 664 4829 Itaque
688 4768 761 4830 rogo
785 4752 1024 4827 mathematicos,
1048 4762 1082 4815 ut
1105 4754 1265 4832 diligenter
1296 4756 1358 4817 ista
1386 4753 1594 4822 considerent,
1629 4773 1687 4834 quo
1714 4753 1762 4814 vel
1790 4752 1914 4813 taudem

555 4840 631 4901 certi
656 4839 787 4919 quidde
811 4840 998 4903 nobilissima
1021 4843 1077 4904 hac
1104 4843 1254 4904 iunctione
1279 4842 1307 4903 in
1331 4843 1521 4923 philosophia
1545 4850 1638 4905 extet.

646 4928 803 4990 Visionem
827 4928 890 4989 fieri
914 4930 996 5002 dico,
1020 4951 1087 4991 curn
1111 4931 1205 4991 totius
1234 4929 1446 5012 hemisphaerii
1477 4930 1633 5003 mundani,
1667 4930 1745 5011 quod
1768 4937 1818 4991 est
1840 4938 1915 4992 ante

555 5017 671 5080 oculum
696 5016 873 5096 etamplius
897 5021 996 5097 paulo,
1020 5019 1132 5080 idolum
1157 5019 1300 5081 statuitur
1324 5022 1363 5082 ad
1386 5022 1486 5083 album
1510 5020 1793 5082 subrufumretinae
1818 5036 1913 5079 cavae

557 5104 724 5186 superficiei
747 5106 903 5185 parietem.
951 5106 1107 5177 Quomodo
1132 5106 1243 5170 idolum
1271 5130 1324 5171 sen
1347 5110 1466 5189 pictura
1495 5111 1571 5172 haec
1598 5108 1754 5190 spiritibus
1781 5106 1915 5181 risoriis,
