4584 6192
468 589 536 659 ⁶3⁴
949 582 1345 649 maenumsmuu

467 766 561 831 Dicat
581 768 690 838 etiam,
723 783 775 824 cur
806 763 837 824 id
866 762 978 821 siccum
1012 760 1112 838 potius
1144 778 1233 838 quam
1266 760 1440 821 humidum?
1490 762 1628 826 Primum
1663 757 1845 847 inquinat

468 857 588 918 Taurus
612 853 796 916 constitutus
819 850 929 911 luisset
951 847 1103 917 humidus,
1137 848 1284 910 Cancrum
1314 850 1500 927 oportuisset
1524 871 1594 912 esse
1619 854 1752 917 siceum.
1803 855 1846 918 At

467 945 575 1007 melius
598 952 664 1004 erat
688 942 817 1001 Taurum
843 958 911 999 ease
933 938 1058 1009 siccum,
1091 944 1126 996 nt
1158 937 1228 997 bina
1258 938 1422 1015 conjugata
1454 941 1544 1018 signa
1567 942 1597 1000 in
1623 962 1688 1003 nna
1712 945 1844 1023 passiva

468 1041 502 1095 et
533 1031 685 1094 materiali
719 1028 865 1107 qualitate
899 1026 1108 1096 convenirent,
1142 1025 1233 1085 Aries
1258 1036 1289 1086 et
1312 1027 1427 1086 Taurus
1456 1029 1487 1088 in
1518 1029 1619 1106 sicco,
1656 1029 1790 1094 Gemini
1813 1041 1845 1094 et

469 1119 590 1183 Cancer
611 1120 642 1180 in
666 1117 795 1189 humido,
820 1116 884 1176 Leo
908 1124 939 1174 et
963 1114 1059 1191 Virgo
1083 1113 1111 1172 in
1135 1114 1214 1173 sicco
1238 1123 1270 1173 et
1294 1115 1337 1174 sic
1361 1128 1592 1195 consequenter.

559 1208 691 1269 Videtur
724 1205 770 1265 lric
801 1204 916 1284 aliquos
950 1221 987 1262 ex
1020 1201 1127 1261 cabula
1161 1202 1319 1263 thesauros
1352 1205 1471 1281 aperire
1500 1207 1704 1269 Albumasar.
1761 1208 1841 1274 Nam

467 1316 567 1360 rerum
591 1305 729 1356 naturam
754 1294 840 1370 quasi
863 1311 917 1370 per
939 1291 1040 1350 ludum
1065 1290 1206 1369 explicat.
1246 1289 1376 1351 Omnino
1391 1311 1503 1352 marem
1518 1304 1551 1354 et
1566 1294 1716 1356 feminam
1739 1298 1841 1378 specie

467 1385 626 1448 convenire
649 1392 786 1461 oportet,
818 1391 851 1440 ut
883 1380 1014 1458 speciem
1043 1389 1229 1457 propagent,
1262 1399 1336 1439 seru
1368 1399 1439 1442 vero
1473 1393 1583 1443 contra
1616 1403 1652 1443 se
1678 1384 1838 1465 distingui.

467 1473 535 1538 Hoc
558 1471 772 1533 adumbrantes
796 1488 867 1547 ergo
892 1487 928 1528 ea
943 1467 1154 1528 Albumasaris
1178 1469 1330 1529 sententia
1353 1479 1472 1530 veteres
1488 1471 1532 1531 illi
1547 1472 1622 1531 bina
1647 1472 1744 1552 signa
1767 1493 1839 1536 cou-

469 1563 565 1641 tigna‚
591 1579 667 1641 quae
690 1558 748 1638 ipsi
772 1558 910 1635 conjugio
934 1558 1120 1634 copularunt,
1145 1557 1294 1617 materiali
1320 1558 1468 1635 qualitate
1490 1560 1658 1621 convenire
1684 1562 1838 1633 dixerunt,

467 1650 577 1712 activis
610 1668 664 1709 ceu
689 1646 865 1727 quibusdam
898 1646 1080 1723 genitalibus
1114 1645 1268 1723 distingui.
1315 1648 1362 1706 Ac
1394 1666 1460 1707 cum
1494 1648 1573 1708 duae
1607 1650 1699 1710 solae
1735 1661 1837 1712 esseut

466 1739 608 1819 passivae
632 1736 806 1816 qualitates,
831 1736 914 1796 sicca
935 1744 966 1794 et
987 1734 1117 1804 humida,
1141 1735 1200 1795 duo
1224 1734 1314 1794 etiam
1339 1736 1553 1798 connubiorum
1578 1756 1699 1815 genera
1723 1757 1835 1818 posue·

420 1837 424 1842 '
466 1836 556 1898 runt,
585 1826 666 1886 locos
695 1825 726 1885 in
749 1824 872 1884 zodiaco
889 1824 1029 1901 ,alternos
1052 1823 1181 1883 sortita:
1214 1833 1247 1883 ut
1278 1824 1306 1883 in
1338 1843 1435 1885 rerum
1459 1833 1570 1887 natura
1594 1827 1661 1887 alia
1685 1839 1739 1889 est
1764 1828 1838 1889 inter

468 1916 605 1978 homines
629 1913 737 1992 copula
761 1912 851 1972 maris
873 1921 906 1973 et
927 1913 1076 1983 feminae„
1090 1911 1152 1971 alia
1167 1912 1244 1973 iuter
1259 1911 1361 1974 boves.
1399 1914 1581 1975 Alloserunt
1596 1915 1733 1977 forsitan
1750 1915 1837 1978 etiarn

469 2005 509 2067 ad
533 2003 743 2065 successiones
766 2009 885 2062 mutuas
910 2000 1039 2062 aestatis
1063 2009 1094 2060 et
1109 2000 1215 2061 hiemis
1239 2009 1271 2061 et
1294 2001 1323 2060 in
1348 2011 1475 2082 utraque
1499 2003 1559 2064 diei
1584 2022 1621 2065 ac
1647 2005 1765 2067 noctis.

559 2093 645 2153 Haec
668 2101 818 2169 utcunque
841 2089 988 2157 babeant,
1022 2090 1081 2149 etsi
1110 2091 1228 2168 quidem
1252 2090 1410 2167 ingeniosa
1428 2091 1484 2151 hac
1509 2100 1638 2152 naturae
1664 2093 1836 2155 imitatione

472 2189 505 2243 et
528 2182 706 2260 qualitatum
732 2179 760 2237 in
785 2179 873 2256 signa
887 2177 1097 2239 distributione
1122 2180 1230 2240 merito
1245 2179 1388 2254 delector,
1413 2188 1589 2241 nontamen
1606 2182 1739 2262 majoris
1757 2181 1835 2244 illam

469 2270 550 2332 facio
574 2279 741 2350 quampar
764 2277 828 2341 r·st;
862 2287 916 2328 nec
944 2267 970 2327 si
996 2267 1082 2346 primi
1107 2276 1247 2328 auctores
1271 2267 1369 2345 legem
1393 2269 1542 2347 quandam
1567 2270 1634 2329 suis
1668 2270 1835 2332 ratiociniis

470 2357 641 2421 arbitrariis
665 2375 804 2418 ererum
835 2367 943 2417 natura
975 2365 1046 2416 suut
1078 2357 1222 2424 mutuati,
1255 2365 1418 2435 propterea
1449 2357 1582 2418 vicissim
1617 2366 1691 2420 tota
1725 2360 1836 2439 reliqua

471 2447 648 2511 coelestium
681 2453 790 2505 natura
822 2464 888 2504 sese
922 2445 1049 2524 subjecit
1081 2444 1128 2506 his
1161 2463 1262 2505 eorum
1294 2446 1475 2507 ratiociniis:
1513 2456 1545 2507 ut
1579 2446 1766 2510 hortulanus
1800 2448 1835 2508 ad

470 2536 638 2618 quinarium
662 2552 814 2596 numerum
838 2534 960 2595 floribus
984 2534 1162 2595 familiarem
1186 2534 1365 2611 respiciens,
1398 2536 1424 2595 si
1453 2535 1595 2614 pulvillos
1620 2545 1728 2598 struat
1751 2537 1833 2617 quin-

472 2624 656 2706 quangulus,
680 2641 739 2682 non
764 2623 830 2682 ideo
855 2623 960 2697 efficit,
986 2631 1019 2682 ut
1043 2622 1158 2685 felicius
1182 2623 1212 2683 in
1235 2622 1272 2683 iis
1295 2625 1474 2701 proveniant
1497 2643 1606 2685 rosae:
1633 2626 1709 2704 quia
1731 2636 1835 2688 natura

471 2715 565 2786 lloris,
590 2712 648 2773 etsi
673 2712 900 2772 ratiocinantem
924 2712 1113 2774 hortulanum
1137 2713 1279 2784 admonet
1307 2712 1344 2772 de
1368 2712 1606 2792 quinquangulo‚
1643 2733 1706 2776 uon
1738 2723 1832 2776 tamen

472 2800 512 2863 ab
539 2799 684 2881 expresso
715 2799 937 2879 quinquangulo
970 2802 1151 2878 reciprocam
1185 2801 1268 2879 capit
1300 2800 1473 2861 utilitatem.
1528 2799 1610 2870 Quin
1645 2802 1707 2864 lroc
1739 2801 1833 2882 potius

472 2899 603 2971 apparet
624 2908 663 2950 ex
686 2888 823 2967 diligenti
847 2908 1005 2950 causarum
1025 2891 1128 2950 harum
1143 2889 1354 2968 pensitatione,
1379 2890 1468 2969 signa
1487 2891 1605 2952 zodiaci
1622 2891 1663 2951 ab
1679 2889 1833 2953 elementis

473 2978 669 3040 denominata
690 2996 772 3038 mero
787 2977 975 3040 inventorum
996 2979 1136 3040 arbitrio:
1161 2997 1266 3039 revera
1281 2988 1381 3038 autem
1401 2978 1484 3040 nulla
1502 2979 1628 3040 arctiori
1653 2981 1832 3058 cognatione

473 3085 539 3129 cum
562 3067 633 3143 illis,
657 3088 676 3127 a
699 3067 806 3145 quibus
821 3066 1050 3129 denominantur
1072 3067 1199 3143 singula,
1226 3066 1371 3128 connecti.
1416 3066 1554 3146 Denique
1569 3068 1615 3128 sie
1640 3077 1832 3148 comparatae

472 3164 544 3219 eunt
566 3156 623 3217 hae
648 3155 920 3218 denominationum
935 3175 1055 3229 causae,
1081 3164 1114 3217 ut
1127 3164 1270 3216 maneant
1283 3154 1405 3216 nomina
1423 3155 1538 3233 igneus,
1563 3163 1687 3232 aereus,
1713 3174 1830 3239 aqueue,

472 3253 599 3321 terreus,
624 3244 814 3324 quantumvis
839 3245 1062 3306 discedentibus
1085 3244 1153 3305 fiais
1178 3264 1231 3305 seu
1254 3244 1434 3323 imaginibus
1458 3245 1741 3308 constellationum.

562 3333 682 3396 Etenim
707 3335 756 3414 qui
780 3335 894 3413 primus
918 3333 1106 3406 deliberavit,
1132 3351 1280 3411 quaenam
1298 3333 1458 3411 praecipue
1482 3333 1570 3410 signa
1594 3355 1614 3395 a
1639 3335 1751 3415 quibus
1773 3335 1829 3396 ele·

472 3423 585 3485 mentis
608 3424 831 3484 denominaret:
864 3423 889 3482 si
914 3423 952 3482 ad
986 3422 1062 3483 fixas
1086 3421 1284 3499 respexisset,
1317 3422 1447 3482 Taurum
1471 3421 1603 3484 calidnnr
1628 3432 1662 3484 et
1687 3424 1827 3485 hurnidun

472 3512 617 3586 dixisset;
641 3512 769 3573 calidum
795 3512 833 3571 ab
857 3512 943 3589 igneo
968 3511 1082 3586 fulgore
1107 3510 1245 3582 Palilicii,
1271 3511 1423 3572 humidum
1449 3531 1467 3569 a
1490 3511 1670 3590 Plejadibus
1695 3521 1727 3573 et
1749 3513 1827 3593 llys-

472 3601 570 3670 dibus,
595 3621 670 3680 quae
694 3600 812 3678 pluvias
836 3620 979 3678 generare
1004 3600 1212 3670 credebantur.
1260 3598 1311 3659 Sic
1335 3599 1530 3677 Scorpionem
1561 3601 1695 3661 dixisset
1719 3602 1826 3679 igneum

472 3689 511 3752 ab
535 3690 624 3768 igneo
649 3690 802 3750 Antareos
826 3690 924 3751 sidere
947 3689 1034 3767 primi
1061 3689 1198 3761 honoris,
1232 3689 1310 3766 qood
1338 3689 1503 3766 proximum
1538 3700 1606 3750 erat
1631 3686 1826 3769 conjunctioni

472 3778 596 3841 Saturni
621 3788 653 3838 et
674 3778 761 3839 Jovis
784 3778 978 3858 praeteritae.
1510 3785 1518 3801 '

560 3868 610 3929 Ita
626 3867 719 3940 rides,
737 3867 793 3928 has
809 3867 1066 3928 denominationes
1082 3864 1120 3925 ab
1136 3864 1294 3925 clementis
1309 3865 1464 3925 desumtus
1480 3884 1538 3926 uon
1555 3866 1683 3927 fixarum
1697 3874 1824 3947 respectu

472 3957 633 4019 obvenisse
657 3955 770 4035 signis:
800 3975 890 4035 quare
916 3974 1009 4034 neque
1034 3974 1099 4016 curu
1123 3954 1259 4015 discessu
1283 3955 1406 4013 lixarum
1431 3973 1447 4013 e
1471 3953 1567 4032 signis
1590 3956 1824 4035 exstinguuntur.

1057 4194 1245 4205 ...—---

1035 4414 1155 4515 Caput
1182 4416 1263 4490 VII.

473 4597 566 4677 Quae
589 4617 688 4660 cauea
710 4593 872 4659 naturalia
893 4596 986 4679 siguo
1001 4594 1151 4668 Zodr’ocr‘,
1175 4594 1339 4656 trr'erttibua
1356 4588 1470 4655 circuli
1492 4591 1661 4667 distantia,
1686 4596 1725 4657 ira
1739 4610 1822 4658 uum

956 4682 1174 4767 triplicitatem
1197 4681 1343 4764 copulet?

558 4843 678 4905 Dictum
704 4849 753 4903 est
775 4843 868 4921 igitur
890 4844 1051 4914 hactenus,
1085 4843 1154 4921 quid
1186 4843 1227 4903 sit
1250 4841 1397 4919 Trigonus
1422 4841 1525 4918 igneus
1551 4842 1676 4904 notione
1702 4842 1821 4906 astrolo-

470 4931 555 5012 gica:
580 4934 657 5012 quod
684 4950 788 5011 nempe
812 4933 874 4993 sint
897 4943 960 4993 tres
984 4933 1098 4993 zodiaci
1123 4931 1316 4992 duodecimae
1344 4938 1448 5009 partes
1480 4930 1626 5007 trianguli
1661 4931 1759 4994 forms
1778 4945 1822 5009 per

470 5021 626 5083 zodiacum
659 5021 826 5100 dispositae
860 5029 892 5083 et
923 5022 961 5083 ab
995 5022 1063 5100 igne
1096 5020 1313 5081 denominatae.
1361 5016 1437 5080 Cum
1469 5027 1570 5080 autem
1604 5026 1638 5080 et
1671 5021 1822 5082 seoioueu
1874 5067 1875 5098 q

471 5102 591 5171 zodiaci
615 5110 644 5171 in
667 5117 772 5189 partes
798 5107 840 5171 12
863 5115 894 5170 et
916 5109 1045 5188 partium
1070 5108 1329 5177 denominationes
1358 5114 1422 5168 tarn
1450 5126 1470 5167 a
1501 5123 1575 5169 sexu
1600 5115 1634 5168 et
1656 5107 1822 5172 animalibus
1874 5109 1875 5120 ¹
