4584 6192
885 1581 1422 1725 raoouuruuu'·

553 2055 666 2146 Paucis
689 2082 818 2161 pdgellis
847 2084 911 2162 agit
934 2084 1081 2162 Keplems
1105 2083 1134 2144 in
1159 2083 1215 2145 hoc
1246 2082 1346 2145 libello
1375 2086 1411 2148 de
1440 2083 1646 2145 observatione
1661 2082 1813 2144 'maculae‘

465 2172 592 2245 Solaris,
618 2191 705 2251 quam
724 2173 804 2233 falso
820 2175 963 2234 censebat
977 2173 1154 2234 Mercurium
1176 2173 1205 2232 in
1221 2170 1301 2233 Solis
1321 2173 1402 2235 disco
1422 2180 1625 2253 apparentem.
1670 2170 1809 2234 Errorem
1914 2190 1919 2203 ⁸

465 2263 542 2322 hunc
574 2280 740 2340 agnoscens
769 2262 856 2323 lectis
878 2262 1004 2323 Joaunis
1028 2261 1159 2323 Fabricii
1191 2269 1221 2321 et
1250 2259 1404 2323 Scheiueri
1436 2262 1473 2323 de
1505 2262 1629 2322 maculis
1653 2258 1808 2332 Solaribus

466 2351 549 2412 libris
573 2360 604 2411 et
627 2349 739 2424 literis,
771 2351 896 2429 ingenue
921 2371 987 2412 eum
1011 2352 1109 2411 lassus
1134 2359 1198 2419 est,
1227 2359 1257 2411 et
1279 2352 1391 2430 passim
1415 2351 1443 2412 in
1468 2351 1550 2412 libris
1575 2351 1636 2412 suis
1658 2345 1809 2431 110111110-Ι

466 2441 547 2502 ribus
570 2440 724 2519 literisque
760 2441 886 2519 privatis
917 2441 955 2501 ad
988 2441 1063 2501 lruuc
1097 2459 1224 2502 errorem
1257 2459 1289 2500 se
1320 2460 1466 2501 excusans
1499 2440 1596 2502 rediit.
1643 2439 1676 2501 In
1702 2439 1808 2501 libello

465 2529 584 2610 quidem
608 2529 689 2590 lruc
683 2548 757 2607 ipso,
786 2548 873 2610 quem
896 2529 1074 2609 conscripsit
1097 2550 1174 2590 anno
1196 2524 1288 2602 1608,
1303 2530 1350 2589 de
1375 2528 1707 2604 „maculi'sSolaribus“
1731 2547 1809 2590 nou-

467 2622 534 2679 dum
559 2618 657 2697 egisse
680 2618 842 2697 Keplerum
864 2638 917 2697 per
940 2640 972 2679 se
995 2627 1098 2698 patet,
1122 2638 1188 2679 cum
1212 2618 1281 2680 illae
1310 2638 1386 2679 auno
1410 2620 1526 2702 demum
1553 2615 1646 2682 1610
1670 2619 1809 2680 detectae
1855 2674 1858 2681 .

469 2708 587 2769 luerint.
626 2706 705 2776 Quia
730 2727 800 2769 vero
823 2709 944 2788 Kepleri
968 2709 1137 2770 observatio
1160 2708 1281 2787 propius
1302 2708 1411 2769 attinet
1430 2707 1492 2769 ad
1484 2726 1566 2796 ipsas
1580 2708 1650 2770 illas
1665 2707 1807 2780 maculas,

469 2798 548 2858 haud
572 2796 609 2856 ab
634 2805 833 2876 reputamus,
856 2818 902 2872 ea,
928 2798 1054 2877 quaead
1079 2798 1276 2858 detectionem
1300 2781 1694 2877 illamruSolesbeotant,
1718 2814 1809 2877 prae-

468 2886 590 2947 lationis
614 2886 678 2947 loco
703 2886 769 2947 huic
793 2888 934 2968 opusculo
958 2887 1160 2966 praemittere.

557 2976 602 3036 De
626 2975 681 3036 hac
705 2995 819 3056 quoque
844 2975 1011 3037 detectione
1043 2976 1120 3037 sicut
1152 2976 1188 3035 de
1221 2955 1348 3037 detectis
1370 2975 1456 3037 Jovis
1484 2974 1666 3039 satellitibus
1690 2984 1809 3038 coortae

468 3073 537 3128 sunt
560 3064 643 3135 lites,
668 3065 772 3144 quibus
797 3063 970 3140 Galilaeus,
994 3064 1164 3138 Fabricius,
1197 3063 1389 3139 Scheiuerns,
1423 3064 1475 3127 alii
1507 3085 1539 3126 se
1571 3063 1810 3137 immiscuemut;

469 3154 620 3234 Keplerus
642 3172 713 3215 vero
746 3173 802 3214 non
828 3155 932 3215 eodem
965 3173 1020 3234 quo
1052 3154 1134 3233 prius
1162 3152 1286 3215 modo
1278 3173 1306 3215 ru
1336 3113 1627 3236 publicumprodiit.
1672 3155 1750 3216 Eam
1773 3152 1810 3213 ob

469 3263 532 3305 rem
557 3243 631 3303 lites'
648 3242 716 3303 illas
741 3244 871 3305 intactas
894 3243 1098 3323 relinquimus,
1123 3244 1197 3304 haec
1219 3248 1336 3305 tantum
1357 3243 1538 3319 relerentes,
1563 3263 1637 3325 quae
1661 3244 1809 3323 Keplerus

470 3334 507 3394 de
532 3330 613 3393 Solis
637 3333 761 3393 maculis
783 3350 836 3411 per
859 3334 963 3394 literas
987 3333 1058 3412 egit.

539 3460 542 3464 -
558 3421 674 3482 Primus
689 3423 736 3502 qui
752 3421 833 3484 Solis
852 3423 984 3483 maculas
999 3428 1177 3504 conspectas
1191 3420 1317 3502 publicis
1333 3422 1412 3502 typis
1426 3421 1633 3502 pronunciavit
1645 3420 1666 3480 J
1670 3438 1810 3482 oannes

469 3512 527 3573 fuit
550 3511 760 3583 Fabricius,
793 3510 869 3572 filius
892 3511 1053 3573 Davidis
1076 3510 1256 3585 Fabricii,
1291 3530 1375 3589 quern
1398 3512 1511 3589 passim
1543 3512 1573 3572 iu
1597 3510 1809 3586 haoeditiuus

469 3600 599 3663 diximus
624 3601 849 3681 loquentemque
873 3601 1049 3662 induximus.
1096 3600 1243 3661 Libellum
1267 3618 1350 3660 suum
1373 3600 1539 3680 inscripsit.
1532 3617 1539 3631 ·
1512 3599 1741 3663 tNarratio
1765 3599 1810 3661 de

468 3690 689 3753 Maculrsru
714 3689 800 3751 Sole
825 3699 1002 3768 conspec
1008 3711 1048 3751 rs
1095 3690 1223 3756 Witteb,
1259 3685 1352 3750 1611.
1400 3688 1566 3761 (Praelatio
1600 3690 1672 3750 data
1702 3688 1809 3750 est'.d

471 3777 648 3852 1210111.)
696 3778 766 3839 Sine
791 3779 878 3839 dubio
902 3779 1034 3840 Joanues
1059 3799 1076 3839 a
1098 3784 1185 3858 patre
1217 3777 1256 3836 ad
1289 3777 1417 3838 siderum
1449 3779 1689 3839 observationem
1720 3776 1810 3848 iusti-

469 3877 554 3931 tutus
578 3869 629 3928 illo
654 3869 727 3931 duce
751 3870 884 3929 maculas
909 3869 1079 3941 detexeram
1103 3886 1168 3928 cum
1193 3863 1483 3947 0000160511111
1508 3858 1549 3927 ad
1570 3867 1705 3929 literas
1695 3885 1811 3929 mcum-

468 3960 558 4019 beret
545 3962 667 4031 t.(comp
686 3965 742 4014 vol.
761 3965 782 4014 1.
801 3982 825 4029 p.
845 3963 917 4025 351.)
945 3967 976 4018 01
998 3973 1075 4017 anuo
1102 3951 1249 4018 160810
1272 3953 1368 4016 literis
1387 3956 1426 4017 ad
1444 3954 1606 4036 Keplerum
1619 3956 1812 4035 Witteberga
1868 3965 1872 3976 '

471 4048 553 4108 datis
578 4048 744 4107 studiosum
759 4067 790 4108 se
806 4048 979 4126 profiteatur
994 4045 1203 4118 astronomiae,
1229 4044 1314 4105 aunis
1329 4046 1410 4107 ⁴forte
1428 4046 1620 4126 sequentibus
1641 4046 1748 4107 adt
1694 4065 1734 4126 pa
1735 4052 1811 4107 trem

468 4136 563 4199 rediit
585 4136 614 4204 iu
636 4136 763 4197 Frisium
783 4135 967 4202 Orientalem
991 4134 1159 4211 (Ostelam)
1183 4134 1281 4215 ibique
1303 4133 1333 4195 in
1356 4134 1564 4196 astronomicis
1587 4156 1619 4197 se
1643 4134 1810 4198 excolebat.
1843 4209 1845 4211 ¹

469 4226 613 4288 Ceterum
629 4225 664 4285 de
679 4226 773 4305 ipsius
788 4226 859 4286 fatis
884 4245 920 4286 ex
935 4222 1071 4304 epistolis
1086 4224 1180 4304 patris
1200 4223 1238 4285 ad
1252 4222 1412 4304 Keplerum
1427 4224 1467 4285 nil
1483 4224 1637 4286 desumere
1651 4224 1811 4306 potuimus,

468 4334 555 4389 cum,
589 4322 621 4375 ut
644 4321 744 4384 ((01.1.
763 4339 787 4387 p.
806 4320 878 4383 305.)
902 4315 1042 4388 diximus,
1075 4312 1283 4375 commercium
1314 4313 1439 4375 Davidis
1469 4331 1534 4375 cum
1557 4313 1687 4394 Keplero
1714 4314 1811 4377 inter-

468 4404 596 4469 missum
628 4394 731 4465 luerit'
749 4405 786 4466 ab
818 4423 896 4466 auno
932 4400 1025 4467 1609.
1088 4404 1239 4464 Mortuum
1277 4402 1424 4464 Joanuem
1461 4402 1556 4464 refert
1595 4403 1743 4483 Keplerus
1781 4402 1812 4465 in

467 4491 718 4572 Ephemeridibus
741 4495 780 4554 ad
803 4515 831 4554 a.
859 4489 959 4556 1617.
975 4492 1021 4554 his
1044 4492 1162 4554 verbis:
1195 4490 1294 4566 „Quin
1318 4492 1408 4554 etiam
1431 4491 1509 4553 lecto
1539 4500 1591 4553 tuo
1614 4491 1812 4573 Prognostico

470 4585 504 4645 in
528 4602 635 4644 annum
662 4578 762 4654 1618,
786 4602 823 4645 ex
846 4601 902 4662 quo
927 4583 962 4643 de
986 4582 1142 4644 immaturo
1166 4581 1230 4661 ejus
1253 4579 1335 4644 ob'itu
1358 4581 1467 4643 certior
1489 4582 1588 4643 lactus
1611 4600 1691 4655 sum,
1715 4580 1811 4662 signi-

468 4672 641 4734 ficationem
666 4672 742 4733 addo
766 4672 914 4752 publicam
944 4672 1055 4734 doloris
1083 4670 1155 4745 mei;
1188 4670 1266 4750 quod
1296 4677 1327 4731 et
1357 4678 1388 4732 te
1419 4669 1546 4732 amioum
1573 4670 1634 4732 filio
1666 4670 1744 4750 frugi
1780 4677 1813 4732 et

469 4760 692 4843 philosophiam
715 4758 851 4839 curatore
875 4759 1084 4835 solertissimo,
1116 4758 1254 4820 veritatis
1277 4768 1309 4821 et
1331 4759 1441 4822 liberae
1465 4759 1632 4822 sententiae
1664 4758 1812 4822 amantis-

472 4849 551 4912 simo
570 4859 602 4912 et
620 4870 665 4911 me
681 4850 795 4913 deliciis
809 4850 882 4912 meis
902 4851 1037 4913 orbatum
1055 4848 1229 4929 intelligam.
1267 4847 1329 4911 Sed
1343 4849 1479 4913 nimirum
1493 4858 1597 4911 exstat
1614 4848 1680 4930 ejus
1694 4847 1812 4911 libellus

473 4941 513 5001 de
537 4940 665 5001 Maculis
688 4937 843 5002 Solaribus
866 4960 942 5002 anuo
968 4935 1061 5002 1611.
1087 4938 1194 5009 editus,
1218 4938 1321 5019 quovis
1345 4938 1442 5018 elogio
1466 4937 1656 5019 epitaphiore
1688 4937 1811 5000 honori-

471 5030 620 5103 ficentior,
646 5028 695 5111 qui
719 5037 750 5090 et
772 5030 870 5090 lamae
894 5030 987 5093 illius
996 5029 1172 5108 posthumae
1195 5026 1376 5107 praesidium
1398 5035 1431 5089 et
1452 5027 1614 5092 communie
1637 5025 1733 5103 100111
1755 5026 1812 5091 (10-

471 5118 547 5181 loris
571 5118 711 5182 leniment
698 5126 760 5182 tum
782 5117 990 5182 continet.-
