4584 6192
563 607 606 674 28
981 611 1082 662 Literna
1099 611 1202 676 Kspleri
1221 611 1371 677 aliorumque
1389 619 1491 665 mutuus

557 786 667 867 possit.
712 785 784 849 Fuit
808 785 928 849 elevata
951 786 1038 847 Luna
1061 784 1101 847 ad
1124 780 1146 847 8
1170 786 1217 847 vel
1247 784 1287 849 10
1309 786 1430 865 gradus.
1475 785 1552 848 Esto
1575 794 1609 848 ut
1632 790 1726 852 simos
1749 789 1778 853 in
1804 789 1917 855 Galliis

556 876 604 937 vel
627 874 799 955 Hispaniis,
834 875 883 937 ubi
907 875 994 936 Luna
1023 881 1085 935 turn
1112 874 1169 935 luit
1196 873 1225 935 in
1249 874 1414 937 horizonte.
1446 873 1679 940 Consideremus
1701 878 1808 960 igitur,
1839 898 1916 960 quae

555 971 660 1046 partes
684 962 807 1025 umbrae
833 984 852 1025 a
876 963 980 1045 quibus
1004 963 1116 1023 Terrae
1146 962 1283 1041 partibus
1302 962 1464 1043 jaciantur.
1511 965 1618 1044 Itaque
1642 966 1668 1029 si
1698 986 1790 1030 cornu
1821 987 1914 1047 prae·

555 1052 617 1114 cisa
640 1052 825 1115 horizontem
849 1058 1036 1133 spectasset,
1070 1050 1192 1113 umbrae
1217 1060 1424 1132 campartem
1448 1072 1601 1132 egressum
1627 1054 1752 1130 fuisset,
1789 1073 1866 1137 quae
1896 1077 1916 1118 a

557 1138 727 1203 Galliarum
752 1148 806 1202 ant
824 1140 1039 1220 Hispaniarum
1064 1139 1256 1219 antipodibns
1280 1141 1415 1219 praecise
1438 1142 1522 1221 jacta
1545 1141 1664 1204 fuisset.
1711 1142 1790 1206 Sunt
1813 1152 1915 1207 antem

557 1228 707 1291 dictorum
734 1230 864 1292 locorum
888 1228 1068 1307 antipodes,
1098 1237 1241 1308 quantum
1271 1229 1335 1289 sine
1358 1229 1511 1307 praesenti
1537 1229 1644 1291 tabula
1667 1230 1815 1311 conjicere
1839 1252 1914 1314 pos-

557 1337 639 1392 sum,
664 1318 743 1379 ultra
765 1317 997 1397 Magellanioum
1022 1317 1146 1391 fretum,
1172 1317 1328 1380 Moluccas
1351 1335 1456 1379 versus
1480 1318 1509 1379 in
1533 1317 1618 1379 mari.

527 1481 529 1487 .
645 1405 716 1467 Jam
740 1425 810 1467 vero
836 1425 926 1468 cornu
941 1405 1111 1485 'parumper
1134 1406 1219 1466 flexit
1238 1406 1276 1466 ad
1301 1405 1428 1480 laevam,
1453 1405 1497 1467 ita
1521 1417 1554 1468 ut
1576 1407 1618 1481 si,
1644 1415 1785 1469 manente
1809 1408 1914 1472 eodem

557 1494 734 1569 meridiano,
760 1493 981 1556 meridionalior
1004 1513 1059 1573 ego
1084 1494 1222 1568 fuissem,
1248 1513 1339 1555 cornu
1362 1495 1497 1576 praecise
1520 1494 1706 1557 horizontem
1728 1503 1910 1575 spectasset.

556 1581 617 1646 Est
640 1592 740 1645 autem
770 1584 884 1663 tropico
909 1581 1017 1645 Cancri
1048 1582 1204 1662 oppositus
1234 1581 1367 1661 tropicus
1392 1581 1581 1661 Capricorni,
1612 1590 1645 1644 et
1667 1584 1773 1661 gradui
1796 1582 1840 1648 20
1863 1586 1913 1648 vel

557 1668 601 1735 30
624 1670 832 1749 longitudinis,
867 1672 978 1751 gradus
1003 1667 1138 1732 200ve1
1163 1669 1239 1733 210.
1286 1670 1370 1732 Talis
1399 1670 1502 1751 itaque
1534 1672 1617 1734 locus
1648 1672 1808 1734 Terrarum
1834 1672 1913 1752 jecit

439 1759 443 1766 “
557 1760 642 1822 illam
666 1761 788 1822 umbrae
812 1767 943 1838 partem,
976 1778 1034 1839 qua
1057 1759 1144 1819 Luna
1168 1759 1276 1838 erupit.
1322 1758 1370 1819 Ex
1401 1758 1458 1820 bac
1488 1759 1670 1821 counexione
1695 1759 1783 1823 facile
1808 1769 1856 1822 est
1881 1770 1912 1823 et

557 1848 690 1929 reliquas
714 1849 825 1910 Terrae
857 1856 960 1928 partes
993 1866 1059 1908 cnm
1089 1845 1211 1926 reliquis
1234 1848 1338 1908 Lunae
1363 1854 1394 1908 et
1416 1848 1537 1909 umbrae
1560 1849 1696 1932 partibus
1724 1868 1911 1930 comparare.

557 1936 637 1999 Nam
661 1935 731 2019 quia
755 1956 844 1998 cornu
868 1936 953 1998 nobis
985 1936 1041 1998 fuit
1072 1935 1111 1996 ad
1141 1935 1272 2009 laevam,
1305 1943 1336 1997 et
1359 1954 1451 2015 snpra
1478 1954 1569 1997 cumn
1599 1936 1696 2017 magis
1724 1938 1762 1999 ad
1796 1937 1914 2000 laeuam

558 2026 655 2106 major
677 2044 748 2105 pars
772 2024 902 2100 ruboris,
935 2025 1021 2086 laeva
1052 2041 1122 2084 vero
1155 2023 1306 2103 spectavit
1333 2023 1567 2103 septentrionem
1592 2025 1668 2094 fere,
1700 2043 1771 2105 ergo
1795 2025 1914 2088 ruboris

559 2113 656 2192 major
678 2132 749 2192 pars
774 2132 895 2175 eausam
919 2113 1012 2174 habet
1034 2112 1228 2190 araporibos
1243 2112 1295 2186 iis,
1320 2112 1370 2192 qni
1393 2113 1505 2174 nostris
1521 2113 1711 2193 antipodibns
1725 2114 1912 2193 septentrio-

557 2202 689 2263 naliores
713 2210 792 2263 sunt.
839 2203 884 2264 At
911 2223 929 2262 a
952 2200 1067 2281 tropico
1091 2197 1267 2279 Capricorni
1292 2200 1526 2281 septentrionem
1549 2220 1655 2263 versus
1678 2201 1808 2265 occurrit
1836 2221 1914 2264 zona

560 2290 676 2352 torrida
698 2298 730 2352 et
754 2292 832 2352 ultra
855 2289 937 2351 illam
961 2309 1038 2352 zona
1062 2295 1165 2350 nostra
1188 2299 1371 2369 temperata,
1400 2308 1505 2351 versus
1529 2296 1663 2351 austrum
1687 2290 1818 2354 occurrit
1841 2298 1912 2352 tan-

559 2385 623 2440 tnm
647 2386 817 2458 temperata
841 2386 872 2439 et
895 2387 966 2457 post
988 2377 1114 2457 frigida,
1138 2385 1173 2438 ut
1195 2377 1239 2439 ita
1262 2378 1352 2439 ruber
1375 2377 1611 2440 latioralatiori
1635 2386 1735 2441 tractu
1758 2379 1913 2460 regionum

557 2465 737 2541 calidarum,
764 2465 919 2546 angustior
942 2467 980 2528 ab
1005 2465 1171 2546 angustiori
1195 2466 1355 2528 allabatur.
1392 2467 1490 2529 Erunt
1504 2467 1605 2546 itaque
1620 2466 1745 2529 altiores
1768 2476 1802 2531 et
1824 2487 1911 2529 cras-

557 2555 655 2617 siores
679 2556 708 2616 in
733 2555 839 2616 calidis
861 2553 945 2616 zonis
970 2573 1110 2634 vapores,
1144 2573 1232 2634 quam
1265 2554 1293 2616 in
1325 2554 1451 2634 frigidis.
1498 2553 1579 2626 Quid
1602 2556 1722 2630 mimm,
1754 2576 1812 2618 non
1836 2574 1912 2635 opus

556 2650 621 2714 est,
646 2650 680 2704 ut
702 2642 732 2704 id
756 2661 794 2703 er
817 2662 875 2703 una
906 2642 1010 2724 eclipsi
1033 2644 1207 2722 probemus,
1233 2643 1300 2723 ipsa
1323 2643 1400 2705 ratio
1424 2644 1547 2717 suadet,
1572 2663 1629 2724 quo
1653 2643 1832 2707 rectioribus
1855 2643 1910 2707 Sol

556 2730 650 2793 radiis
673 2730 818 2792 incumbit
840 2750 999 2812 omnesque
1022 2734 1179 2811 planetae,
1210 2732 1266 2793 hoc
1297 2732 1450 2794 fortiorem
1473 2750 1540 2796 esse
1568 2732 1773 2810 operationem
1797 2740 1830 2794 et
1853 2753 1910 2794 ex-

556 2819 771 2883 tenuationem.
806 2818 943 2881 Suadent
966 2827 997 2882 et
1020 2820 1226 2900 experimenta
1249 2820 1500 2901 geographorum,
1527 2820 1576 2902 qui
1595 2822 1753 2884 continuas
1777 2821 1909 2884 uostris-

557 2927 613 2989 qne
636 2907 884 2988 incomparabiles
907 2908 1025 2988 pluvias
1049 2910 1103 2970 sub
1128 2916 1289 2989 aequatore
1313 2916 1345 2970 et
1358 2909 1513 2991 parallelis
1537 2908 1692 2971 Solaribus
1715 2909 1911 2991 praecipitari

557 3005 712 3071 asserunt,
745 3016 802 3058 nou
827 2998 905 3076 quod
937 2998 1011 3058 haec
1034 3005 1183 3059 certarum
1208 3005 1353 3059 terrarum
1382 3005 1490 3059 natura
1521 2999 1562 3060 sit
1591 3017 1663 3079 prae
1694 2998 1821 3075 ceteris,
1854 2999 1910 3061 sed

557 3087 587 3147 in
611 3094 676 3147 toto
700 3095 847 3147 terrarum
877 3086 1004 3159 ambitu,
1036 3086 1064 3146 iu
1088 3086 1195 3147 Africa
1224 3086 1316 3158 (unde
1340 3086 1417 3158 Nili,
1446 3086 1561 3164 Nigiris
1585 3094 1617 3148 et
1640 3087 1795 3149 fluviorum
1819 3087 1906 3168 regni

555 3173 663 3253 Congo
688 3173 827 3237 immania
851 3175 1047 3250 incrementa)
1077 3173 1106 3234 in
1132 3173 1237 3235 insulis
1260 3173 1407 3236 Moluccis
1430 3174 1526 3236 Asiae
1550 3175 1758 3252 conterminis,
1790 3175 1819 3236 iu
1843 3175 1906 3237 Pe-

555 3281 650 3325 ruana
672 3264 832 3326 Americae
855 3263 1023 3342 provincia;
1054 3270 1088 3324 ut
1117 3270 1230 3324 certum
1260 3264 1316 3335 sit,
1345 3263 1509 3324 coelestem
1539 3283 1660 3326 cansam
1691 3283 1770 3326 esse.
1817 3262 1906 3335 Quod

555 3350 582 3414 si
606 3351 671 3432 quis
697 3360 796 3414 tamen
820 3351 908 3430 hujus
939 3351 1054 3413 ruboris
1084 3350 1282 3431 inaequaliter
1314 3370 1406 3412 corun
1435 3350 1564 3413 lucidum
1589 3352 1759 3415 ambeuntis
1783 3371 1908 3414 causam

554 3458 613 3501 non
637 3442 667 3503 in
691 3440 868 3502 diuersitate
883 3459 1036 3513 zonarum,
1062 3438 1115 3502 sed
1131 3440 1161 3500 in
1176 3440 1352 3501 diversitate
1373 3439 1463 3501 maris
1478 3447 1510 3501 et
1523 3448 1622 3502 terrae
1641 3458 1752 3520 ponere
1768 3440 1907 3515 voluerit,

555 3547 625 3590 ecce
649 3538 681 3592 et
704 3529 752 3591 hic
776 3528 909 3590 vicimus.
955 3529 1034 3590 Nam
1057 3530 1086 3590 in
1112 3547 1203 3607 supra
1227 3528 1386 3590 delineatis
1410 3537 1557 3591 terramm
1573 3529 1647 3592 loeis
1662 3549 1767 3592 uersus
1781 3538 1908 3592 antarc-

555 3618 647 3680 ticum
671 3618 753 3681 satis·
772 3618 863 3695 longo
886 3618 984 3697 spatio
1010 3618 1105 3679 maria
1128 3624 1212 3685 suut,
1242 3624 1275 3678 at
1297 3635 1403 3679 versus
1425 3625 1634 3697 aequatorem,
1660 3619 1796 3698 quamvis
1819 3619 1911 3693 ultra,

557 3708 688 3772 occurrit
710 3704 845 3786 superior
868 3724 939 3785 pars
963 3706 1133 3768 Americae.
1171 3703 1225 3766 Sin
1250 3712 1351 3767 autem
1385 3706 1473 3784 lapsa
1496 3715 1544 3768 est
1567 3707 1710 3769 memoria
1733 3707 1762 3768 in
1787 3707 1911 3787 antipo-

555 3795 662 3871 dibns,
687 3796 732 3857 ita
755 3804 788 3856 ut
811 3793 855 3854 illi
879 3795 1033 3873 propiores
1057 3796 1119 3856 sint
1143 3793 1220 3855 freto
1235 3794 1447 3874 Magellanieo,
1474 3802 1540 3857 tota
1562 3795 1647 3857 nobis
1672 3796 1814 3858 Amerina
1837 3815 1911 3877 sep-

555 3885 736 3947 tentrionem
761 3901 867 3944 uersus
892 3883 1040 3945 tendetur.
1087 3881 1149 3945 Sed
1173 3882 1242 3963 quid
1267 3902 1322 3963 ego
1346 3884 1460 3945 lmstra
1482 3883 1555 3945 mihi
1574 3883 1768 3946 difficultates
1791 3884 1910 3966 objicio,

554 3972 658 4036 valeat
680 3973 757 4034 baec
780 3970 885 4033 ultima
908 3972 1000 4046 ratio,
1024 3971 1127 4034 vincat
1149 3971 1239 4051 prior.

641 4062 708 4124 Etsi
740 4069 769 4122 te
803 4067 980 4140 occupatum
1009 4061 1089 4135 seio,
1113 4079 1173 4122 uon
1196 4058 1280 4140 potui
1304 4067 1403 4121 tamen
1437 4059 1513 4121 baec
1544 4060 1692 4135 omittere,
1723 4061 1793 4141 quia
1815 4061 1907 4141 juxta

555 4150 617 4211 scio
642 4157 671 4212 te
696 4149 742 4211 his
767 4148 920 4209 delectari.
953 4149 1040 4219 Quod
1058 4168 1131 4229 opus
1156 4148 1405 4211 Stuccardianum
1420 4154 1910 4224 (machinaargentea.val.1,p.7³u.)

554 4239 674 4315 attinet,
700 4245 825 4318 expecto
849 4237 1030 4300 sententiam
1050 4237 1203 4319 principis,
1224 4247 1276 4299 tuo
1300 4256 1401 4299 amore
1425 4238 1519 4300 fretus
1545 4238 1575 4300 in
1599 4257 1656 4315 me,
1683 4238 1833 4303 alacriter.
1864 4240 1913 4302 Ar

553 4326 732 4388 Deusnovit
759 4334 907 4388 eventum.
942 4326 1106 4389 Versamur
1121 4328 1169 4389 hio
1184 4325 1284 4388 Gratii
1307 4326 1337 4386 in
1362 4334 1442 4388 metu
1464 4327 1571 4405 pestis,
1596 4347 1673 4408 quas
1696 4328 1835 4390 viciniam
1858 4328 1910 4391 in-

555 4415 645 4477 vasit.
675 4416 780 4497 Itaque
805 4434 851 4477 me
866 4435 1020 4495 meamque
1045 4417 1190 4478 sentillam
1212 4415 1274 4477 tuis
1299 4416 1437 4495 precibus
1461 4418 1645 4479 commendo.
1692 4417 1771 4479 Vale
1796 4418 1909 4481 diutis-

553 4503 628 4567 sime
651 4503 740 4584 Reip.
765 4504 916 4568 literariae
940 4512 1067 4586 tuaeque
1092 4503 1233 4567 familiae.
1418 4560 1423 4573 ,

644 4591 746 4656 Gratii
768 4594 817 4656 vel
838 4595 998 4657 Bairdorlli
1022 4595 1050 4655 in
1074 4592 1184 4654 vicinia
1210 4590 1259 4653 11.
1284 4590 1336 4655 21.
1354 4591 1497 4672 Augusti.
1603 4644 1605 4648 .

1150 4680 1239 4742 Hom.
1264 4681 1298 4743 T.

1408 4767 1611 4830 Gratissimus
1636 4768 1801 4850 discipulos

1469 4875 1515 4937 M.
1538 4876 1590 4939 Jo.
1613 4874 1742 4958 chler.

642 5001 682 5051 Ad
702 4999 926 5053 bsecldaestliuus
943 5016 993 5049 non
1012 5001 1145 5065 respondit,
1171 5002 1317 5052 transmittit
1337 5007 1421 5051 autem
1437 5000 1546 5064 Keplsro
1571 4998 1627 5062 (ἳῖ.
1641 4999 1699 5050 Jau.
1725 4996 1805 5059 1599)
1825 5001 1911 5065 copiu

553 5070 679 5123 literanum
698 5072 821 5136 Tyebonis
842 5068 933 5135 (comp.
954 5072 999 5121 rol.
1019 5073 1039 5121 1.
1059 5088 1083 5137 p.
1105 5070 1151 5133 ts)
1178 5072 1287 5125 addens:
1318 5072 1488 5122 memorabilia
1519 5077 1604 5122 antem
1630 5077 1696 5128 sunt
1727 5086 1792 5136 quus
1814 5072 1846 5122 ds
1865 5087 1911 5122 ruo

554 5142 682 5210 oelipslum
704 5143 799 5194 calamo
821 5143 914 5193 scribit.
950 5144 1013 5194 Item
1035 5159 1099 5209 quae
1118 5145 1150 5196 da
1172 5145 1302 5209 apparenti
1319 5143 1413 5194 Lunari
1430 5143 1603 5209 magnitudine
1625 5143 1772 5207 praesertim
1788 5143 1815 5195 ln
1832 5143 1910 5209 sclip-
