4584 6192
462 636 530 706 070
940 626 980 676 Da
999 620 1169 675 scultellam
1186 620 1339 686 8110101111

463 817 549 896 cujus
564 811 691 874 exuviae
701 807 819 869 Romae
833 802 1077 874 asservabantur,
1102 808 1134 861 et
1158 818 1214 881 quo
1229 798 1375 878 majorem
1393 804 1425 859 et
1446 795 1477 858 iu
1500 797 1712 877 septentrione
1735 796 1832 859 visum

465 905 601 969 Brabeus
625 894 831 960 asseverabat.
877 891 1037 971 Proportio
1071 888 1250 951 excurrebat
1278 886 1316 947 ad
1349 882 1479 948 100000
1508 885 1722 965 longitudinis.
1772 881 1832 946 Sed

465 993 612 1056 ludicrum
636 984 805 1065 exemplum
828 991 884 1043 est.
929 979 1023 1041 Aliud
1047 996 1132 1056 cape.
1180 974 1351 1047 Quantulas
1376 992 1488 1054 quaeso
1511 982 1562 1036 est
1583 975 1678 1037 110100
1703 972 1833 1035 111111-

464 1081 540 1144 lnris
563 1075 702 1156 globum?
726 1070 950 1151 computemus.
998 1068 1028 1128 Α
1051 1066 1208 1145 superficie
1241 1065 1285 1126 ad*
1312 1072 1448 1125 centrum
1480 1069 1553 1124 suut
1579 1060 1650 1128 800
1678 1060 1832 1137 milliaria,

455 1188 542 1251 ,qnae
567 1167 622 1226 duc
637 1164 667 1224 iu
682 1158 769 1224 5000
782 1178 902 1239 passus.
940 1156 1023 1235 Ergo
1044 1173 1188 1235 passuum
1212 1161 1283 1215 suut
1305 1149 1470 1216 4300000.
1508 1148 1713 1232 Quintuplum
1733 1157 1832 1213 autem

466 1266 515 1320 est
536 1253 655 1335 pedum,
679 1267 783 1327 nempe
808 1242 993 1309 21500000.
1038 1243 1088 1304 Da
1110 1242 1239 1304 bominis
1259 1241 1437 1319 longitudini
1457 1240 1550 1319 pedes
1571 1241 1696 1304 omuino
1716 1248 1833 1321 septem

466 1353 499 1408 st
520 1342 620 1405 divide
642 1357 697 1418 per
720 1338 776 1398 bos
799 1336 882 1396 illum
904 1350 1067 1395 numerum.
1113 1331 1196 1410 Ergo
1219 1331 1245 1392 si
1265 1326 1420 1393 3100000
1442 1328 1593 1392 bominum
1615 1347 1676 1412 per
1698 1329 1831 1393 ordinem

467 1434 497 1496 iu
520 1429 646 1492 eandem
669 1443 831 1504 componas
856 1420 1081 1501 longitudinem,
1106 1420 1160 1481 illa
1180 1419 1336 1501 pertinget
1358 1418 1548 1497 asnperficia
1562 1418 1680 1480 Terrae
1706 1418 1748 1480 ad
1771 1418 1833 1498 ejus

466 1527 610 1584 centrum.
655 1514 698 1577 Et
722 1533 780 1574 una
802 1511 932 1573 Telluris
963 1510 1112 1572 diameter
1144 1508 1288 1590 aequabit
1319 1515 1481 1569 sexcentas
1515 1507 1648 1586 amplius
1678 1506 1832 1590 myrisdaa

467 1610 614 1672 bumanae
648 1600 827 1664 altitudinis.
887 1601 974 1661 Hauc
1004 1598 1230 1678 proportionem
1265 1596 1443 1661 immensam
1475 1596 1606 1657 hominis
1639 1595 1682 1658 ad
1715 1596 1834 1676 globum

466 1694 597 1758 Telluris
629 1693 762 1753 fatentur
792 1706 910 1761 omnes;
938 1696 972 1748 at
995 1687 1060 1766 jam
1092 1686 1297 1747 incredibilem
1322 1685 1426 1746 dicunt
1452 1684 1683 1764 proportionem
1706 1684 1834 1748 Telluris

467 1785 506 1850 ad
529 1782 644 1845 coelum
660 1778 795 1851 Saturni,
819 1795 896 1858 quae
910 1774 987 1836 0011
1009 1775 1047 1834 ad
1066 1771 1182 1848 12000,
1206 1773 1412 1835 incredibilem
1433 1773 1662 1852 proportionem
1686 1774 1835 1838 coelorum

466 1872 618 1936 mobilium
643 1868 682 1929 ad
704 1867 821 1929 coelum
844 1865 968 1925 lixarum
983 1863 1143 1934 immobile,
1168 1881 1244 1943 quae
1260 1861 1338 1924 0011
1363 1862 1402 1922 ad
1426 1858 1522 1937 3000,
1547 1862 1646 1924 multo
1672 1881 1765 1944 quam
1788 1861 1836 1924 illa

466 1961 573 2025 minor.
619 1958 734 2035 Nempe
758 1974 817 2016 uon
840 1952 1061 2033 proportionem
1084 1952 1264 2030 respiciunt,
1299 1952 1354 2011 sed
1386 1950 1644 2029 magnitudinem,
1680 1971 1752 2014 cum
1783 1949 1836 2032 'pai

466 2048 553 2130 parri
576 2047 647 2107 siut.
693 2043 840 2124 Equidem
865 2042 991 2103 mundus
1015 2041 1081 2102 Deo
1106 2058 1233 2119 magnus
1258 2059 1316 2101 uon
1341 2048 1404 2113 est,
1437 2047 1470 2100 at
1499 2057 1556 2100 nos
1586 2040 1700 2102 mundo
1726 2037 1834 2120 exigui.

466 2136 548 2200 Vide
571 2144 672 2197 tamen
698 2133 788 2193 etiam
813 2130 994 2210 analogiam.
1041 2129 1100 2191 Ubi
1126 2137 1251 2208 superat
1273 2128 1449 2207 magnitudo
1473 2127 1515 2189 ibi
1543 2127 1649 2191 delicit
1680 2127 1835 2208 perfectio,

468 2233 502 2290 et
524 2226 554 2286 10
578 2223 665 2285 molis
690 2220 922 2282 deminutionem
945 2218 1079 2280 succedit
1098 2216 1250 2280 nobilitas.
1298 2216 1496 2296 Amplissima
1513 2235 1586 2279 sane
1602 2225 1654 2279 est
1669 2216 1835 2299 Copemioo

469 2314 601 2395 sphaera
630 2311 773 2383 lixarum3
807 2307 860 2368 sed
885 2307 981 2379 iners,
1013 2316 1097 2368 motu
1128 2307 1219 2370 nullo.
1267 2304 1410 2385 Sequitur
1441 2306 1569 2367 mundus
1602 2305 1738 2369 mobilia
1781 2304 1834 2368 nie

467 2403 533 2485 jam
557 2408 669 2481 quanto
701 2398 797 2459 minor
827 2403 912 2458 tanto
943 2394 1087 2465 divinior,
1122 2395 1200 2474 quod
1234 2403 1345 2456 motum
1376 2394 1494 2473 accepit
1520 2403 1586 2457 tam
1617 2395 1834 2468 admirabilem,

469 2497 535 2554 tam
559 2487 741 2551 ordinatum.
787 2484 893 2564 Neque
917 2491 1018 2546 tamen
1043 2491 1207 2563 vegetante
1231 2483 1377 2545 facultate
1401 2490 1523 2545 constat
1541 2484 1627 2546 locus
1649 2482 1723 2555 iste,
1746 2499 1835 2564 nequa

472 2577 680 2649 ratiocinatur,
706 2592 801 2653 neque
826 2572 982 2635 discurrit:
1008 2573 1085 2652 quod
1110 2572 1176 2650 agit
1199 2569 1284 2651 (duru
1308 2573 1460 2643 moretur)
1484 2590 1544 2634 uon
1563 2573 1682 2650 didicit,
1709 2573 1765 2636 sed
1782 2572 1835 2634 im-

474 2683 613 2749 pressum
636 2663 694 2724 sibi
718 2684 737 2723 a
758 2661 904 2741 principio
928 2661 1054 2734 retinet3
1086 2660 1164 2740 quod
1198 2668 1341 2734 nonest,
1373 2678 1469 2739 neque
1493 2660 1552 2723 erit
1574 2681 1731 2744 unquam:
1763 2658 1834 2742 quod

472 2762 539 2830 est,
571 2753 603 2814 id
626 2772 646 2813 a
669 2769 703 2811 sa
721 2751 787 2830 ipso
811 2767 868 2810 non
893 2758 942 2810 est
965 2750 1078 2822 factus;
1103 2749 1181 2810 idem
1205 2757 1321 2822 manet,
1347 2748 1395 2829 qni
1426 2749 1565 2811 conditus
1589 2759 1648 2814 est.
1697 2747 1835 2814 Succedit

472 2860 547 2923 argo
569 2841 663 2921 pilula
686 2838 761 2900 baec
787 2846 900 2912 nostra,
925 2838 1106 2918 tuguriolum
1128 2846 1272 2911 nostrum,
1298 2838 1376 2917 quod
1396 2837 1545 2899 Tellurem
1566 2839 1710 2915 dicimus,
1732 2834 1837 2902 matrix

473 2928 705 3011 vegetabilium,
746 2928 814 3006 ipsa
848 2927 932 2988 intus
963 2927 1126 2987 informata
1159 2926 1305 2987 facultate
1338 2926 1467 3006 quadarn
1499 2927 1683 2991 mirabilium
1720 2941 1835 3009 operum

479 3016 742 3089 architectatrice3
767 3034 843 3094 quae
868 3015 1005 3077 accendit
1029 3015 1065 3076 de
1090 3034 1123 3075 se
1145 3015 1214 3094 ipsa
1237 3021 1283 3076 101
1306 3014 1452 3094 stirpium,
1477 3023 1525 3077 tot
1545 3016 1693 3095 piscium,
1723 3024 1771 3079 tot
1791 3015 1835 3077 10-

478 3114 632 3172 10010100
657 3104 805 3165 animnlas
829 3104 977 3181 quotidie3
1007 3111 1040 3165 nt
1065 3103 1153 3164 facile
1176 3103 1285 3165 molem
1307 3103 1450 3183 reliquam
1473 3122 1547 3185 prae
1570 3106 1628 3168 bac
1651 3125 1709 3169 sua
1733 3104 1837 3169 nobili-

479 3204 545 3261 tate
578 3200 762 3257 contemnat.
823 3191 959 3272 Denique
990 3192 1059 3253 vide
1088 3192 1160 3254 mibi
1194 3193 1384 3273 corpuscula,
1418 3211 1494 3272 quae
1527 3195 1675 3257 animalia
1707 3195 1836 3268 dicimus,

481 3285 589 3365 quibus
613 3281 683 3361 quid
708 3280 816 3342 exilius
839 3281 869 3341 in
894 3281 1118 3360 comparatione
1141 3282 1242 3343 mundi
1265 3282 1335 3359 fingi
1354 3282 1476 3361 potest?
1522 3282 1629 3345 Alibi
1648 3284 1718 3364 jam
1736 3301 1838 3346 seusus

480 3383 512 3436 et
535 3370 696 3433 voluntarii
721 3378 836 3441 motus,
869 3369 1071 3431 architectura
1100 3389 1255 3450 corporum
1288 3370 1414 3432 infinita.
1462 3371 1542 3433 Vide
1574 3373 1646 3433 mibi
1680 3374 1760 3436 iuter
1790 3372 1837 3434 illa

476 3461 661 3545 pulvisculus
684 3460 755 3527 bos,
780 3476 854 3537 quos
877 3458 1013 3518 homines
1037 3460 1154 3533 dicunt;
1188 3460 1293 3539 quibus
1318 3458 1447 3522 Creator
1474 3461 1530 3523 hoc
1563 3462 1665 3535 dedit,
1701 3472 1735 3523 ut
1768 3475 1867 3542 quo-⁰

476 3550 634 3614 dammodo
659 3567 677 3608 a
701 3566 733 3607 se
760 3546 835 3624 ipsis
859 3555 1038 3614 nascantur,
1064 3566 1096 3607 so
1120 3549 1204 3628 ipsos
1227 3548 1377 3622 vestiant,
1403 3558 1529 3623 arment,
1556 3551 1689 3611 doceant
1711 3550 1837 3612 infinitas

477 3650 559 3703 artes
592 3646 623 3698 et
652 3636 784 3716 quotidie
814 3636 971 3714 proficiant
999 3636 1028 3695 in
1059 3637 1181 3708 melius;
1216 3637 1245 3698 in
1279 3636 1385 3717 quibus
1409 3638 1465 3699 Dei
1498 3638 1613 3718 imago,
1649 3639 1701 3719 qui
1733 3637 1837 3701 domini

480 3726 700 3809 quodammodo
726 3733 796 3785 sunt
819 3724 915 3785 totins
938 3724 1036 3785 molis.
1083 3724 1126 3785 Et
1149 3725 1215 3804 quis
1239 3735 1287 3786 est
1311 3735 1453 3799 nostrum,
1479 3726 1527 3806 qui
1552 3735 1636 3805 optet
1661 3728 1720 3789 sibi
1738 3746 1838 3807 corpus

480 3815 580 3879 mundi
612 3812 823 3892 amplitudine,
856 3823 890 3874 ut
921 3832 975 3892 pro
1007 3833 1042 3874 ea
1072 3821 1176 3874 careat
1209 3814 1332 3875 anima?
1377 3814 1538 3877 Discamus
1569 3816 1662 3895 igitur
1698 3816 1837 3880 creatoris

480 3906 556 3967 bene
590 3903 733 3981 placitum
743 3920 753 3975 3
787 3902 836 3982 qui
869 3911 900 3962 et
931 3902 1013 3962 rudis
1047 3901 1135 3963 molis
1164 3910 1195 3962 et
1228 3903 1406 3965 minutorum
1428 3904 1624 3983 perfectionis
1650 3908 1836 3969 auctorest:

480 4002 660 4056 01011000
685 3991 763 4050 mole
786 3990 941 4068 gloriatur,
967 3991 1020 4051 0011
1045 3990 1188 4052 nobilitat
1211 3991 1273 4064 illa,
1298 4012 1374 4072 quae
1399 3993 1515 4055 minuta
1539 4013 1607 4055 csse
1631 3994 1743 4057 voluit

566 4079 703 4159 Denique
726 4096 780 4157 per
804 4078 877 4140 baec
902 4079 1063 4141 intervalla
1087 4099 1106 4140 a
1129 4079 1251 4142 Tellure
1274 4081 1313 4142 ad
1337 4080 1450 4155 Solem,
1474 4081 1583 4144 aSole
1607 4083 1647 4143 ad
1669 4081 1834 4154 Saturnum,

479 4168 645 4232 aSaturno
668 4168 706 4228 ad
730 4167 805 4228 fixas
834 4167 985 4229 discamus
1013 4168 1161 4249 paulatim
1184 4170 1385 4232 conscendere
1410 4171 1448 4232 ad
1472 4172 1700 4250 agnoscendam
1726 4173 1835 4236 diriuac

477 4256 634 4340 potentiae
657 4256 901 4318 immensitatem.

567 4344 610 4407 Et
632 4344 706 4405 haec
731 4345 767 4404 de
791 4345 910 4424 objecta
934 4343 1100 4422 Cuperuico
1124 4345 1271 4407 vastitate
1294 4347 1418 4408 finarum
1442 4355 1528 4409 tanto
1551 4346 1698 4411 libentius
1723 4346 1834 4420 inserui,

479 4434 559 4516 quod
582 4432 781 4514 pertinuerint
804 4435 842 4495 ad
867 4433 1071 4495 incredibilem
1096 4435 1164 4497 novi
1197 4436 1305 4496 sideris
1338 4436 1575 4516 magnitudinem
1609 4438 1834 4502 aestimandam.

479 4524 559 4588 Nam
582 4524 608 4585 si
623 4518 655 4584 cl‘
679 4522 775 4584 solum
790 4523 948 4601 occupavit
968 4524 1111 4602 (quantus
1127 4522 1224 4586 Sirius
1239 4526 1391 4603 apparet),
1407 4525 1472 4604 jam
1486 4542 1540 4604 per
1562 4526 1643 4588 hanc
1662 4525 1835 4610 hyporba'n

482 4609 642 4690 Copernioi
665 4617 732 4672 tota
754 4612 894 4673 machina
918 4611 1069 4674 mobilium
1093 4613 1188 4674 multo
1212 4614 1269 4675 1011
1291 4613 1403 4692 major;
1427 4622 1461 4675 ut
1484 4613 1529 4675 cui
1553 4612 1586 4678 3¹
1610 4616 1713 4679 solum
1729 4616 1835 4681 tribue·

480 4699 587 4763 bamus
610 4717 710 4779 supra,
736 4700 761 4760 si
786 4700 851 4782 quis
876 4701 958 4763 illam
982 4722 1001 4762 a
1029 4701 1095 4762 fixis
1118 4702 1293 4782 respiceret.
1341 4699 1440 4772 Quam
1464 4701 1582 4783 quidem
1604 4706 1835 4786 magnitudinem

482 4788 613 4851 numeris
636 4786 802 4866 exprimere
827 4791 1022 4869 supersedeo,
1054 4790 1168 4851 veritus
1198 4812 1236 4853 ne
1255 4791 1320 4871 jam
1354 4800 1446 4853 antea
1475 4791 1598 4854 nimium
1634 4794 1697 4857 ista
1720 4795 1835 4876 prolauo

482 4877 572 4956 uulgo
597 4876 634 4937 ad
658 4876 852 4940 deridendum
876 4878 1065 4942 obtruserim.

1072 5103 1249 5112 ---——-
