4584 6192
466 620 535 690 594
884 618 984 669 Literae
1003 617 1106 682 Kepleri
1125 616 1276 681 aliorumque
1294 623 1395 667 mutuae

469 800 557 864 drato
580 795 728 857 diametri.
770 795 859 856 Facit
881 796 937 855 hoc
961 795 1028 854 sola
1051 794 1141 854 etiam
1166 793 1260 873 figura
1283 793 1440 873 quadrata,
1465 813 1540 874 quae
1565 793 1761 873 amplectitur
1789 789 1823 877 Ἰ,

469 889 507 950 de
531 886 679 967 quadrato
704 883 851 946 diametri.
899 884 964 943 Hoc
988 882 1080 961 igitur
1102 883 1221 947 nomine
1250 882 1393 960 recipitur
1423 878 1472 963 Ἰ12
1501 903 1568 944 cum
1599 876 1671 965 ¹12„
1702 875 1773 960 Ἰη,
1797 892 1832 945 ut

469 996 529 1038 non
553 973 678 1046 meliori,
702 972 760 1034 imo
790 971 931 1032 deteriori
955 972 1022 1049 jure
1046 971 1086 1031 sit
1110 990 1199 1051 quam
1229 963 1274 1051 ¹[,.
1321 971 1409 1032 Adde
1433 982 1464 1031 et
1493 964 1563 1053 ⁵s„,
1587 971 1658 1049 quia
1681 971 1831 1033 subtensa

472 1064 548 1125 baec
571 1081 629 1122 uon
655 1060 729 1122 facit
751 1060 781 1120 id
804 1061 881 1139 quod
915 1060 1060 1119 subtensa
1084 1060 1119 1118 de
1152 1052 1219 1140 ¹s„,
1246 1069 1278 1120 ut
1306 1054 1394 1137 potor
1417 1060 1550 1139 spatium
1582 1060 1715 1121 ambeat.
1765 1058 1828 1122 Sed

473 1153 578 1214 eodem
600 1148 717 1210 nomine
748 1141 780 1226 Ἰ0
809 1149 836 1208 in
861 1148 955 1226 primo
981 1147 1079 1208 limine
1104 1148 1245 1208 consistit
1268 1148 1440 1226 ejectorum.
1487 1149 1567 1209 Nam
1588 1149 1658 1227 quia
1681 1149 1830 1210 subteusa

470 1241 508 1303 de
540 1233 572 1320 Ἰ,
600 1246 648 1298 est
670 1235 793 1315 α’λογος,
819 1236 941 1317 ejusque
967 1237 1118 1314 (planum)
1144 1236 1261 1313 quidem
1285 1237 1390 1314 dloyor
1412 1245 1445 1298 et
1466 1259 1576 1311 peocr,
1606 1237 1674 1298 ideo
1699 1246 1733 1299 et
1755 1239 1828 1299 sub-

402 1347 406 1352 ’
473 1338 563 1391 tensa
585 1326 622 1386 de
652 1318 684 1407 Ἰ8
712 1326 794 1386 talis.
821 1355 862 1365 —
909 1325 1015 1404 Itaque
1040 1332 1071 1384 et
1103 1324 1174 1385 talis
1207 1325 1362 1398 efficacia,
1395 1325 1498 1385 idest
1527 1344 1603 1403 pene
1630 1325 1726 1386 nulla.
1773 1326 1830 1388 Hic

474 1416 565 1495 igitur
588 1421 711 1487 teneor3
737 1414 871 1474 dixeram
895 1412 982 1486 enim,
1008 1412 1111 1472 mede
1135 1414 1300 1491 sesquadro
1324 1413 1540 1492 experientiam
1554 1413 1675 1476 habere.
1708 1415 1829 1477 Videbo

472 1523 527 1585 per
550 1502 658 1575 otium,
693 1502 771 1563 sitne
796 1502 832 1561 de
856 1502 912 1561 hoc
937 1509 1061 1579 aspectu
1085 1511 1149 1561 tam
1173 1501 1274 1561 valida
1304 1501 1507 1581 experientia,
1541 1521 1630 1581 quam
1654 1502 1762 1563 valida
1784 1512 1830 1565 est

473 1592 527 1653 illa
559 1592 596 1651 de
627 1590 762 1668 quintili,
795 1589 945 1667 biquintili
979 1597 1010 1648 et
1042 1590 1214 1651 semisexto.
1262 1591 1328 1651 Iloc
1357 1590 1479 1669 quidem
1510 1590 1623 1663 fateor,
1656 1599 1721 1651 tres
1754 1592 1829 1653 hos:

475 1679 640 1759 quintilem,
664 1677 865 1758 biquintilem,
891 1678 1088 1757 sesquadmm
1111 1678 1190 1738 ratio
1213 1678 1284 1737 mihi
1309 1679 1513 1758 suppeditavit
1528 1679 1604 1757 (jam
1623 1679 1830 1753 examinata);

475 1768 529 1828 sed
553 1766 747 1827 semisextnm
772 1766 938 1826 nudissima
962 1765 1147 1844 experientia
1164 1774 1268 1827 contra
1291 1786 1405 1827 omnem
1430 1766 1586 1829 rationem.
1623 1768 1734 1846 Itaque
1752 1769 1832 1831 eirca

474 1855 672 1935 sesquadrum
688 1854 873 1932 experientia
887 1874 955 1915 mea
972 1854 1045 1915 mihi
1061 1855 1117 1933 ipsi
1132 1864 1284 1933 suspecta.
1319 1853 1407 1925 Quod
1425 1863 1524 1915 autem
1539 1856 1605 1933 jam
1620 1865 1653 1916 et
1666 1876 1723 1935 pro
1737 1858 1831 1919 semi·
1851 1905 1858 1913 .

475 1952 561 2007 sexto
585 1943 732 2003 rationem
754 1945 856 2015 affere,
881 1962 918 2003 ea
941 1961 1055 2021 nupera
1078 1951 1178 2004 estet
1200 1942 1266 2022 ipsa
1289 1944 1475 2021 experientia
1501 1944 1589 2020 longe
1616 1944 1780 2022 posterior,
1803 1946 1830 2008 in

473 2032 609 2096 Adriano
625 2030 793 2105 (Romano)
809 2031 845 2092 de
861 2031 1013 2092 subtensis
1029 2031 1131 2092 circuli
1147 2033 1224 2092 forte
1241 2033 1361 2093 fortuna
1381 2041 1511 2110 reperta.
1545 2031 1642 2093 Vides
1656 2033 1760 2111 igitur,
1776 2053 1830 2096 uon

476 2119 595 2183 admitti
612 2117 742 2180 infinitos
758 2126 908 2199 aspectus.
946 2120 1025 2182 Nam
1049 2121 1078 2180 in
1103 2119 1331 2199 aequatiooibus
1353 2119 1467 2198 ἀλογοις
1490 2120 1594 2181 statim
1618 2120 1704 2182 sistit
1725 2141 1831 2184 seusus

471 2208 638 2271 subtilitas.
686 2205 766 2269 Saue
790 2217 822 2269 et
845 2209 873 2269 iu
897 2208 1012 2269 musica
1036 2227 1093 2268 non
1119 2209 1208 2269 durat
1240 2227 1360 2281 sensus,
1385 2209 1412 2268 si
1435 2208 1527 2269 nimia
1560 2209 1725 2270 intervalla
1749 2211 1830 2273 daut

473 2298 580 2376 Itaque
609 2295 778 2375 conjunctio
802 2303 834 2356 et
856 2296 1007 2378 oppositio
1032 2310 1063 2356 et
1092 2289 1125 2378 Ἰ,
1159 2296 1272 2357 faciunt
1295 2297 1421 2375 primum
1453 2297 1603 2369 ordinem,
1635 2298 1686 2377 qui
1714 2298 1782 2378 jam
1804 2300 1830 2360 iu

478 2381 524 2465 ¹10,
557 2380 589 2465 Ἰ8
618 2384 881 2446 vehementissime
905 2384 1094 2457 debilitatur,
1121 2385 1191 2465 quia
1215 2386 1353 2465 aequatio
1378 2387 1411 2447 fit
1434 2385 1555 2463 ἀλογος,
1585 2394 1617 2446 et
1639 2387 1726 2447 nulla
1750 2407 1830 2450 com·

472 2507 612 2588 pensatio
636 2506 670 2567 fit
680 2526 689 2581 3
722 2507 815 2569 multo
844 2507 937 2585 igitur
965 2508 1061 2587 magis
1085 2471 1243 2609 &ji-‘3⁵2⁷

473 2631 548 2693 facit
571 2631 733 2694 secundnm
766 2630 914 2703 ordinem,
950 2650 1073 2710 cumque
1105 2626 1136 2715 ἸΒ
1162 2640 1243 2693 esset
1267 2634 1382 2693 futurus
1406 2630 1532 2705 debilis,
1566 2632 1699 2694 accessit
1725 2630 1830 2695 nobilis

473 2720 628 2793 subtensa,
653 2737 706 2797 per
730 2738 817 2797 quam
841 2718 870 2779 iu
893 2719 1019 2798 primum
1048 2721 1177 2781 refertur
1204 2721 1337 2799 gradum.
1383 2719 1527 2792 Rursum,
1553 2733 1619 2782 cum
1649 2713 1699 2801 ἸΗ
1730 2740 1770 2783 ex
1797 2713 1827 2805 Ἰ,

474 2817 559 2870 esset
582 2809 700 2869 futurus
729 2806 853 2882 debilis,
884 2808 1014 2867 accessit
1038 2809 1136 2869 nobile
1160 2809 1305 2888 spatium,
1335 2828 1388 2888 per
1411 2809 1489 2887 quod
1514 2818 1546 2870 et
1574 2802 1624 2891 ἸΠ
1654 2809 1682 2869 iu
1705 2810 1830 2889 primum

475 2897 605 2960 refertur
636 2896 772 2976 gradum.
819 2897 864 2958 At
886 2915 921 2957 eo
941 2896 1006 2975 jam
1030 2906 1115 2957 caret
1143 2894 1214 2977 ⁵l„,
1244 2906 1276 2957 et
1307 2891 1356 2973 ‘lu
1384 2915 1419 2956 eo
1443 2896 1550 2958 recidit
1581 2917 1637 2976 quo
1669 2891 1737 2979 ¹l„.
1782 2897 1830 2961 Sic

475 3005 542 3049 cum
567 2985 713 3046 subteusa
737 2986 773 3045 de
796 2977 845 3066 ¹l„
874 2994 956 3045 esset
980 3004 1014 3044 eo
1040 2985 1104 3047 loco
1121 3005 1178 3065 quo
1205 2980 1251 3069 ¹l„
1276 2985 1407 3046 accessit
1430 2984 1538 3046 nobilis
1563 2986 1628 3065 ejus
1654 2987 1692 3046 ad
1719 2987 1831 3048 radium

473 3074 638 3155 proportio,
662 3072 879 3141 divinadicta,
904 3091 1069 3152 perquam
1093 3075 1180 3153 primi
1205 3074 1325 3136 honoris
1349 3074 1487 3134 efficitur.
1524 3075 1630 3154 Itaque
1664 3066 1696 3156 Ἰ,
1726 3085 1776 3137 est
1799 3094 1830 3135 eo

472 3164 538 3225 loco
561 3162 662 3242 posita
684 3170 755 3240 post
784 3156 848 3243 ¹l„,
875 3180 931 3240 quo
961 3157 990 3237 ¹„
1022 3171 1092 3241 post
1123 3158 1173 3241 ¹l„
1199 3162 1268 3241 qnia
1295 3164 1439 3223 subtensa
1463 3162 1499 3221 de
1530 3156 1560 3240 Ἰο
1590 3169 1695 3241 potest
1719 3164 1830 3226 radium

472 3259 504 3313 et
538 3251 603 3329 ejus
641 3257 758 3330 partem
795 3250 939 3329 majorem
972 3248 1017 3322 (b.
1050 3270 1076 3310 e.
1111 3251 1290 3332 quadratum
1328 3251 1432 3310 lateris
1470 3250 1685 3331 quinquanguli
1725 3252 1831 3315 circulo

475 3338 613 3418 inscripti
637 3346 748 3418 aequat
771 3358 914 3399 summam
939 3339 1079 3418 quadrati
1103 3340 1179 3401 radii
1204 3348 1235 3400 et
1253 3338 1389 3418 quadrati
1415 3338 1518 3400 lateris
1547 3339 1736 3418 decaoguli).
1784 3339 1831 3402 Sic

474 3436 505 3488 et
533 3421 590 3510 ²l,;
615 3446 685 3487 nam
709 3427 773 3506 ejus
803 3426 949 3487 subteusa
979 3427 1074 3489 minor
1103 3436 1151 3488 est
1184 3447 1271 3507 quam
1304 3428 1481 3506 quadratum
1515 3428 1654 3489 diametri
1687 3429 1831 3507 quadrato

471 3517 569 3597 partis
598 3515 721 3595 majoris
745 3515 790 3587 (h.
816 3533 842 3575 e.
868 3516 1046 3595 quadratum
1075 3517 1206 3594 diagonii
1243 3516 1453 3595 quinquanguli
1489 3525 1601 3595 aequat
1633 3517 1830 3579 differentiam

473 3604 614 3685 quadrati
645 3604 783 3665 diametri
817 3611 849 3663 et
883 3605 1021 3682 quadrati
1058 3606 1162 3666 lateris
1200 3605 1383 3682 decanguli).
1442 3603 1493 3663 Sic
1533 3597 1582 3685 ³s„
1618 3624 1653 3664 eo
1690 3606 1756 3667 loco
1789 3615 1832 3665 est

473 3702 612 3771 respectu
642 3687 692 3771 Ἰ10
721 3693 769 3753 vel
800 3687 845 3773 Ἰ,
871 3711 927 3771 quo
960 3695 1022 3754 fere
1048 3704 1095 3754 est
1125 3687 1157 3775 Ἰ,
1186 3702 1325 3772 respectu
1356 3685 1402 3772 ¹l2.
1450 3693 1492 3752 Ut
1516 3693 1593 3752 enim
1625 3693 1775 3755 subtensa
1798 3695 1830 3754 de

480 3778 511 3864 Ἰὃ
541 3788 652 3860 aequat
686 3780 839 3842 dimidium
872 3780 1027 3854 diametri,
1065 3783 1108 3843 sic
1142 3783 1287 3842 subtensa
1320 3782 1356 3840 de
1392 3774 1441 3861 Ἰ10
1478 3781 1667 3859 componitur
1702 3803 1739 3843 ex
1759 3792 1832 3844 tota

473 3869 697 3931 semidiametro
718 3878 750 3930 et
769 3870 833 3948 ejus
858 3878 943 3947 parte
967 3870 1084 3948 majori.
1123 3872 1225 3949 Atque
1245 3870 1292 3930 hic
1314 3888 1428 3929 rursum
1444 3888 1490 3929 me
1515 3870 1641 3942 tenebis,
1669 3871 1697 3931 si
1715 3890 1830 3951 urgeas.

474 3957 599 4021 Mirifice
631 3957 738 4037 quippe
773 3958 899 4037 trepido.
946 3960 1024 4019 Nam
1054 3961 1079 4020 si
1110 3959 1221 4037 recipio
1253 3949 1300 4037 Ἰη
1335 3966 1456 4035 propter
1489 3959 1693 4020 accessorium
1725 3960 1831 4022 nobili-

472 4056 586 4114 tatem,
619 4046 782 4126 recipieudi
806 4054 931 4106 suntet
960 4040 1009 4130 7„
1038 4057 1068 4107 et
1099 4042 1167 4130 ³l„,
1193 4056 1262 4107 sunt
1295 4046 1373 4106 euim
1404 4047 1564 4107 nobiliores
1598 4045 1674 4125 ipsis
1707 4042 1759 4131 ¹s„
1788 4042 1832 4130 Ἰ,

476 4153 550 4215 quos
575 4134 613 4194 ad
637 4134 833 4195 imitationem
857 4135 988 4196 musicae
1013 4136 1109 4198 solam
1139 4154 1320 4215 receperam.
1367 4135 1472 4213 Neque
1502 4143 1602 4195 tamen
1627 4136 1666 4196 de
1691 4138 1832 4216 gradibus

473 4218 524 4295 36,
552 4218 613 4284 108
637 4224 795 4303 quicquam
817 4222 889 4283 mihi
914 4232 1036 4285 constat
1057 4245 1112 4304 per
1136 4224 1363 4303 experientiam.
1407 4222 1449 4284 Et
1469 4231 1503 4283 ut
1526 4243 1641 4285 mecum
1668 4224 1831 4288 deliberare

473 4309 574 4390 possis
591 4310 627 4371 de
642 4313 773 4389 genuina
792 4330 885 4372 causa
910 4321 1093 4391 aspectuum,
1119 4313 1228 4373 faciam
1252 4312 1395 4393 synopsin
1422 4312 1635 4390 disputationis
1662 4314 1832 4375 decennalis

472 4398 510 4461 de
533 4399 590 4461 hac
614 4419 656 4461 re.

561 4503 595 4566 si
620 4512 797 4585 aspectuum
821 4505 927 4566 eadem
952 4513 1000 4566 est
1019 4524 1120 4579 causa,
1146 4524 1222 4584 quae
1238 4506 1476 4566 harmonicarnm
1499 4505 1630 4571 chordae
1657 4506 1832 4570 divisionum

470 4593 502 4655 iu
526 4594 584 4654 duo
608 4612 710 4655 secum
733 4602 765 4654 et
788 4613 854 4654 cum
879 4601 944 4654 tota
973 4594 1201 4664 concordantia,
1234 4603 1303 4654 tuuc
1328 4593 1515 4655 adsciscendi
1548 4602 1675 4671 praeter
1699 4605 1830 4659 veteres:

471 4680 616 4762 quintilis,
641 4680 817 4762 biquintilis‚
843 4682 1044 4761 sesquadrus;
1070 4683 1274 4743 excludendus
1298 4684 1487 4743 semisextus.
1536 4682 1743 4760 Experieutia
1764 4704 1829 4747 cou-

471 4769 571 4830 firmat
601 4770 774 4848 quintilem,
808 4769 996 4849 biquintilem
1029 4778 1061 4830 et
1098 4771 1310 4844 semisextum‚
1352 4772 1404 4832 sed
1443 4770 1643 4849 sesquadrum
1682 4774 1830 4835 coufirmat

472 4856 628 4918 obscurius
653 4864 685 4918 et
713 4857 811 4918 dubie.
859 4855 893 4918 Si
922 4866 1076 4937 aspectum
1107 4859 1180 4919 facit
1218 4858 1360 4920 nobilitas
1392 4857 1580 4937 aequationis
1613 4860 1783 4924 subteusse
1804 4866 1829 4921 et

474 4943 615 5006 diametri
638 4945 718 5018 sola,
750 4952 820 5005 tuuc
843 4945 1013 5008 excluditur
1037 4947 1236 5025 sesquadrus,
1261 4947 1404 5027 recipitur
1435 4942 1496 5029 ¹s„,
1529 4938 1594 5028 ²)„,
1628 4941 1695 5032 Ἰω,
1726 4943 1779 5032 Ἰί,
1803 4957 1828 5008 et

478 5023 542 5113 ¹l,2.
589 5030 786 5111 Experientia
814 5034 969 5095 coufirmat
1000 5029 1062 5115 Ἰη,
1094 5028 1158 5115 'lm
1188 5029 1253 5118 710,
1279 5036 1307 5098 h.
1334 5056 1360 5096 e.
1386 5036 1592 5107 semisextum‚
1624 5038 1784 5116 quintilem
1802 5043 1826 5097 et

472 5117 670 5199 biquintilem,
696 5120 838 5201 relinquit
860 5120 889 5182 iu
909 5120 999 5184 dubio
1022 5122 1229 5202 sesquadrum,
1261 5118 1323 5203 ‘lm
1347 5118 1411 5206 Ἰιο·
1449 5123 1590 5185 Nondum
1613 5123 1712 5205 igitur-
1734 5127 1823 5206 liquet

1276 2517 1308 2568 et
1345 2508 1389 2568 sic
1426 2516 1653 2586 consequenter.
1702 2508 1759 2572 Sic
1798 2507 1825 2593 Ἰ,
