4584 6192
983 548 1161 615 etpumia
1684 550 1748 632 261

393 727 577 801 cyatallinae
595 726 735 800 sphaerae
754 728 847 798 portio
875 727 905 784 in
931 726 1021 784 medio
1048 729 1122 786 umuli
1149 730 1257 796 locata,
1289 731 1360 799 quod
1381 729 1437 788 seio
1458 730 1609 804 ingeniosis
1629 733 1751 794 ιιιιίιιιι

393 816 568 890 praem
603 803 753 886 Equidem
776 806 874 870 beasti
894 826 960 881 nos,
984 807 1168 870 oexeelleus
1183 815 1307 872 naturae
1322 816 1443 889 mysta,
1467 809 1520 870 lite
1539 809 1593 872 illa
1611 811 1751 888 diremta,

394 895 568 976 receptione
591 913 632 958 eu
655 892 816 958 emissione
839 896 893 957 liat
914 895 1001 957 visio.
1051 896 1132 959 Nam
1156 897 1234 975 quod
1257 896 1343 957 multi
1365 896 1481 975 passim
1504 897 1553 960 vel
1567 897 1663 962 obiter
1681 909 1752 964 sont

392 981 549 1054 admirati,
582 982 633 1046 vel
654 982 853 1064 neglexerunt
876 983 972 1046 visum
1005 983 1053 1045 vel
1080 984 1254 1064 diligentius
1285 983 1435 1046 excultum
1466 1004 1521 1065 per
1550 985 1691 1049 invidiam
1721 995 1754 1050 et

391 1070 556 1136 ιιιιίιιιιιι
577 1070 694 1151 gloriae
718 1070 838 1134 divinae
861 1070 1013 1151 iujuriam,
1038 1072 1139 1153 reique
1164 1073 1244 1152 publ.
1269 1073 1421 1136 literariae
1445 1073 1585 1135 damnum
1608 1075 1751 1154 privatim

390 1166 548 1226 manure
578 1157 768 1222 maluerunt:
801 1169 854 1222 aut
887 1161 1127 1223 animadversum
1157 1161 1275 1242 quidem
1305 1161 1354 1232 (ut
1377 1161 1405 1221 iu
1430 1157 1543 1224 Suevia
1565 1162 1751 1238 vieturesiu

391 1248 480 1314 doliis
503 1246 603 1312 abditi
632 1246 840 1328 amplioribus,
869 1257 995 1327 patente
1027 1249 1135 1329 exiguo
1169 1243 1302 1329 osculo),
1327 1268 1385 1310 non
1413 1258 1538 1328 potuere
1571 1259 1672 1314 tamen
1695 1271 1751 1333 pro

391 1336 540 1418 dignitato
563 1336 699 1399 madere:
726 1345 758 1397 tu
781 1355 857 1398 uuus
880 1345 912 1398 ιι
926 1338 1169 1401 animadvertisti
1193 1347 1225 1400 et
1238 1336 1412 1417 percoluisti
1435 1345 1467 1398 ιι
1484 1337 1636 1419 publicum
1652 1340 1751 1401 fecisti

391 1424 651 1505 condignitate:
677 1432 710 1486 ιι
733 1442 786 1503 pro
810 1425 939 1487 scientia
962 1436 993 1488 et
1007 1445 1118 1495 amore,
1142 1426 1193 1506 qui
1216 1426 1245 1486 in
1270 1436 1301 1487 te
1326 1433 1375 1487 est
1387 1432 1513 1487 naturae
1529 1428 1750 1509 mysteriorum,

392 1513 590 1594 disputationi
604 1512 784 1576 utilissimae
798 1515 1051 1577 accommodares.
1089 1515 1198 1595 Itaque
1222 1514 1299 1595 quod
1323 1533 1371 1575 me
1394 1514 1513 1585 attinet,
1538 1514 1632 1577 habes
1651 1516 1750 1579 admi-

392 1611 526 1668 ratorem
540 1609 582 1669 ,et
597 1602 836 1681 praedicatorem
860 1602 904 1664 tui
919 1604 1046 1666 nominis
1069 1622 1128 1665 non
1144 1603 1312 1682 ingratum:
1338 1604 1374 1663 de
1398 1601 1508 1666 ceteris
1532 1604 1638 1665 eadem
1652 1612 1751 1668 tecum

392 1711 492 1774 spero.
531 1689 639 1771 Neque
661 1697 735 1769 puto
758 1690 807 1751 vel
831 1690 920 1753 aliter
942 1712 1032 1772 posse
1055 1693 1167 1754 rectius
1183 1691 1349 1754 confirmari
1369 1690 1569 1770 receptionem
1584 1690 1750 1769 specierum

391 1779 533 1844 inrisum
555 1787 588 1840 et
605 1777 732 1842 refutari
745 1778 937 1842 emissionem
950 1780 1099 1843 radiorum
1122 1780 1296 1861 (dequibus
1312 1781 1379 1840 vide
1391 1779 1577 1841 Macrobium
1602 1780 1652 1842 lib.
1674 1780 1747 1846 VII.

391 1867 623 1940 Saturnalium),
648 1867 727 1947 quod
741 1866 860 1946 quidem
874 1869 1024 1947 posterius
1039 1868 1167 1931 Vitellio
1183 1869 1233 1931 lib.
1250 1867 1307 1931 III.
1332 1888 1362 1947 p.
1378 1866 1409 1930 5.
1434 1866 1600 1930 attentavit
1623 1875 1655 1929 et
1672 1868 1748 1932 Ari·

392 1956 522 2020 stoteles
544 1954 647 2018 libello
671 1956 709 2018 de
733 1952 877 2018 Sensibili
901 1976 968 2038 cap.
988 1955 1019 2031 2,
1045 1976 1139 2036 neque
1165 1959 1229 2018 fore
1252 1976 1430 2036 quenquam,
1455 1953 1504 2035 qui
1528 1956 1577 2017 vel
1600 1955 1751 2019 tantillum

393 2044 523 2126 amplius
546 2043 740 2106 dubitaturus
763 2044 823 2106 sit:
856 2045 1013 2108 dummodo
1040 2046 1163 2107 fatalem
1187 2044 1356 2107 socordiam
1380 2044 1536 2106 excutiant
1558 2043 1750 2126 physicarum

391 2152 490 2196 rerum
519 2133 709 2214 professores
742 2140 774 2193 et
802 2133 878 2195 baec
911 2152 1025 2214 quoque
1058 2134 1189 2212 paucula
1226 2151 1409 2213 cognoscere
1442 2131 1614 2212 dignentur.
1670 2130 1749 2203 Quin

392 2222 484 2286 etiam
507 2240 548 2284 ex
570 2220 627 2282 hoc
650 2231 702 2283 ιιι
729 2221 851 2283 invento
879 2222 1049 2303 philosophi
1073 2222 1109 2283 de
1135 2222 1214 2296 luce,
1247 2223 1283 2283 de
1316 2220 1481 2295 coloribus,
1515 2220 1552 2281 de
1581 2220 1749 2300 perspicuo,

391 2310 503 2374 rectius
528 2329 618 2391 quam
646 2328 685 2370 ex
713 2309 882 2372 Aristotele
909 2310 1115 2392 philosophari
1147 2311 1274 2372 discent.
1320 2308 1479 2371 Absurdus
1512 2316 1561 2370 est
1590 2307 1751 2372 Aristoteli

391 2397 492 2461 libello
509 2399 547 2460 de
567 2396 703 2460 sensibili
717 2397 927 2477 Empedocles,
944 2401 1022 2479 quod
1036 2421 1182 2481 χριμαια
1197 2397 1308 2462 dixerit
1325 2392 1502 2479 ἀπορῤοιας.
1526 2397 1751 2460 Incommodum

392 2488 469 2550 enim
493 2493 602 2567 putat,
628 2486 773 2548 visionem
796 2486 859 2548 fieri
882 2507 948 2549 cum
973 2489 1076 2551 oculus
1100 2489 1212 2549 effluxu
1236 2486 1425 2549 scolaribus
1450 2486 1531 2548 facto
1556 2485 1749 2565 contingitur.

391 2578 433 2638 At
455 2576 486 2638 in
510 2576 590 2637 hauc
613 2583 698 2636 tuam
721 2576 878 2637 obscuram
901 2595 1053 2638 cameram
1075 2578 1239 2651 intueatur,
1263 2576 1380 2638 videbit
1401 2575 1548 2654 parietem
1561 2573 1655 2654 tangi,
1680 2573 1751 2655 quin

392 2664 482 2745 igitur
504 2663 609 2725 oculus
633 2664 717 2742 tangi
741 2665 863 2743 possit?
900 2664 996 2735 Quem
1020 2685 1092 2727 vero
1116 2664 1182 2743 ipse
1201 2663 1365 2726 introducit
1387 2671 1499 2725 motum
1522 2662 1613 2723 medii
1637 2663 1751 2725 factum

392 2775 411 2815 a
430 2752 585 2826 sensibili,
609 2751 636 2812 is
651 2771 745 2831 neque
770 2752 898 2834 intelligi
921 2762 1023 2833 potest
1038 2763 1069 2815 et
1083 2754 1151 2832 ipsa
1174 2754 1334 2815 emissione
1358 2753 1445 2831 longe
1465 2759 1514 2812 ιιι
1528 2751 1751 2814 incommodior.

391 2841 433 2905 Ut
446 2849 579 2909 ιιιιιιι,
604 2841 682 2921 quod
706 2840 887 2920 diaphanum
910 2843 949 2904 ab
973 2861 1007 2903 eo
1032 2842 1076 2904 sic
1099 2842 1247 2916 definitur,
1272 2860 1308 2903 ιι
1331 2839 1357 2901 si
1380 2846 1463 2902 esset
1482 2857 1550 2916 vox,
1574 2847 1609 2901 ιι
1622 2839 1751 2919 loquun-

392 2941 447 3001 tur,
469 2928 606 3011 positiva
628 2929 671 2992 rei
694 2928 733 2990 ad
749 2929 891 2992 visionem
907 2930 1107 3004 necessariae,
1131 2949 1196 2991 cum
1220 2929 1261 2992 sit
1284 2928 1435 3010 privativa
1459 2928 1502 2990 rei
1525 2926 1602 2989 visui
1622 2927 1751 2990 obstan·

393 3018 440 3095 tis,
464 3017 631 3098 opacitatis
650 3016 776 3092 scilicet,
801 3037 856 3079 uec
880 3017 948 3080 ideo
964 3018 1143 3100 diaphanum
1167 3019 1281 3097 aliquid
1304 3018 1353 3092 sit,
1379 3015 1529 3098 qnialuce
1545 3015 1751 3090 collustratur,

391 3107 443 3170 sed
461 3106 535 3188 quia
557 3106 777 3186 superficierum
802 3107 1048 3187 confragositate,
1074 3108 1174 3170 colore
1198 3115 1230 3169 et
1254 3124 1359 3169 crassa
1382 3104 1534 3167 densitate
1559 3112 1659 3180 vacat,
1683 3104 1751 3167 siue

392 3206 530 3276 respectu
554 3193 642 3257 lucis.
688 3194 753 3257 Imo
778 3195 829 3257 lux
852 3196 1033 3258 collustrans
1065 3196 1217 3276 pellucida
1247 3195 1407 3276 plurimum
1435 3192 1528 3256 officit
1552 3191 1639 3255 visui.
1687 3190 1750 3255 Sed

393 3284 428 3346 de
449 3283 499 3346 his
522 3302 615 3363 supra
638 3281 668 3345 in
692 3281 772 3345 notis
796 3284 834 3344 ad
858 3293 949 3363 capnt
977 3283 1116 3366 primum.
1164 3283 1306 3347 Ceterum
1329 3284 1367 3344 de
1390 3282 1478 3345 modo
1507 3280 1633 3343 visionis
1659 3279 1750 3361 paulo

393 3371 561 3436 accuratum
584 3371 678 3433 verba
701 3379 762 3445 tua,
787 3372 890 3447 Porta,
915 3373 1134 3435 consideranda
1157 3383 1236 3435 sunt.
1271 3383 1355 3449 Hinc,
1378 3370 1485 3452 inquis,
1510 3386 1603 3451 petat,
1632 3395 1749 3452 quonam

391 3474 439 3528 iat
456 3472 529 3528 visio
548 3472 629 3536 loeo,
657 3469 688 3522 ιι
710 3469 818 3539 ριιιιι
842 3461 1010 3541 explicans,
1033 3472 1235 3537 intromittitur,
1263 3461 1376 3539 inquis,
1405 3470 1507 3525 idolum
1527 3486 1579 3540 par
1603 3467 1749 3540 pupillam,

391 3552 602 3631 perforamen
627 3567 736 3622 oveas,
765 3560 907 3615 fenestrae
935 3560 1076 3616 foraminis
1101 3560 1206 3626 instem
1232 3563 1373 3633 vicemque
1399 3560 1508 3616 obtinet
1533 3558 1665 3622 tabulae,
1687 3574 1749 3628 cry·
1864 3615 1868 3621 ,

392 3650 524 3706 stallinae
544 3649 683 3720 sphaerae
704 3648 805 3719 portio.
829 3638 912 3718 Ergo
936 3639 963 3699 si
988 3648 1017 3699 te
1042 3639 1117 3700 bene
1146 3640 1249 3720 capio,
1274 3640 1356 3703 tusi
1385 3636 1664 3716 interrogansque
1689 3646 1749 3702 looo

393 3728 465 3791 visio
484 3727 550 3802 fiat,
573 3726 779 3806 respondebis,
803 3737 832 3791 in
853 3736 996 3807 superficie
1017 3737 1174 3809 crystallini
1198 3748 1251 3791 ιιι
1275 3729 1305 3791 in
1330 3727 1445 3789 tabula.
1475 3724 1566 3786 Dices
1582 3723 1660 3785 enim
1674 3721 1749 3784 visi·

393 3835 476 3882 ouem
498 3835 539 3878 err
562 3834 598 3877 eo
621 3813 756 3895 picturae
779 3834 889 3895 genere
914 3833 994 3889 esse,
1019 3816 1096 3895 quod
1121 3816 1176 3878 hoc
1201 3824 1253 3879 tuo
1276 3816 1375 3899 capite
1399 3821 1487 3876 serto
1503 3810 1667 3886 tradidisti,
1691 3828 1747 3890 ego

392 3925 481 3988 supra
504 3922 572 3984 cap.
588 3904 631 3966 11.
656 3902 869 3967 demonstravi.
916 3904 951 3964 In
976 3903 1025 3964 via
1048 3924 1121 3966 sane
1145 3915 1175 3967 te
1199 3924 1267 3967 esse
1299 3912 1400 3986 patet,
1434 3921 1503 3964 nam
1526 3901 1632 3962 eadem
1656 3898 1750 3960 verba

392 4012 482 4077 sopra
501 3993 578 4057 Nro.
599 3989 630 4054 2.
655 3993 814 4073 usurpavi:
839 3992 878 4053 ad
899 3993 997 4054 locum
1020 4011 1091 4053 vero
1116 3993 1299 4055 destinatum
1322 3991 1494 4073 pervenisse
1514 3987 1593 4050 haud
1613 3986 1748 4049 dixemus.

392 4081 470 4147 Saue
494 4083 523 4144 si
546 4081 595 4143 hic
618 4101 740 4162 scopum
764 4083 854 4143 fisum
871 4081 978 4154 habes,
1003 4080 1028 4141 si
1052 4101 1110 4143 ιιι
1126 4082 1206 4143 ιΙιιι
1220 4082 1427 4165 crystallinum
1447 4075 1614 4152 descendis,
1639 4075 1749 4137 errasti

390 4171 553 4235 sententia.
606 4170 786 4251 Respondes
819 4170 952 4251 quidem:
984 4181 1012 4235 in
1032 4182 1133 4237 nostris
1155 4183 1253 4253 optieis
1275 4181 1362 4238 tirsius
1383 4180 1555 4235 declaratum
1575 4182 1632 4233 aab:
1671 4183 1748 4246 quae

393 4260 462 4326 nihi
486 4259 649 4340 diligenter
671 4258 814 4342 inquisita
828 4259 929 4321 videre
954 4279 1012 4320 non
1027 4260 1164 4339 contigit
1201 4260 1325 4324 Interim
1341 4257 1520 4338 conjecturis
1540 4274 1612 4317 usus
1630 4270 1746 4328 vereor,

391 4358 423 4412 ιι
443 4350 494 4412 rel
517 4349 549 4411 in
572 4344 681 4428 opticis
704 4348 795 4410 fueris
819 4366 881 4410 rem
909 4346 1007 4426 ipsam
1031 4357 1199 4411 assecutus.
1245 4347 1324 4412 Nam
1352 4367 1404 4411 cur
1435 4345 1484 4407 hic
1517 4345 1600 4407 nulla
1631 4343 1748 4426 refrac-

391 4438 504 4504 tionum
527 4435 665 4500 mentio?
697 4457 763 4499 enm
786 4445 879 4516 caput
905 4434 954 4498 10.
980 4437 1171 4517 deputaveris
1196 4437 1390 4520 crystallinae
1415 4434 1503 4496 lentis
1527 4429 1745 4501 affectionibus,

391 4542 480 4610 caput
508 4526 559 4590 ll.
583 4525 728 4605 specillis,
752 4533 844 4606 caput
871 4522 920 4587 13.
943 4524 1023 4604 pilae
1039 4526 1251 4606 crystallinae:
1277 4545 1328 4589 cnr
1351 4524 1399 4587 hic
1422 4523 1534 4584 nullam
1556 4520 1647 4601 plane
1669 4517 1746 4578 visi-

391 4617 455 4679 onis
478 4614 562 4680 modi
585 4613 662 4678 facis
685 4613 889 4677 mentionem?
934 4613 977 4675 Et
998 4632 1054 4693 per
1076 4632 1109 4674 se
1132 4615 1265 4693 proclive
1289 4623 1352 4682 est,
1383 4611 1448 4674 viso
1473 4609 1599 4672 artifieio
1619 4607 1671 4670 illo
1696 4615 1747 4667 tuo

392 4704 499 4788 capitis
521 4703 567 4768 tui
590 4701 679 4778 sexti,
704 4704 808 4765 statim
832 4701 889 4763 hac
912 4702 1106 4781 persuasione
1128 4704 1277 4784 occupari,
1302 4702 1447 4766 visionem
1461 4698 1581 4779 penitus
1596 4697 1653 4758 hoc
1669 4693 1747 4757 arti-

393 4794 454 4858 ieio
481 4792 596 4876 perfici.
642 4793 714 4871 Ipse
742 4811 814 4871 ego,
850 4790 985 4872 quamvis
1019 4791 1173 4870 duplicato
1204 4791 1348 4863 artificio,
1382 4790 1523 4868 adjuncto
1557 4803 1663 4864 nempe
1694 4782 1747 4846 illo

395 4901 475 4966 prop.
499 4901 586 4946 meae
610 4878 665 4946 23.
689 4880 890 4962 praemissae,
925 4880 1003 4960 quod
1036 4899 1056 4939 a
1083 4889 1113 4941 te
1143 4901 1201 4944 uon
1229 4890 1278 4943 est
1306 4879 1434 4941 relatum
1467 4876 1563 4956 (quod
1593 4872 1750 4935 confirmat

396 4992 488 5036 mesru
509 4970 730 5052 suspicionem,
764 4988 830 5031 cum
862 4967 988 5031 visionis
1023 4969 1128 5030 modus
1161 4970 1226 5031 siue
1251 4991 1286 5032 ιι
1314 4968 1502 5030 innotescere
1534 4983 1591 5024 non
1623 4960 1747 5041 possit),

397 5072 493 5125 umen
519 5061 551 5124 iu
580 5059 639 5123 hac
664 5057 861 5141 persuasione
893 5057 1004 5122 multus
1031 5057 1089 5128 fui,
1119 5058 1266 5122 visionem
1293 5076 1352 5122 non
1386 5074 1453 5117 esso
1486 5052 1644 5135 quicquam
1658 5049 1749 5146 ‘aliud
