4584 6192
466 584 509 654 72
886 589 986 639 Literae
1004 588 1106 651 Kepleri
1125 589 1276 652 aliorumque
1294 595 1394 637 mutuae

465 767 531 820 sicut
548 767 573 815 in
598 762 738 828 principio?
765 763 927 828 Mapondes:
955 766 1014 829 quia
1037 765 1120 815 radius
1142 765 1237 815 invenit
1265 763 1358 815 nullam
1385 765 1541 829 superficiem
1562 769 1621 814 actu
1640 766 1707 814 iutra
1724 779 1822 828 corpu.

465 838 504 888 vel
522 838 543 886 si
562 838 605 895 vis,
624 836 682 900 quia
700 836 793 885 invenit
810 838 881 899 quasi
903 836 1012 885 infinitas
1031 837 1186 899 superficies,
1203 835 1317 886 videlicet
1335 837 1361 884 iu
1379 839 1446 886 omni
1468 837 1602 901 positione,
1626 838 1707 885 nescit
1728 836 1823 888 radius.

466 923 514 974 quo
533 923 560 958 se
578 912 660 957 vertat
679 912 705 957 et
723 907 777 956 ideo
796 915 853 970 post
870 909 974 970 primaru
993 908 1138 957 tractionem
1151 910 1176 956 irr
1195 907 1323 970 superficie
1340 908 1451 972 procedit
1463 910 1516 958 sine
1535 907 1587 956 alia
1604 906 1710 957 flexione
1731 907 1825 957 directe

467 980 500 1030 ad
518 984 637 1043 punctum
656 977 685 1026 G.
722 976 803 1033 Dico,
830 979 894 1041 quod
922 980 1002 1043 magis
1030 986 1096 1028 esset
1114 995 1156 1042 pro
1183 978 1310 1027 commodo
1337 979 1417 1036 radii,
1445 986 1473 1029 ut
1495 978 1589 1027 directe
1615 978 1762 1041 procederet
1780 992 1825 1042 per

466 1050 559 1101 lineam
577 1048 623 1099 BD
642 1050 668 1097 iu
686 1049 814 1111 principio,
833 1064 906 1113 quam
924 1050 1002 1099 tracte
1021 1049 1155 1106 declinare,
1174 1065 1230 1100 cum
1248 1050 1341 1098 nullam
1361 1064 1463 1099 causam
1486 1049 1595 1098 iuvenire
1613 1054 1695 1111 potest
1713 1050 1738 1097 iu
1758 1050 1825 1112 priu-

468 1123 542 1186 cipio,
562 1122 620 1185 quin
639 1120 727 1169 eadem
746 1119 857 1169 obviaret
873 1122 899 1170 iu
922 1123 1041 1177 transitu,
1066 1121 1162 1172 scilicet
1186 1121 1388 1184 impedimentum
1410 1121 1583 1177 resistentiae,
1611 1127 1711 1169 etcum
1736 1120 1826 1169 eadem

468 1194 501 1243 sit
518 1192 607 1256 ubique
625 1192 779 1248 resistentia,
804 1191 892 1241 eadem
911 1200 977 1242 esset
995 1191 1099 1241 dellexio
1117 1200 1244 1256 perpetuo.
1282 1191 1332 1242 Sed
1350 1191 1408 1256 quid
1426 1192 1474 1241 lroc
1493 1198 1519 1241 et
1541 1190 1682 1255 quomodo?
1714 1191 1828 1255 Expecta

470 1271 497 1313 et
515 1262 618 1314 attende
636 1276 775 1326 parumper.
812 1262 977 1312 Revertamur
995 1265 1026 1313 ad
1045 1265 1141 1313 initium
1160 1265 1201 1312 ubi
1220 1264 1406 1326 incipiebamus.
1435 1262 1543 1323 Quando
1561 1261 1644 1310 radius
1658 1262 1702 1310 AB
1721 1263 1829 1312 teriebat

468 1334 624 1399 superficiem
642 1334 712 1382 densi
730 1333 847 1396 diapbani
866 1336 891 1383 in
911 1342 1002 1398 puncto
1020 1334 1042 1383 B
1062 1341 1088 1383 et
1104 1335 1289 1400 ingrediebatur
1305 1335 1421 1392 retracta,
1440 1349 1545 1399 quaero,
1565 1346 1598 1382 arr
1617 1333 1704 1382 eodem
1723 1334 1828 1382 instanti

470 1406 502 1456 ab
529 1406 616 1455 eodem
643 1411 735 1468 puncto
762 1404 784 1453 B
812 1405 956 1455 reflectatur
982 1401 1085 1457 uecnei
1123 1407 1197 1467 Quod
1223 1405 1359 1455 reflectitur
1390 1406 1525 1455 secundum
1553 1403 1672 1469 angulum
1697 1404 1828 1469 aequalem

469 1476 631 1533 incidentiae,
651 1490 700 1524 uon
720 1482 758 1524 est
777 1475 957 1533 dubitandumc
985 1479 1138 1541 experientia
1156 1478 1232 1527 etiam
1252 1476 1336 1534 docet,
1365 1478 1428 1526 oculi
1447 1478 1547 1526 rident:
1567 1474 1611 1524 sed
1629 1474 1729 1524 dubium
1749 1482 1830 1525 restat

469 1548 501 1598 de
520 1547 653 1596 identitate
680 1548 796 1609 temporis
820 1554 846 1596 et
870 1549 963 1610 puncti.
1000 1549 1058 1599 ,lam
1086 1564 1135 1597 nou
1163 1548 1262 1598 dabitur
1289 1550 1414 1612 responsio
1439 1549 1493 1597 sine
1521 1545 1634 1598 absurdo.
1671 1545 1737 1595 Nam
1763 1546 1830 1596 idem

469 1623 589 1684 punctum
607 1622 674 1667 esset
700 1618 770 1666 radio
797 1619 905 1681 pervium
925 1625 951 1668 et
973 1619 1101 1670 resistibile
1130 1620 1216 1669 eodem
1235 1622 1354 1682 instante,
1381 1625 1407 1668 et
1435 1619 1524 1669 eadem
1546 1633 1605 1682 pars
1633 1618 1695 1667 radii
1720 1624 1787 1667 esset
1804 1618 1830 1666 in

472 1688 566 1739 duobus
585 1687 645 1737 locis
664 1688 753 1744 simul,
781 1688 819 1737 vel
842 1691 867 1738 in
894 1690 994 1740 diversit
1022 1691 1187 1747 instantibus3
1212 1698 1342 1754 utrumque
1369 1696 1478 1740 mutaret
1505 1696 1628 1740 naturam.
1667 1687 1733 1749 Quid
1755 1689 1832 1754 igitur

471 1758 690 1824 respondendum?
720 1759 781 1808 Com
800 1774 852 1809 uua
876 1775 933 1824 pars
961 1763 1163 1811 contradictionis
1182 1768 1221 1812 est
1247 1761 1320 1820 iulsa,
1348 1762 1488 1812 necessario
1515 1762 1626 1826 sequitur
1652 1760 1757 1810 alteram
1776 1773 1832 1809 esse

471 1844 564 1882 reram.
600 1829 694 1879 Restat
712 1830 852 1889 dicendum,
870 1833 936 1881 idem
955 1840 1073 1896 puuctum
1092 1849 1141 1883 nou
1160 1847 1214 1883 esse
1232 1833 1301 1881 radio
1319 1835 1428 1896 pervium
1447 1839 1474 1882 et
1497 1831 1639 1885 resistibile,
1657 1845 1704 1881 uec
1723 1831 1830 1881 eundem

475 1902 571 1951 radium
589 1916 691 1950 numero
709 1902 834 1952 reflectis
852 1904 981 1967 superficie
999 1905 1068 1954 densi
1087 1904 1205 1968 diapbaui
1220 1919 1250 1955 ac
1268 1904 1340 1953 simul
1358 1904 1434 1967 recipi
1451 1906 1518 1953 iutra
1536 1916 1631 1966 corpus·
1658 1902 1723 1967 Ergo
1743 1917 1832 1966 corpus

477 1973 581 2023 densum
600 1972 760 2036 diaphaunm,
780 1974 845 2037 quod
863 1989 937 2024 seusu
955 1975 1050 2025 ridetur
1068 1991 1122 2025 esse
1141 1978 1284 2025 continuum
1296 1989 1341 2038 per
1358 1991 1443 2024 omnes
1461 1982 1553 2038 parter,
1572 1988 1599 2023 re
1611 1988 1669 2023 cera
1687 1975 1832 2023 continuum

475 2058 524 2094 uon
539 2051 587 2100 est,
600 2043 644 2092 sed
656 2043 733 2092 babet
747 2051 830 2107 partes
843 2059 980 2109 corporeas,
1000 2061 1064 2109 quae
1076 2047 1152 2096 radiis
1170 2049 1296 2102 resistunt,
1316 2052 1342 2095 et
1354 2054 1437 2110 partes
1455 2048 1611 2110 incorporeas
1629 2044 1704 2094 radiis
1720 2045 1832 2108 pervias:

476 2116 513 2164 ita
531 2121 560 2164 ut
578 2115 694 2164 retractio
713 2114 774 2164 nibil
793 2116 860 2165 aliud
879 2118 911 2166 sit
930 2132 1004 2181 quam
1021 2119 1121 2168 iuterna
1138 2118 1247 2175 reflexio,
1266 2125 1292 2167 et
1310 2131 1366 2181 pars
1383 2118 1446 2166 radii
1464 2119 1528 2166 intro
1541 2122 1651 2180 recepta,
1671 2117 1716 2165 etsi
1735 2115 1834 2164 ridetur

474 2187 559 2236 sensui
579 2199 633 2234 esse
652 2191 729 2240 recta.
750 2194 892 2238 esttamen
911 2190 1047 2252 composita
1066 2204 1096 2239 ex
1113 2189 1204 2239 multis.
1241 2189 1289 2239 Hic
1307 2190 1376 2238 sisto.

566 2255 607 2305 Ita
624 2256 719 2319 placuit
731 2259 755 2306 iu
776 2260 973 2323 argumentando
991 2260 1085 2310 ludere.
1116 2259 1142 2310 Si
1155 2262 1239 2324 inepte
1251 2261 1307 2316 teci,
1327 2262 1433 2323 imputes
1450 2260 1576 2323 praesenti
1588 2272 1660 2308 meae
1679 2256 1833 2313 infirmitatie

472 2327 529 2376 loco
547 2326 687 2378 medicinae
714 2330 811 2378 animur
838 2330 984 2393 quandoque
1012 2331 1121 2381 reficitur
1147 2332 1272 2397 nugaudo.
1308 2331 1365 2382 Janr
1384 2330 1442 2380 duxi
1459 2337 1485 2379 te
1504 2330 1536 2379 ad
1559 2330 1623 2379 iores
1654 2322 1834 2377 domiciliorum

473 2404 588 2457 naturae,
608 2399 651 2447 ubi
670 2398 750 2448 latent
769 2404 823 2462 ejus
842 2414 945 2450 arcana.
979 2401 1005 2450 Si
1023 2417 1072 2452 uon
1090 2404 1169 2467 possis
1188 2404 1280 2452 intrare
1299 2410 1397 2466 propter
1414 2401 1510 2451 illavuur
1529 2401 1667 2467 angustias,
1686 2405 1714 2448 tn
1733 2398 1833 2449 mathe-

474 2471 568 2519 matice
587 2469 705 2519 abstrahe
723 2477 750 2519 et
768 2470 887 2521 contrahe
905 2479 932 2521 te
950 2472 1029 2536 ipsum
1047 2476 1072 2524 iu
1092 2482 1210 2532 atomum,
1230 2480 1256 2523 et
1273 2474 1376 2523 intrabis
1398 2472 1481 2523 tacile.
1519 2473 1551 2521 Et
1569 2479 1700 2537 postquam
1718 2484 1835 2535 egressus

473 2555 509 2597 es,
528 2540 568 2590 dic
585 2540 644 2589 mihi
662 2554 728 2604 quae
745 2542 869 2591 mirabilia
886 2543 974 2592 vidisti.

565 2610 638 2672 Quod
657 2612 690 2660 ad
708 2611 835 2662 colores
855 2616 961 2671 attinet,
980 2616 1005 2664 iu
1024 2616 1120 2665 illorum
1144 2618 1240 2666 ratione
1264 2621 1433 2681 magnasunt
1451 2615 1571 2678 mysteria
1588 2628 1637 2662 nou
1654 2613 1719 2662 illico
1738 2625 1834 2676 erpan-

475 2681 568 2732 denda.
605 2680 656 2731 Sed
674 2683 773 2746 quando
792 2686 937 2748 rescripsero
957 2686 987 2735 de
1006 2688 1105 2744 iride,
1125 2688 1217 2737 ridebis
1236 2684 1312 2751 (quae
1324 2701 1391 2738 nuuc
1403 2700 1420 2735 a
1436 2685 1621 2749 peripatheticie
1634 2699 1683 2733 rrou
1696 2680 1835 2743 credenda)

473 2755 585 2804 rationes
615 2759 641 2803 et
670 2767 759 2803 causas
787 2758 840 2817 clos
868 2757 989 2817 turmales,
1017 2760 1140 2821 proximas
1160 2766 1185 2808 et
1211 2758 1383 2813 immediatas,
1412 2764 1438 2806 et
1464 2757 1575 2806 similiter
1593 2756 1623 2806 cle
1648 2755 1733 2803 multis
1759 2754 1836 2805 rebus

473 2824 593 2889 physicis,
612 2825 662 2873 suis
676 2824 736 2873 locis
755 2828 901 2883 tractandis,
920 2829 941 2877 si
954 2827 1024 2878 Deus
1037 2831 1080 2878 det
1098 2831 1168 2879 uobis
1187 2830 1263 2878 otium
1276 2834 1302 2878 et
1320 2830 1433 2879 salutem.
1461 2827 1563 2878 Interim
1581 2827 1706 2891 patienter
1719 2831 1834 2888 expecta.

475 2897 530 2946 Hoc
549 2901 633 2944 tamen
652 2897 683 2946 de
702 2897 763 2947 iride
782 2913 848 2948 nunc
867 2898 930 2956 dico,
949 2901 1013 2963 quod
1026 2915 1104 2950 causa
1123 2900 1318 2951 demonstranda
1334 2907 1374 2950 est
1385 2901 1410 2949 iu
1423 2913 1475 2949 uua
1492 2898 1601 2964 guttula,
1618 2912 1663 2962 per
1675 2897 1837 2947 rademonem

476 2968 501 3017 in
521 2979 633 3015 concava
650 2968 780 3031 superficie
800 2976 825 3018 et
843 2969 1017 3020 reltactiuuem
1036 2973 1061 3021 in
1081 2986 1198 3039 convexa
1223 2969 1291 3022 Nihil
1310 2979 1394 3021 tamen
1407 2971 1455 3021 dixi
1472 2971 1503 3021 ob
1521 2971 1646 3034 mysteria,
1666 2982 1731 3034 quae
1743 2967 1835 3018 latent.

476 3036 567 3087 Cetera
585 3036 723 3088 differenda
740 3040 766 3089 iu
785 3040 852 3089 aliud
870 3047 975 3105 tempus.

563 3108 633 3160 Bene
653 3109 726 3159 Vale.
764 3109 870 3160 Londiui
888 3112 911 3161 d.
932 3110 957 3159 2.
977 3109 1040 3163 Dec.
1064 3108 1139 3162 rint.

566 3232 760 3314 Responsum
793 3243 894 3309 tuum,
920 3246 1031 3295 rescribit
1047 3244 1220 3309 Krptssus,
1239 3236 1382 3299 Harriote
1406 3235 1611 3312 celeberrime,
1636 3235 1738 3315 magni
1761 3234 1835 3298 tbe-

477 3322 560 3385 sauri
583 3322 650 3384 loco
674 3332 706 3384 ct
729 3325 887 3406 amplexus
911 3346 977 3389 sum
1001 3335 1033 3388 et
1055 3325 1234 3387 custodiam.

567 3410 667 3473 Multa
695 3411 724 3475 iu
756 3413 872 3475 tabella
904 3435 969 3477 sum
1000 3414 1140 3489 miratus,
1170 3433 1245 3496 quae
1278 3423 1370 3476 autea
1402 3413 1547 3494 ignorari.
1602 3411 1729 3476 Clavem
1761 3411 1867 3475 mrlri'

476 3508 649 3582 porrectam
677 3502 783 3582 opinor
810 3503 849 3563 ad
878 3503 1069 3584 inquirendas
1102 3504 1233 3566 latentes
1257 3521 1412 3583 corporum
1436 3511 1573 3564 naturas.
1629 3500 1707 3572 Quis
1732 3501 1835 3563 credi-

479 3589 592 3665 disset,
617 3590 743 3669 spiritus
770 3591 831 3653 vini
860 3593 1003 3672 majorem
1028 3612 1095 3654 esse
1118 3592 1329 3654 retractionem
1352 3611 1440 3672 quarn
1464 3591 1629 3654 torrtauae?
1665 3590 1709 3651 Et
1731 3599 1836 3652 tamen

478 3677 620 3758 analogia
643 3687 778 3758 perstat,
803 3682 897 3759 qnod,
922 3681 971 3743 ubi
996 3682 1082 3744 mixti
1113 3689 1185 3743 suut
1213 3681 1337 3762 spiritus
1361 3682 1420 3742 riui
1445 3689 1476 3742 et
1506 3700 1584 3760 aqua
1613 3680 1730 3751 (vinum
1755 3679 1835 3741 euim

479 3766 576 3829 exiis
600 3768 727 3830 mixtum
758 3787 825 3831 esse
855 3770 969 3832 iudicat
1001 3771 1180 3851 separatio),
1206 3770 1246 3832 ibi
1270 3779 1302 3832 et
1324 3770 1466 3833 retractio
1490 3768 1686 3830 intermediae
1710 3766 1836 3849 quanti-

479 3856 565 3919 tatis.
614 3855 736 3919 Salsum
759 3878 779 3920 a
802 3858 928 3921 fontana
957 3860 1115 3922 credebam
1149 3860 1262 3921 distare
1295 3860 1362 3920 sola
1385 3858 1567 3920 admixtione
1591 3858 1837 3938 corpusculorum

478 3944 552 4008 salis
575 3944 862 4025 heterogeneorum:
888 3948 918 4010 id
942 3949 967 4009 si
992 3957 1082 4024 esset,
1109 3968 1167 4010 nou
1192 3949 1312 4009 diversa
1336 3956 1419 4009 esset
1442 3947 1593 4020 retractio,
1618 3946 1725 4008 sedin
1750 3946 1837 4008 salsa

478 4034 687 4100 tantummodo
718 4035 872 4097 obscurior
895 4038 945 4099 lux
968 4038 1132 4111 incideret,
1168 4036 1353 4116 corpusculis
1377 4037 1450 4099 salis
1478 4036 1613 4099 umbram
1641 4034 1835 4097 iacientibus.

478 4126 524 4187 At
542 4123 609 4201 jam
632 4121 721 4185 video
746 4126 881 4187 diversas
904 4127 1113 4200 retractiones,
1139 4134 1227 4187 erunt
1247 4125 1338 4205 igitur
1357 4134 1389 4187 et
1419 4125 1556 4187 diversae
1581 4125 1837 4202 homogeueorum

477 4218 621 4285 naturae,
652 4220 684 4272 et
714 4213 798 4275 salsa
826 4214 959 4277 nativum
996 4217 1125 4278 colorem
1149 4213 1311 4285 obtinebit,
1347 4233 1415 4276 cunr
1438 4215 1557 4275 videam
1585 4213 1698 4286 calida,
1731 4212 1764 4274 id
1789 4218 1839 4275 est

479 4302 593 4371 cleosa,
618 4301 727 4363 ceteris
741 4303 863 4383 paribus
878 4304 1054 4382 grandiores
1073 4304 1185 4364 habere
1209 4303 1414 4365 retractiones.
1451 4302 1560 4366 Oleum
1578 4299 1838 4365 therebintbiuum

478 4387 643 4470 aequilibre
667 4398 715 4451 est
738 4412 834 4473 aquae
865 4392 1022 4466 fontanae,
1052 4392 1251 4472 nequeenim
1278 4393 1423 4471 mergitur
1453 4411 1548 4473 neque
1577 4398 1759 4471 supernatat
1781 4390 1839 4453 sed

477 4478 587 4559 ubique
611 4478 725 4542 haeret.
764 4480 884 4543 Mariua
907 4500 977 4543 vero
1002 4500 1080 4562 aqua
1102 4480 1223 4561 gravior
1238 4488 1286 4542 est
1309 4481 1434 4542 fontana
1453 4489 1485 4542 et
1502 4489 1603 4543 tamen
1627 4480 1725 4541 minor
1747 4479 1838 4560 hujus

477 4564 620 4633 retractio
645 4586 734 4646 quarn
757 4571 849 4633 illius.
897 4570 982 4631 Idem
1011 4570 1117 4631 mirum
1139 4569 1220 4630 circa
1247 4570 1425 4649 crystallum
1449 4579 1481 4631 et
1503 4570 1666 4631 succinum.
1712 4566 1838 4649 Ergone

477 4654 619 4721 retractio
643 4658 813 4721 olensitatis
838 4666 886 4721 est
910 4658 1054 4720 affectio?
1077 4659 1122 4720 At
1145 4659 1215 4737 quid
1239 4658 1410 4720 oleositatis
1435 4659 1464 4720 in
1489 4658 1636 4721 toutana?
1665 4658 1747 4720 Nutu
1771 4658 1838 4721 tor-

477 4754 561 4809 tasse
585 4744 797 4809 lentitudinis?
820 4748 930 4827 Atqui
949 4747 1094 4809 lentitudo
1109 4747 1139 4809 in
1155 4746 1261 4825 spiritu
1275 4746 1360 4807 viui?
1385 4745 1470 4817 Quae
1488 4748 1562 4810 item
1581 4746 1737 4828 proportio
1757 4746 1840 4809 inter

478 4836 620 4897 fontanae
641 4840 672 4895 et
692 4836 804 4898 succini
823 4835 1034 4909 lentitudines,
1055 4855 1130 4917 quae
1150 4854 1217 4897 cum
1237 4836 1429 4915 proportione
1447 4836 1661 4898 retractionum
1686 4833 1727 4898 12
1747 4843 1782 4897 et
1794 4831 1835 4898 21

477 4920 645 5004 comparari
664 4923 786 5002 possit?
808 4923 945 5004 Denique
965 4943 1032 4986 cum
1054 4924 1114 4986 riui
1134 4933 1165 4987 et
1185 4925 1264 4987 aceti
1288 4924 1485 4986 retractiones
1504 4925 1595 5006 paulo
1615 4922 1735 4986 varient
1752 4931 1840 4987 utet

478 5032 584 5094 aquae,
605 5011 748 5072 retractio
764 5031 820 5072 non
837 5022 886 5074 est
900 5012 1039 5075 accidens
1059 5014 1218 5094 specificae
1233 5014 1338 5077 horum
1351 5013 1507 5075 humorum
1526 5013 1725 5076 differentiae.
1750 5013 1838 5075 Haec

478 5109 510 5163 et
529 5101 591 5164 alia
609 5100 703 5160 multa
723 5101 900 5182 suppeditat
920 5101 993 5165 milri
1014 5102 1233 5166 consideranda
1251 5102 1367 5165 tabella
1386 5109 1448 5165 tua.
1482 5102 1646 5185 Reliquisti
1665 5121 1713 5165 me
1733 5109 1838 5168 tamen
