4584 6192
466 592 532 661 830
955 595 1129 646 ειειιιωιιι
1145 594 1209 646 rm
1227 594 1326 659 opaea

555 770 748 831 Manentibus
777 769 855 831 enim
884 772 994 833 ceteris
1023 778 1054 831 et
1087 768 1147 831 GH
1179 770 1350 849 eclipticam
1381 786 1484 829 veram
1511 772 1761 846 repraesentante
1788 785 1828 828 ex

467 860 497 921 Α
521 868 624 921 centro
649 860 771 927 Terrae,
796 859 840 918 lK
863 877 935 920 vero
959 860 1107 920 visibilem
1132 878 1170 919 ex
1192 860 1218 919 B
1244 860 1309 920 loco
1332 858 1363 918 iu
1387 856 1559 936 superficie,
1585 856 1626 916 sit
1649 856 1737 917 Luna
1758 855 1827 915 inl

467 950 516 1008 vel
540 948 578 1020 K,
605 948 648 1008 sic
672 954 706 1008 ιιι
729 955 884 1026 spectetur
908 967 945 1007 ex
968 949 994 1008 Β
1020 947 1106 1008 lineis
1120 948 1176 1021 BI,
1199 947 1258 1008 ΒΚ
1279 947 1310 1007 in
1335 946 1476 1025 ecliptica
1494 944 1641 1025 siquidem
1655 944 1826 1006 visibiliter.

470 1034 545 1099 Cum
570 1054 641 1115 ergo
665 1036 718 1109 Al,
744 1029 804 1096 ΑΚ
826 1045 977 1115 ponantur
1010 1037 1169 1115 aequales,
1202 1045 1234 1096 et
1256 1036 1331 1096 IBK
1354 1036 1395 1096 sit
1418 1054 1478 1094 una
1501 1040 1596 1106 recta,
1631 1041 1719 1094 erunt
1742 1032 1829 1105 AlK,

468 1124 545 1187 AKI
579 1133 610 1186 et
641 1144 744 1185 omnes
767 1125 798 1185 hi
822 1125 939 1204 anguli,
974 1145 1039 1186 cum
1071 1125 1163 1203 plano
1195 1144 1251 1203 per
1279 1124 1324 1185 IK
1356 1132 1458 1185 erecto
1491 1122 1667 1197 constituti,
1701 1122 1831 1183 invicem

470 1213 623 1293 aequales.
670 1214 715 1274 At
737 1213 768 1274 hi
792 1223 1025 1293 repraesentant
1056 1213 1227 1295 parallaxin
1258 1212 1444 1287 latitudinis,
1477 1212 1548 1292 quia
1569 1212 1596 1273 B
1621 1212 1704 1274 loeus
1728 1211 1830 1287 estin

469 1303 560 1386 plano
584 1301 687 1364 circuli
711 1302 890 1365 latitudinis.

560 1407 687 1483 Quarto,
713 1409 805 1488 quod
828 1406 1076 1489 longitudinis
1098 1407 1310 1486 parallaxin
1335 1406 1460 1479 attinet,
1485 1411 1705 1468 connectantur
1728 1403 1765 1481 (l,
1790 1406 1828 1469 Ε.

470 1498 512 1560 Ει
535 1499 576 1559 sit
594 1499 658 1578 jam
683 1495 765 1558 CBL
787 1506 898 1571 rectus,
924 1498 982 1559 erit
1004 1505 1035 1557 et
1059 1494 1129 1557 CBI
1154 1505 1264 1570 rectus,
1291 1496 1361 1575 quia
1376 1494 1428 1557 CB
1453 1495 1553 1556 estin
1577 1495 1669 1574 plano
1690 1495 1729 1555 ad
1745 1495 1832 1557 ABE

470 1588 593 1667 planum
623 1595 715 1648 recto.
762 1585 830 1648 Erit
861 1586 952 1665 igitur
980 1583 1063 1647 AOB
1096 1584 1263 1664 parallaxis
1297 1593 1411 1665 quanta
1444 1593 1492 1645 est
1523 1584 1653 1645 omnium
1685 1585 1828 1658 maxima,

472 1675 627 1737 occidente
651 1676 737 1736 Luna
770 1676 809 1735 ad
841 1676 954 1747 visum,
987 1694 1081 1754 eaque
1104 1675 1134 1735 in
1167 1674 1276 1735 circulo
1305 1673 1442 1735 verticali
1467 1692 1519 1734 seu
1542 1675 1739 1750 μηκοιιλατης.
1786 1673 1829 1734 Ει

473 1765 542 1845 quia
567 1761 651 1825 CEA
675 1772 777 1825 rectus
811 1768 874 1837 (est
903 1765 981 1826 enim
1008 1764 1073 1843 jam
1099 1761 1123 1825 (l
1149 1762 1177 1824 in
1201 1764 1292 1842 plano
1315 1762 1390 1825 IOK
1415 1762 1453 1823 ad
1476 1762 1599 1841 planum
1622 1762 1707 1824 ABF
1729 1764 1830 1836 recto)

472 1863 505 1917 et
526 1850 612 1915 ACE
634 1853 800 1931 parallaxis
823 1854 1003 1928 latitudiuis,
1029 1852 1087 1913 erit
1100 1849 1182 1913 ECB
1197 1851 1392 1931 longitudinis
1416 1851 1446 1911 in
1469 1851 1634 1926 horizonte,
1659 1851 1729 1931 quia
1743 1850 1830 1913 BEA

471 1952 583 2005 rectus.
622 1941 666 2004 Ut
689 1950 790 2003 antem
812 1943 894 2004 sinus
919 1951 1002 2003 totus
1026 1941 1064 2001 ad
1088 1941 1185 2002 sinum
1208 1941 1373 2002 distantiae
1397 1941 1500 2001 zenith
1524 1962 1542 2001 a
1563 1940 1634 2020 polo
1659 1940 1830 2020 eclipticas,

470 2031 515 2093 ita
538 2031 595 2093 AB
619 2030 701 2091 sinus
725 2031 892 2111 parallaxis
915 2032 1021 2093 totalis
1044 2030 1075 2091 iu
1098 2030 1253 2091 horizonte
1277 2030 1316 2090 ad
1338 2029 1393 2091 BE
1418 2029 1516 2090 sinum
1537 2029 1703 2108 parallaxis
1727 2030 1830 2107 longi-

472 2120 585 2183 tudinis
608 2119 639 2181 in
662 2119 828 2182 horizonte.
875 2118 938 2181 Sed
962 2121 1052 2182 etiam
1077 2127 1110 2180 ut
1134 2117 1189 2180 GE
1219 2120 1257 2179 ad
1289 2120 1385 2180 sinum
1418 2118 1520 2197 anguli
1544 2116 1643 2190 CBE,
1675 2117 1722 2178 vel
1747 2115 1829 2190 CBI,

472 2208 648 2271 distantiam
663 2208 768 2270 Lunae
794 2231 812 2270 a
836 2212 1029 2289 nonagesimo
1054 2208 1203 2270 visibilem
1227 2217 1506 2287 quantamcumque,
1532 2207 1576 2269 sic
1600 2205 1654 2268 ΒΕ
1678 2206 1718 2267 ad
1732 2206 1832 2268 sinum

472 2299 573 2378 auguli
587 2295 670 2360 BCE
689 2318 742 2359 seu
761 2299 928 2379 parallaxin
949 2298 1143 2377 longitudinis
1166 2297 1384 2377 respondentis,
1406 2297 1493 2377 idque
1514 2317 1552 2357 ex
1571 2295 1709 2357 doctrina
1731 2296 1831 2358 trian-

473 2389 618 2468 gulorum.
665 2386 776 2466 Igitur,
812 2388 910 2467 quoad
938 2406 1126 2468 processum,
1151 2405 1189 2446 ex
1211 2387 1372 2469 hypothesi
1400 2395 1532 2447 motuum
1556 2384 1718 2447 Lunarium
1742 2385 1832 2446 datur

472 2477 627 2557 proportio
651 2474 708 2538 Ac
733 2477 772 2536 ad
795 2477 862 2538 AB.
909 2475 958 2537 Ex
981 2476 1142 2537 altitudine
1167 2494 1238 2538 vero
1263 2472 1450 2555 nonagesimi
1473 2493 1527 2554 per
1550 2473 1718 2535 doctrinam
1740 2473 1830 2553 primi

472 2565 592 2627 mobilis
622 2583 675 2625 seu
703 2564 840 2625 tabulam
865 2562 1023 2644 Copernici
1058 2560 1203 2639 f01.lt.,
1229 2565 1318 2626 datur
1341 2563 1399 2626 ΑΕ
1423 2572 1455 2624 ει
1477 2563 1570 2633 All),
1604 2564 1758 2643 operando
1782 2562 1831 2623 vel

472 2673 526 2734 per
549 2654 633 2714 sinus
648 2652 695 2713 vel
717 2672 771 2731 per
789 2654 924 2715 tabulam
939 2653 1089 2733 Tychonis
1104 2653 1334 2733 parallacticam
1355 2654 1407 2714 fol.
1426 2652 1499 2717 120.
1513 2653 1829 2733 Progymnasmatnm.

472 2742 515 2804 Et
538 2742 607 2820 quia
630 2738 714 2803 AEO
739 2750 839 2804 rectus
863 2750 896 2803 ut
919 2752 951 2803 et
972 2743 1068 2817 ΑΕΒ,
1093 2751 1125 2803 ει
1146 2740 1242 2817 ΑΟΕ,
1268 2743 1341 2805 ΑΙΕ
1365 2743 1526 2822 aequales,
1550 2741 1618 2801 ideo
1642 2742 1754 2803 dantur
1774 2739 1831 2803 ΕΟ

473 2839 506 2891 ει
520 2830 584 2891 ΕΒ.
612 2831 656 2892 Et
678 2830 747 2910 quia
772 2828 852 2893 GBE
877 2840 987 2906 rectus,
1013 2832 1104 2892 datur
1126 2830 1194 2892 hinc
1218 2840 1250 2892 et
1272 2849 1327 2911 per
1350 2828 1420 2892 GBI
1443 2830 1610 2910 parallaxis
1633 2829 1831 2909 longitudinis

473 2916 555 2981 ΒΟΕ
588 2920 627 2980 ad
660 2939 865 3000 quamcunque
898 2911 1155 2993 altitudinem.⁸')
1202 2917 1283 2990 Quia
1313 2938 1385 2981 vero
1410 2919 1466 2981 Ac
1498 2927 1547 2980 est
1576 2918 1684 2997 exiguo
1715 2918 1833 2999 longior

475 3026 563 3088 quam
577 3005 643 3081 ΕΟ,
667 3026 777 3087 operae
797 3008 926 3088 pretium
948 3027 1065 3070 rursum
1089 3015 1138 3068 est
1161 3008 1278 3082 videre,
1304 3016 1433 3088 quantus
1457 3026 1541 3070 error
1563 3007 1781 3076 committatur,
1806 3006 1832 3068 si

473 3095 530 3159 AC
563 3116 617 3177 pro
640 3095 694 3159 ΕΟ
728 3104 896 3177 usurpetur.
941 3097 1073 3159 Rursum
1106 3103 1224 3172 autem,
1258 3098 1377 3177 quando
1399 3097 1453 3158 BF
1481 3103 1530 3158 est
1552 3091 1631 3171 45⁰,
1665 3115 1750 3159 error
1783 3104 1834 3157 est

474 3188 632 3248 maximus.
678 3186 759 3247 Nam
782 3187 808 3247 si
831 3185 857 3246 Β
882 3186 922 3247 εἰι
946 3187 976 3247 in
1000 3188 1049 3260 M,
1083 3193 1155 3248 tunc
1177 3183 1232 3248 ΕΟ
1266 3194 1297 3247 ει
1325 3182 1381 3248 AO
1413 3185 1595 3247 coincidunt.
1642 3183 1696 3246 Sin
1728 3193 1832 3247 autem

475 3274 505 3336 in
529 3276 563 3348 F,
588 3283 659 3335 tunc
684 3274 766 3336 nulla
790 3282 839 3334 est
860 3275 1027 3353 parallaxis
1052 3273 1256 3353 longitudinis.
1305 3273 1354 3336 Sit
1376 3274 1423 3336 AI
1446 3270 1490 3336 54
1513 3274 1743 3343 semidiametri,
1775 3272 1834 3334 erit

473 3364 546 3425 ΑΙΕ
569 3360 624 3425 45⁴
653 3362 703 3424 lu.
738 3361 839 3433 Quare
863 3362 906 3425 ΕΙ
930 3364 976 3424 νει
1000 3362 1054 3424 ΕΟ
1079 3358 1245 3425 5399532.
1277 3361 1362 3433 Quae
1386 3362 1467 3426 linea
1489 3381 1556 3425 cum
1579 3361 1633 3423 ΕΒ
1658 3382 1716 3424 nou
1742 3361 1832 3423 dimi-

474 3451 555 3512 dium
578 3451 739 3512 secuudum
764 3453 937 3513 foeneratur
961 3454 1071 3532 angulo
1094 3449 1186 3527 ECB,
1211 3470 1300 3532 quam
1324 3452 1350 3513 si
1373 3450 1440 3527 AC,
1467 3460 1499 3512 et
1521 3470 1575 3531 pro
1590 3449 1671 3513 EOB
1688 3451 1832 3531 angulum

473 3538 560 3602 Act)
585 3539 833 3603 adhibuissemus.
849 3533 894 3613 ⁸⁸)

561 3627 605 3689 Ει
628 3628 698 3708 qnia
721 3629 872 3710 lychonis
897 3628 1001 3689 tabula
1023 3646 1185 3708 paucarum
1210 3634 1258 3689 est
1285 3628 1502 3701 columnamm,
1531 3647 1585 3689 neo
1609 3646 1663 3706 per
1691 3628 1834 3689 absoluta

473 3717 570 3797 prima
584 3718 724 3796 scrupula
742 3719 864 3790 incedit,
879 3718 932 3779 sed
954 3717 1134 3797 appendices
1156 3716 1351 3778 secundorum
1372 3717 1465 3778 habet
1479 3716 1570 3778 etiam
1585 3717 1615 3776 in
1631 3716 1745 3789 fronte;
1770 3724 1834 3778 tum

473 3807 575 3880 etiam,
600 3806 670 3886 quia
692 3806 722 3868 in
742 3826 808 3867 eam
831 3808 865 3868 lit
883 3806 1037 3886 ingressus
1055 3804 1174 3884 proprie
1197 3824 1251 3884 per
1269 3824 1358 3867 veras
1378 3806 1564 3878 altitudines,
1588 3823 1643 3865 nos
1662 3825 1734 3867 vero
1754 3805 1831 3866 visis

472 3894 656 3975 indigemus:
691 3894 817 3974 denique
846 3896 915 3975 quia
944 3896 973 3955 in
1006 3895 1142 3974 margine
1171 3894 1263 3955 habet
1293 3914 1349 3955 uon
1382 3895 1546 3955 distantias
1570 3915 1588 3954 a
1612 3894 1742 3967 vertice,
1777 3894 1832 3954 sed

473 3984 661 4056 altitudines,
698 4002 773 4064 quae
797 4001 846 4044 res
862 3983 1074 4045 'confusionem
1107 3982 1194 4043 nobis
1225 3991 1362 4063 pareret,
1395 3983 1442 4044 his
1467 3984 1504 4043 de
1528 3981 1628 4044 causis
1653 3982 1756 4043 addidi
1780 3982 1831 4042 hic

472 4074 609 4135 tabulam
630 4073 827 4151 parallaxeon
851 4071 1104 4134 universaliorem.
1118 4064 1164 4143 ⁸⁰)

560 4162 638 4222 Hine
654 4168 846 4241 praeceptum
862 4162 933 4222 tale.
958 4172 1024 4225 Per
1039 4170 1235 4225 doctrinam
1248 4169 1350 4241 primi
1365 4170 1506 4223 mobilis
1521 4176 1686 4239 computa
1699 4169 1833 4223 distan-

471 4250 561 4304 tiam
581 4251 801 4321 nonagesimi
823 4253 956 4322 gradus
971 4250 1175 4305 etrerticis
1196 4250 1345 4322 ejusque
1366 4251 1670 4320 complementum,
1692 4250 1756 4302 hoc
1777 4256 1835 4302 est

473 4330 702 4384 altitudinem
716 4331 953 4402 nonagesimi,
969 4347 1030 4384 seu
1045 4331 1214 4402 angulum
1228 4329 1542 4399 iutereclipticam
1555 4336 1591 4382 et
1603 4329 1833 4383 horizontem.

471 4411 553 4465 Hunc
573 4411 680 4482 quidem
701 4411 786 4466 etiam
807 4411 907 4465 tabula
921 4410 1065 4480 Copernici
1086 4412 1134 4465 fol.
1151 4409 1199 4465 42.
1221 4411 1339 4465 exhibet
1359 4409 1489 4463 crassiori
1503 4409 1647 4472 Minerva3
1668 4410 1746 4462 illam
1765 4425 1834 4463 vero

470 4490 620 4547 Reiuholdi
639 4492 847 4560 parallaeticae,
868 4491 1080 4545 Prutenicarum
1100 4492 1149 4545 fol.
1172 4491 1219 4546 99.
1242 4497 1273 4544 et
1293 4507 1368 4561 seqq.
1395 4492 1432 4543 ad
1460 4489 1541 4543 initia
1568 4490 1710 4559 signorum
1730 4496 1761 4543 et
1782 4488 1834 4543 ali·

471 4578 539 4643 quot
559 4572 617 4641 poli
638 4570 806 4626 altitudines.
849 4571 934 4624 Inda
954 4588 1014 4640 per
1042 4571 1258 4625 distantiam
1285 4569 1506 4640 nonagesimi
1527 4585 1545 4621 a
1564 4569 1704 4623 vertice
1730 4571 1834 4623 tabu·

470 4650 536 4705 lam
557 4658 719 4705 nostram
738 4650 1015 4719 parallacticam
1035 4649 1449 4722 ingredereamargine;
1472 4666 1536 4719 per
1555 4648 1732 4702 maximam
1752 4664 1834 4701 raro

471 4730 597 4785 sideris
618 4729 845 4800 parallaxin,
872 4746 974 4800 quam
993 4729 1027 4784 in
1047 4730 1235 4785 horizonte
1267 4729 1417 4783 obtinet
1447 4727 1613 4795 (collocatur
1634 4735 1728 4782 autem
1749 4743 1785 4782 ea
1806 4726 1835 4780 in

471 4809 563 4864 fronte
584 4811 680 4866 statim
701 4810 752 4862 sub
773 4809 907 4863 distentia
927 4808 1024 4864 sideris
1046 4826 1064 4863 a
1084 4816 1178 4865 centro
1200 4805 1331 4876 Terrae),
1353 4807 1545 4880 ingredere
1566 4823 1585 4862 a
1605 4807 1736 4872 fronte,
1764 4806 1834 4877 pri·

470 4894 555 4943 inum
574 4907 638 4960 per
658 4888 804 4961 integra
823 4889 938 4959 prima
958 4890 1146 4960 scrupula,
1169 4889 1291 4944 deinde
1311 4905 1372 4960 per
1394 4889 1567 4953 secunda,
1589 4888 1617 4941 si
1635 4886 1777 4951 adsint,
1800 4893 1836 4940 et

470 4984 556 5024 area
584 4967 778 5023 exhibebit
807 4968 1025 5038 parallaxin
1054 4969 1276 5033 latitudiuis,
1305 4967 1381 5022 illic
1401 4966 1576 5038 inprimis
1597 4966 1834 5030 atsecundis,

470 5049 527 5103 hic
547 5049 584 5103 in
604 5048 767 5101 secundis
789 5056 827 5102 et
847 5048 983 5112 tertiis,
1014 5047 1067 5101 uti
1094 5047 1178 5102 lieri
1208 5048 1304 5104 solet
1323 5047 1361 5101 iu
1381 5047 1446 5102 his.
1489 5053 1581 5118 Atque
1602 5047 1753 5101 baec'tum
1774 5063 1834 5100 cor·

470 5127 631 5193 rectissime,
653 5141 715 5181 cum
735 5126 809 5182 sidus
829 5125 978 5183 visibiliter
997 5134 1042 5181 est
1063 5127 1091 5181 in
1111 5126 1256 5197 ecliptica,
1278 5133 1311 5184 ιιι
1328 5126 1410 5182 Luna
1428 5126 1458 5182 in
1477 5126 1574 5197 eclipsi
1591 5126 1674 5182 Solis.
1710 5124 1835 5198 Longi·
