4584 6192
467 587 535 659 278
891 583 1119 654 metasque
1129 583 1282 657 sumto
1298 595 1402 641 nnana

469 767 595 835 Seussio
616 770 685 851 ipso
707 767 828 832 nem?
851 787 889 830 an
913 765 952 829 ab
976 768 1046 841 alio,
1071 767 1120 848 qni
1144 774 1175 829 te
1199 767 1267 828 huic
1290 767 1479 848 obstringere
1503 770 1737 833 necessitudinis
1756 772 1825 853 jure

469 860 592 942 potuit?
623 860 670 921 En
693 879 775 934 vero,
800 875 959 938 personam
981 857 1072 936 paulo
1095 866 1166 918 ante
1189 857 1364 936 plagosam,
1399 858 1469 920 dum
1493 878 1509 919 e
1533 859 1669 921 latibulis
1692 859 1825 923 insulta-

469 957 527 1025 ret,
550 968 629 1010 nunc
643 958 802 1029 postquam
821 948 901 1008 intra
923 963 1030 1006 manus
1055 964 1120 1006 eam
1144 954 1230 1007 tento
1250 953 1457 1027 portentoque,
1482 948 1673 1009 mitissimam
1699 969 1825 1013 manus-

468 1056 528 1119 que
551 1038 703 1117 supplices
724 1037 908 1097 tendentem.
947 1032 1147 1113 Opprobrinm
1171 1033 1294 1095 simulat
1315 1033 1345 1095 iu
1370 1054 1484 1097 summa
1508 1036 1606 1111 laude,
1631 1037 1825 1117 imperitiam,

469 1135 542 1207 post
557 1125 841 1187 demonstrationem
857 1123 1018 1196 scientiae3
1043 1132 1076 1184 et
1098 1123 1187 1184 simul
1210 1123 1317 1184 dextro
1340 1124 1416 1202 pede
1440 1134 1512 1203 post
1534 1125 1690 1187 sinistrum
1705 1126 1826 1191 vibrato

470 1215 543 1277 mihi
569 1214 658 1294 juxta
690 1214 785 1275 stanti
819 1212 966 1291 posticam
997 1211 1090 1274 infert
1118 1213 1260 1291 plagam,
1295 1213 1364 1291 quia
1388 1211 1559 1275 Galilaeum
1589 1216 1826 1294 reprehensurus

469 1319 573 1365 carere
598 1302 686 1364 debui
710 1302 789 1363 omni
813 1319 921 1362 naevo.
968 1299 1049 1361 Nihil
1080 1300 1179 1379 patior
1209 1300 1354 1362 decedere
1377 1302 1496 1380 gratiae
1520 1304 1719 1383 descriptioni
1742 1314 1825 1381 tuae,

470 1390 702 1466 humanissime,
726 1391 804 1471 qnod
828 1391 1091 1451 instrumentorum
1116 1389 1154 1450 ab
1178 1389 1244 1468 ipso
1269 1386 1409 1451 Galilaeo
1443 1391 1602 1453 missomm
1633 1393 1722 1471 copia
1753 1394 1826 1457 mihi

469 1479 589 1542 iuterim
611 1488 661 1541 est
683 1480 775 1554 facta,
801 1497 839 1539 ex
862 1498 921 1559 qua
935 1487 1036 1539 certus
1059 1496 1134 1552 sum,
1161 1486 1191 1538 te
1215 1477 1316 1539 omnia
1333 1477 1488 1540 verissime
1504 1498 1572 1541 esse
1586 1490 1826 1559 persecuturum.

469 1568 640 1631 Videndum
663 1577 782 1642 tamen,
815 1567 840 1627 si
865 1567 935 1647 quid
959 1575 1013 1627 tua
1036 1566 1129 1628 verba
1152 1566 1357 1646 suppeditent,
1382 1586 1440 1648 quo
1459 1586 1532 1630 mea
1556 1568 1673 1631 fabrica
1696 1571 1727 1632 in
1750 1572 1825 1635 Dis-

468 1657 634 1719 sertatione
657 1656 772 1718 tradita
793 1653 1002 1733 redarguatur.

559 1745 658 1807 Primo
691 1746 829 1806 canalem
861 1743 1007 1805 describis
1039 1742 1131 1803 tubae
1164 1742 1278 1815 forma,
1316 1742 1492 1823 ampliorem
1524 1743 1667 1806 inferiore
1700 1746 1824 1809 orificio.

468 1833 552 1898 Nihil
575 1834 632 1896 hoc
654 1843 762 1895 contra
783 1851 860 1894 mea
906 1831 1026 1911 Agnovi
1050 1832 1080 1892 in
1102 1849 1174 1892 mea
1196 1831 1396 1911 descriptione
1429 1832 1538 1893 vitrum
1561 1834 1705 1896 extimum
1729 1836 1822 1899 latins

467 1923 595 2003 requiri:
619 1924 767 2003 reliquum
786 1921 873 1984 oculo
893 1920 1091 2001 propinquum
1114 1929 1263 2001 utcunque
1287 1920 1380 1981 latum
1405 1921 1491 1981 oculo
1515 1939 1572 1983 non
1596 1931 1695 1985 tetrum
1718 1926 1822 1987 servit

468 2011 806 2085 subaccrescens,
833 2010 911 2089 qnod
934 2009 1015 2070 vitra
1037 2009 1162 2083 attinet,
1195 2008 1225 2069 in
1249 2008 1345 2070 libera
1367 2009 1491 2071 artificis
1515 2019 1759 2091 estpotestate,
1791 2022 1825 2076 at

465 2099 496 2162 ai
519 2100 607 2162 valde
631 2100 724 2162 latum
748 2098 858 2160 vitrum
880 2097 1013 2166 inferius,
1039 2115 1075 2157 ea
1099 2097 1194 2158 servit
1217 2114 1271 2175 pro
1295 2098 1542 2178 diaphragmate‚
1574 2101 1653 2180 quod
1677 2101 1825 2164 adhibent

466 2189 499 2251 ia
523 2188 665 2271 cylindris
689 2188 727 2249 ad
758 2188 941 2249 avertendos
964 2206 984 2246 a
1012 2185 1157 2247 lateribus
1189 2185 1307 2246 cavatis
1339 2186 1441 2247 radios
1473 2187 1531 2248 diei
1567 2188 1823 2271 inducendamque

468 2277 694 2340 obscuritatem.
739 2277 848 2357 ltaque
878 2276 908 2337 in
938 2275 1127 2337 dimetiendis
1160 2275 1317 2336 diametris
1354 2275 1531 2337 orificiorum
1569 2286 1601 2338 et
1637 2277 1824 2357 longitndine

467 2366 585 2429 canalis
607 2366 786 2428 industriam
809 2364 1039 2439 demonstrasti,
1069 2364 1106 2425 ad
1135 2364 1179 2424 rei
1207 2382 1352 2425 summam
1380 2363 1536 2443 prolecisti
1567 2366 1652 2427 nihil.
1699 2368 1822 2443 Fateor,

468 2456 584 2535 scripta
601 2454 667 2535 jorn
689 2453 933 2527 Dissertatioue,
957 2461 1118 2533 postquam
1141 2452 1180 2513 ad
1214 2453 1420 2531 experimenta
1452 2454 1578 2527 accessi,
1611 2457 1823 2519 conturbatum

469 2561 517 2607 me
540 2544 633 2605 fuisse
660 2544 741 2605 lama
763 2543 862 2605 tubae.
911 2539 987 2604 Cum
1010 2542 1087 2604 euim
1111 2560 1170 2602 non
1195 2551 1337 2622 qnantum
1360 2542 1532 2603 sufficiebat
1559 2544 1590 2605 in
1613 2544 1824 2607 instrumentis

467 2649 624 2707 versarer,
649 2651 706 2693 nec
730 2631 928 2692 admitterent
949 2649 1017 2692 mea
1039 2630 1249 2703 instrumenta,
1274 2638 1307 2692 ut
1329 2631 1474 2693 remotius
1497 2631 1606 2695 vitrum
1631 2642 1822 2713 quantacun-

469 2741 527 2803 que
558 2720 720 2782 fenestella
748 2729 870 2799 pateret
906 2719 1095 2792 adhiberem,
1130 2720 1263 2781 mirabar
1295 2719 1342 2780 cni
1376 2720 1454 2781 bono
1486 2721 1603 2784 canalis
1631 2722 1711 2783 infra
1738 2732 1824 2785 tanto

468 2817 589 2892 pateret
612 2808 743 2883 orificio,
767 2808 851 2888 cujus
874 2808 1035 2888 potissima
1056 2827 1128 2888 pars
1153 2818 1236 2870 esset
1259 2808 1367 2870 iterum
1390 2809 1531 2888 tegenda.
1579 2809 1699 2885 Subiit,
1734 2812 1823 2874 tubae

468 2896 600 2978 effigiem
623 2907 747 2960 ornatus
771 2906 803 2959 et
822 2897 1034 2959 delectationis
1058 2917 1152 2959 causa
1174 2896 1320 2978 exprimi:
1345 2906 1454 2977 postea
1477 2907 1510 2959 et
1532 2899 1589 2960 hoc
1613 2900 1730 2975 incidit,
1754 2902 1822 2963 dia-

469 2988 617 3068 phragma
638 2994 792 3066 pertusum
815 2995 943 3066 angusto
967 2987 1112 3048 foramine
1144 2986 1211 3048 loco
1240 2986 1419 3048 intermedio
1449 2986 1529 3048 inter
1559 2988 1640 3050 vitra
1667 2998 1824 3068 praestare

469 3074 692 3138 obturationem
716 3076 777 3137 laxi
801 3075 903 3138 orificii
928 3075 1044 3137 canalis
1067 3085 1100 3137 et
1121 3074 1240 3137 ostendi
1263 3084 1360 3137 totum
1383 3076 1491 3137 vitrum
1516 3076 1589 3138 loris
1611 3078 1641 3138 in
1666 3079 1737 3140 laxo
1761 3079 1824 3140 ori·

471 3165 537 3226 licio
566 3179 704 3246 κρυψιως
735 3161 834 3238 ἕνεκα,
866 3183 933 3225 cum
960 3166 1042 3226 intus
1065 3164 1304 3244 diaphragmatis
1336 3173 1466 3243 angusto
1494 3165 1640 3227 foramine
1663 3167 1824 3246 prolixitas

466 3252 588 3316 isthaec
619 3254 749 3318 exterior
781 3254 899 3315 occulte
930 3259 1114 3316 coerceatur.
1167 3253 1298 3316 Rursum
1329 3253 1522 3315 necessitatis
1555 3274 1650 3316 causa
1679 3258 1825 3336 putabam

467 3341 533 3404 deri
550 3342 640 3405 tubae
665 3343 809 3417 formam,
843 3343 940 3404 lentes
965 3343 1041 3406 euim
1065 3362 1217 3405 convexas
1240 3360 1298 3404 non
1321 3361 1411 3422 posse
1434 3342 1531 3423 poliri,
1557 3342 1615 3405 nisi
1639 3343 1702 3407 sint
1720 3347 1825 3426 justae

469 3431 653 3508 latitudinis,
688 3440 722 3493 ut
750 3431 797 3493 ita
829 3450 936 3493 manus
965 3433 1089 3493 artificis
1117 3433 1231 3513 stylum
1257 3439 1385 3507 tenens,
1421 3450 1479 3511 qno
1507 3434 1616 3494 vitrum
1641 3434 1823 3514 applicatur,

465 3520 531 3582 euti
554 3529 655 3582 rotato
679 3520 828 3595 subnixa,
862 3521 926 3582 lata
949 3520 1018 3581 vitri
1042 3521 1124 3595 basi,
1159 3522 1255 3582 minus
1287 3520 1442 3581 incumbat
1474 3522 1503 3582 in
1537 3524 1616 3584 latus
1647 3525 1825 3587 alterutrum

468 3610 626 3691 minusque
650 3610 779 3671 decedat
801 3610 999 3684 rotunditati;
1032 3612 1143 3690 politas
1175 3609 1267 3688 igitur
1296 3610 1393 3670 lentes
1426 3609 1501 3670 adeo
1534 3610 1614 3672 latas
1644 3631 1702 3673 non
1719 3632 1825 3693 posse

470 3699 547 3760 citra
570 3700 734 3779 periculum
758 3699 880 3759 diminui
905 3699 1046 3761 exteriori
1069 3699 1158 3761 limbo
1165 3717 1174 3772 ;
1199 3697 1301 3778 itaque
1315 3705 1399 3759 totae
1415 3707 1449 3759 ut
1462 3700 1554 3761 inseri
1569 3701 1698 3778 possint,
1714 3720 1823 3764 necee-

472 3788 553 3849 sario
577 3788 650 3849 foris
675 3787 758 3848 hiarc
782 3788 928 3858 canalem,
952 3799 1113 3866 angustum
1136 3806 1208 3848 vero
1231 3788 1296 3848 fieri
1318 3788 1399 3851 circa
1418 3789 1542 3862 oculum,
1568 3798 1602 3849 nt
1624 3792 1825 3852 manuteneri

468 3877 574 3955 possit
620 3878 664 3937 At
696 3884 855 3956 postquam
889 3878 950 3939 alia
978 3886 1048 3956 post
1080 3876 1142 3938 alia
1170 3885 1202 3937 et
1230 3877 1357 3957 denique
1386 3877 1537 3955 quoddam
1563 3877 1667 3957 ipsius
1691 3877 1823 3941 Galilaci

470 3966 610 4039 tractavi,
636 3964 694 4025 etsi
718 3966 749 4025 id
774 3974 840 4027 erat
863 3975 944 4027 tecto
969 3966 1047 4027 vitro
1072 3985 1207 4027 convexo
1230 3984 1323 4044 usque
1347 3965 1388 4025 ad
1412 3965 1582 4045 augustiam
1605 3968 1705 4048 grossi
1730 3969 1823 4030 Polo-

467 4053 542 4128 nici,
568 4054 750 4134 deprehendi
772 4055 951 4135 praesertim
976 4064 1065 4116 noctu
1089 4054 1128 4115 ad
1153 4057 1251 4117 lumen
1274 4054 1445 4129 stellarum,
1470 4062 1566 4117 totum
1591 4066 1736 4137 quantum
1760 4067 1825 4119 erat

469 4143 581 4204 vitrum
605 4153 709 4222 patere
732 4161 840 4222 posse.
872 4144 952 4205 nullo
981 4144 1073 4206 etiam
1097 4145 1178 4206 intus
1202 4143 1430 4223 diaphragmste
1455 4144 1606 4208 obstante.
1654 4148 1759 4227 Atque
1781 4147 1825 4206 ita

469 4231 592 4292 taudem
615 4233 799 4311 postliminio
823 4232 926 4294 reduxi
950 4251 1034 4293 meas
1068 4233 1342 4294 demonstrationes
1375 4233 1576 4313 fabricamque
1610 4235 1638 4296 in
1663 4237 1822 4298 Disserta-

469 4320 551 4381 tione
576 4322 777 4400 descriptam,
812 4323 859 4383 cui
891 4331 1015 4401 propter
1048 4323 1144 4384 falsas
1177 4322 1345 4384 delationes
1378 4322 1586 4385 insufficientis
1618 4324 1823 4405 experientiae

467 4409 607 4472 nuncium
631 4411 814 4472 remiseram.
852 4412 932 4472 Nam
957 4419 1023 4473 erat
1046 4412 1116 4473 mibi
1136 4412 1165 4473 in
1186 4411 1293 4477 animo,
1318 4410 1347 4469 in
1363 4411 1563 4491 descriptione
1580 4413 1713 4475 fabricae
1730 4423 1823 4475 totum

467 4519 632 4561 convexum
656 4519 763 4561 versus
787 4499 895 4561 stellas
919 4509 1023 4579 patere
1048 4502 1167 4562 debere.
1206 4498 1349 4579 Sequitur
1364 4500 1493 4570 tubulus,
1517 4502 1566 4580 qui
1590 4522 1697 4564 cavum
1713 4504 1824 4564 vitmm

467 4589 548 4667 gerit
571 4589 692 4650 ductilis
715 4608 769 4650 seu
794 4588 951 4652 exemtilis.
999 4591 1075 4671 Ejus
1099 4609 1183 4650 usum
1213 4587 1344 4648 fabricae
1369 4589 1414 4649 ais
1446 4589 1585 4668 ignorare
1610 4601 1650 4654 te.
1688 4594 1821 4654 Docebo.

469 4678 562 4739 Plane
586 4678 631 4738 ita
654 4687 722 4739 est:
748 4679 804 4739 nisi
830 4679 948 4740 ductilis
973 4681 1034 4753 liat,
1060 4677 1197 4756 indagari
1222 4677 1364 4738 vitrorum
1375 4678 1461 4757 justa
1476 4679 1623 4741 distantia
1638 4701 1696 4741 non
1721 4692 1823 4761 potest

467 4785 521 4845 pro
546 4766 682 4827 videndis
706 4769 837 4830 remotis.
885 4768 975 4830 Alter
998 4788 1089 4830 usus:
1115 4774 1149 4827 ut
1171 4766 1241 4846 quia
1265 4766 1488 4845 distinguuntur
1510 4769 1587 4830 oculi
1613 4769 1821 4844 facultatibus,

466 4854 557 4933 igitur
580 4856 734 4918 variabilis
760 4857 905 4918 vitrorum
928 4857 1075 4919 distantia
1098 4865 1204 4935 posset
1226 4855 1385 4916 sublevare
1409 4875 1532 4931 omoes3
1557 4858 1634 4920 alius
1659 4861 1739 4921 enim
1764 4860 1822 4920 alio

467 4943 584 5023 longius
618 4947 718 5007 educit
742 4946 894 5021 tubulum,
927 4954 960 5008 ut
983 4947 1124 5007 distincte
1148 4944 1270 5017 videat3
1302 4946 1351 5025 qui
1380 4953 1479 5006 tamen
1513 4947 1687 5026 longissime
1713 4950 1821 5021 educit,

467 5032 517 5093 ille
550 5033 641 5094 etiam
674 5035 806 5096 maxima
835 5036 877 5097 rei
910 5035 1037 5097 visibilis
1070 5034 1239 5114 quantitate
1271 5034 1384 5095 fruitur.
1433 5036 1536 5097 Tertia
1567 5037 1686 5098 utilitas
1717 5038 1747 5099 in
1778 5057 1820 5112 eo,

467 5128 501 5182 ut
527 5121 577 5202 qui
610 5143 659 5184 res
691 5126 874 5205 propinquas
899 5124 1114 5187 minutissimas
1146 5124 1177 5184 in
1212 5123 1343 5185 maxima
1366 5124 1535 5202 quantitate
1561 5127 1625 5186 vult
1655 5126 1774 5201 videre,
1798 5128 1821 5188 is
