4584 6192
465 599 531 670 uro
888 596 1110 667 merome
1126 602 1398 665 omem

467 777 500 841 i·
520 788 601 840 uaso
624 787 760 850 ludham:
789 777 836 838 De
860 779 986 844 maculis
1011 777 1168 840 Solaribus
1192 778 1357 839 assentitur
1380 778 1436 838 tibi
1460 778 1584 853 Marius,
1610 786 1716 841 cetera
1739 789 1834 845 vates

465 870 580 932 invisus
604 878 637 929 et
660 868 760 928 audax
783 875 815 927 et
836 867 905 945 plus
934 886 1022 945 quam
1051 876 1245 945 prognostes,
1276 876 1309 927 ut
1333 867 1453 946 quidem
1477 877 1508 927 et
1532 868 1655 929 fatetur.
1704 870 1834 933 Habeat

466 957 525 1020 sibi
548 975 597 1019 res
622 975 694 1018 suas
718 955 851 1025 seorsim,
875 973 913 1014 ne
936 955 1039 1033 gravis
1063 956 1104 1015 sit
1127 956 1242 1016 amicis.

482 1063 487 1068 ·
557 1053 642 1104 Missis
666 1053 768 1102 tandem
792 1052 831 1101 his
859 1053 890 1101 de
908 1052 989 1102 Mario
1008 1052 1228 1115 disceptationibus
1245 1053 1401 1115 proponimus
1419 1051 1654 1116 lectorl,epistolam
1672 1054 1779 1118 Kepleri
1798 1056 1834 1106 ad

470 1147 621 1197 anonymum
644 1136 761 1197 scriptam
779 1132 810 1182 de
828 1134 969 1182 inventione
981 1133 1095 1182 tubonum
1108 1135 1244 1196 optinorum
1256 1135 1385 1183 suavitatis
1398 1134 1506 1197 plenam
1544 1125 1716 1204 Epistolsm
1730 1136 1831 1200 tuam,

467 1227 554 1277 nubit
571 1224 707 1288 Keplerus,
726 1213 920 1275 festivissime
944 1213 1133 1283 mortalium,
1161 1215 1294 1293 quisquis
1323 1231 1374 1286 es,
1407 1231 1518 1293 magna
1545 1232 1612 1276 cum
1632 1215 1832 1293 jucunditate

469 1306 594 1388 perlegi.
627 1303 696 1365 Etsi
711 1302 788 1363 enim
804 1322 861 1364 non
886 1302 922 1362 iis
945 1302 1111 1362 instructus
1135 1319 1201 1363 sum
1223 1302 1329 1380 opibus
1356 1303 1494 1381 privatis,
1518 1310 1553 1362 ut
1567 1304 1701 1364 animam
1717 1314 1833 1383 agente

472 1398 544 1458 lisco
567 1393 701 1473 publico,
735 1410 835 1470 aquo
859 1391 1028 1471 dependeo‚
1062 1390 1165 1451 dolore
1196 1409 1305 1451 vacare
1333 1393 1463 1469 possim,
1498 1400 1598 1451 tamen
1627 1400 1661 1454 ut
1690 1393 1831 1469 seniculi,

471 1481 650 1564 quiVeneri
671 1499 725 1560 per
744 1488 877 1541 aetatem
900 1488 1020 1540 strenue
1045 1478 1228 1554 militarunt,
1262 1481 1398 1558 quamvis
1423 1481 1697 1559 emeritivrudeque
1722 1482 1832 1543 donati

472 1574 511 1634 ad
535 1571 667 1632 subitum
691 1577 883 1648 conspectum
909 1567 1071 1628 exorientis
1094 1568 1261 1647 pulchellae
1295 1569 1487 1646 virgunculae
1520 1568 1669 1630 modicum
1692 1570 1831 1633 incales-

470 1668 544 1723 cunt
574 1678 630 1720 nee
654 1658 817 1737 tripudium
840 1657 1040 1717 titubantibus
1065 1656 1200 1717 cruribus
1223 1674 1364 1717 exercere
1396 1653 1547 1719 abnuunt:
1581 1658 1626 1717 sio
1651 1677 1718 1737 *ego
1751 1678 1831 1739 quo-

470 1766 527 1830 que
551 1748 693 1809 diuturna
715 1746 883 1825 ingruentis
915 1744 1032 1824 inopiae
1066 1745 1281 1824 imaginatione
1313 1746 1433 1824 penitus
1466 1745 1639 1818 obsoletus,
1673 1756 1706 1808 et
1735 1749 1832 1811 ferias

469 1835 616 1919 quasdam
645 1857 665 1896 a
697 1834 805 1896 studiis
837 1851 949 1912 agens,
983 1831 1161 1894 Saturnalia
1192 1841 1266 1913 puta
1298 1835 1456 1895 deterioris
1484 1834 1666 1896 conditionis
1700 1837 1830 1917 (quippe

467 1924 665 2012 philosophis,
690 1939 787 1984 rerum
803 1921 939 1996 dominis,
964 1940 1068 1983 servos
1092 1922 1130 1982 ad
1154 1922 1280 1983 metalla
1302 1923 1462 1984 damnatos
1486 1924 1752 2000 observantibus),
1777 1927 1829 1987 vix

466 2015 590 2077 taudem
614 2012 835 2074 adlectionem
860 2011 1013 2071 literarum
1037 2018 1154 2071 tuarum
1180 2011 1279 2072 animo
1302 2012 1441 2086 reflomi,
1464 2012 1602 2093 curisque
1627 2014 1665 2074 de
1689 2015 1828 2077 crastino

468 2102 508 2165 ad
531 2102 722 2182 perspicaces
745 2100 814 2162 illos
842 2099 992 2161 exercitus
1016 2100 1179 2178 relegatis,
1214 2100 1263 2179 qui
1296 2100 1437 2161 sublimes
1460 2098 1576 2162 levibus
1600 2103 1710 2180 pennis
1735 2104 1828 2184 liqui-

471 2192 540 2254 dam
564 2190 690 2253 aethera
713 2197 855 2263 tranant,
888 2188 927 2248 ad
959 2189 1199 2266 respondendnm
1224 2197 1381 2267 tecumque
1400 2190 1562 2267 jocandum
1587 2192 1666 2252 serio
1690 2193 1826 2255 consedi.

467 2281 548 2344 Nam
572 2280 673 2360 quidni
697 2288 795 2341 tecum
815 2277 919 2357 jocer:
944 2275 993 2356 qui
1017 2278 1066 2349 (ut
1088 2278 1171 2356 pueri
1195 2276 1465 2357 solentMyindam
1489 2279 1642 2352 ludentes)
1666 2280 1693 2341 si
1712 2290 1746 2342 ta
1769 2301 1830 2344 noo

468 2369 568 2442 video,
593 2377 627 2428 at
650 2376 680 2429 te
703 2369 794 2447 palpo
814 2368 880 2445 jam
899 2366 1022 2444 jamque
1047 2365 1160 2427 teneo?
1192 2366 1313 2426 Titillas
1337 2366 1415 2428 enim
1434 2367 1626 2447 jocunditate
1650 2370 1829 2450 scriptionis

469 2456 585 2520 eminus
608 2457 763 2536 vestisque
788 2454 927 2517 laciniam
950 2453 1079 2532 porrigis
1102 2451 1290 2516 ambroseam
1315 2464 1347 2515 et
1379 2455 1495 2534 gratias
1519 2475 1619 2518 meras
1650 2459 1829 2538 spirantem,

472 2545 610 2609 acerrimi
643 2543 773 2623 ingenii,
807 2542 985 2622 prudentiae
1013 2553 1045 2603 et
1072 2543 1283 2614 discretionis,
1317 2562 1406 2623 quam
1445 2546 1552 2606 odoror
1585 2565 1623 2607 ex
1656 2549 1829 2627 aptitudine

468 2636 622 2717 jocorum,
657 2652 696 2694 ex
727 2632 868 2693 dictionis
901 2632 1177 2711 contemperatione
1201 2632 1348 2703 oratoria,
1383 2653 1450 2695 cnm
1478 2653 1525 2697 me
1558 2635 1714 2698 laudantis
1739 2648 1829 2718 gestu

472 2723 649 2802 redarguis;
684 2720 878 2781 humanitatis
903 2720 1037 2782 ‘eximiae
1072 2740 1109 2781 ex
1137 2722 1298 2799 praeclara
1325 2722 1362 2781 de
1392 2741 1440 2784 me
1475 2724 1720 2799 existimatione;
1752 2728 1829 2789 doc·

472 2813 571 2875 trinae
595 2810 722 2891 denique
745 2807 917 2898 multiplicis
941 2826 978 2869 ex
1001 2829 1056 2870 usu
1081 2810 1273 2871 terminorum
1297 2812 1578 2873 mathematicorum
1599 2814 1707 2876 dextro
1732 2836 1831 2896 exque

472 2899 619 2963 orationis
643 2898 762 2960 flumine
786 2905 945 2971 tortuoso,
975 2898 1054 2977 quod
1082 2899 1183 2959 variae
1206 2899 1321 2977 passim
1343 2918 1433 2978 rupes
1457 2901 1636 2980 optimorum
1660 2913 1829 2980 auctorum,

472 2990 542 3053 hinc
563 2987 670 3063 Plinii,
694 2987 777 3049 illinc
798 2985 864 3048 Jos.
887 2985 1055 3065 scaligeri,
1080 2987 1152 3052 alibi
1176 2988 1300 3050 aliorum
1324 2987 1429 3061 alluit,
1454 2989 1582 3069 indeque
1607 2992 1712 3054 limum
1736 2994 1830 3059 dera-

472 3095 539 3141 sum
569 3077 599 3140 in
631 3077 775 3156 cespitem
807 3075 977 3159 oppositum
1010 3076 1106 3154 egerit
1136 3077 1366 3142 amoenissimae
1389 3078 1642 3159 doctissimaeque
1674 3083 1830 3146 dictionis.

473 3166 590 3231 Sedet
614 3167 685 3228 feris
708 3186 754 3227 me
778 3166 937 3226 adversum
962 3173 991 3224 te
1015 3183 1120 3243 prope,
1146 3175 1178 3226 et
1200 3184 1247 3227 me
1270 3167 1463 3228 retroflexum
1496 3176 1585 3248 teque
1617 3171 1831 3237 nominetenus

473 3255 692 3336 capturientom
720 3255 815 3337 (stylo
840 3272 877 3315 an
901 3252 1199 3326 manu)'lubricitats
1224 3255 1420 3316 membrorum
1445 3257 1591 3318 elaberis·
1616 3256 1650 3319 0
1678 3270 1710 3321 te
1735 3281 1829 3343 argu-

472 3354 546 3419 tum,
569 3341 630 3424 qui
643 3344 758 3419 laudes,
784 3361 859 3423 quas
873 3342 903 3402 in
922 3359 970 3403 me
987 3343 1154 3421 profundis,
1171 3343 1355 3411 adulationis
1375 3345 1550 3429 suspicione·
1560 3346 1682 3426 penitus
1707 3350 1831 3423 liberas,

473 3434 543 3514 quia
566 3433 662 3514 ipsam
686 3433 778 3494 etiam
803 3431 921 3499 faciem,
947 3430 993 3492 cui
1017 3439 1119 3493 mutuo
1144 3432 1219 3493 bene
1244 3431 1313 3511 quid
1337 3434 1399 3493 lieri
1423 3443 1537 3511 posset,
1555 3436 1670 3497 abesse
1686 3439 1829 3502 voluisti:

472 3523 720 3603 reprehensiones
753 3538 843 3594 vero,
877 3520 984 3599 quibus
1016 3539 1063 3583 me
1097 3519 1325 3600 corripiendum
1347 3538 1471 3594 censes,
1506 3524 1534 3583 in
1565 3532 1634 3585 tuto
1657 3527 1828 3591 collocasti.

473 3614 561 3675 Anue
586 3620 616 3674 te
639 3619 762 3690 poetam
787 3610 896 3683 dicam,
920 3610 990 3688 quia
1012 3619 1044 3671 et
1066 3611 1176 3688 prodes
1201 3619 1232 3669 et
1256 3610 1412 3671 delectas?
1449 3611 1663 3691 Philosophum
1690 3626 1775 3678 certe
1799 3629 1829 3679 te

473 3704 520 3763 vel
546 3702 612 3763 sola
636 3700 840 3761 inventionum
864 3698 1058 3760 humanarum
1083 3698 1242 3759 admiratio
1267 3718 1413 3777 superque
1437 3702 1577 3778 operibus
1600 3702 1657 3764 Dei
1683 3717 1832 3787 concepta

473 3790 656 3863 delectatio,
690 3788 831 3867 gaudium
863 3795 1024 3866 stuporque
1049 3787 1196 3847 attonitus
1221 3789 1391 3848 effecerunt.
1440 3788 1507 3859 Quo
1532 3791 1650 3852 nomine
1675 3796 1736 3856 etsi
1760 3796 1831 3857 mihi

474 3881 558 3962 lusus
582 3880 639 3941 iste
665 3877 855 3956 vehementer
883 3878 1002 3956 placet,
1035 3876 1143 3956 quippe
1176 3877 1283 3955 corrigi
1318 3898 1337 3938 a
1366 3877 1463 3939 doctis
1496 3880 1709 3959 expetibilius,
1745 3905 1833 3965 quam

475 3967 593 4032 laudari
616 3988 635 4027 a
658 3959 852 4046 promiscuis:
887 3962 957 4045 quia
989 3973 1091 4026 tamen
1124 3965 1245 4026 ludendi
1275 3965 1458 4045 provinciam
1488 3969 1621 4047 suscepi,
1656 3990 1716 4034 non
1741 3993 1832 4054 aegre

473 4059 553 4122 seres
577 4054 711 4136 quisquis
732 4074 768 4115 es
792 4054 840 4134 qni
863 4054 919 4122 sub
942 4054 998 4114 hac
1016 4072 1146 4132 persona
1171 4055 1260 4127 lates,
1285 4055 1311 4117 si
1334 4063 1364 4116 te
1388 4056 1679 4136 appropinquantem
1702 4063 1830 4141 plagae-

474 4166 531 4227 que
554 4145 742 4218 inferentem,
768 4142 817 4204 ubi
841 4150 944 4213 tenere
967 4161 1091 4222 nequeo,
1116 4152 1256 4221 protrusu
1271 4151 1493 4220 commoveam,
1511 4148 1637 4207 verbera
1661 4157 1716 4211 tua
1735 4152 1831 4213 decli·

475 4253 562 4309 nem,
597 4241 649 4295 aut
671 4233 781 4295 mutuis
805 4230 914 4293 ictibus
939 4232 1059 4292 fortuna
1081 4250 1134 4310 per
1159 4231 1300 4293 tenebras
1333 4232 1487 4312 aspirante
1511 4234 1670 4299 vindicem.
1719 4240 1832 4323 Incipis

474 4324 513 4404 ab
537 4321 683 4403 inopinati
705 4341 864 4384 successus
888 4320 1120 4398 exaggeratione
1144 4320 1173 4382 iu
1198 4341 1230 4383 re
1254 4322 1442 4400 specillaria:
1474 4343 1591 4402 oppono
1616 4345 1675 4400 me,
1700 4326 1833 4409 vestigia

474 4412 623 4493 Scaligeri
645 4430 795 4491 premens.
843 4408 919 4471 Cum
944 4408 1101 4470 Cardenus
1135 4409 1163 4469 in
1196 4410 1373 4472 immensum
1403 4413 1563 4473 extulisset
1586 4418 1830 4495 typographiam,

473 4504 558 4564 velut
596 4502 635 4563 ab
670 4499 826 4579 inopinato
864 4516 1023 4573 successu,
1066 4498 1203 4577 Scaliger
1241 4500 1365 4577 negavit
1405 4502 1555 4562 difficilem
1588 4510 1641 4563 aut
1676 4503 1831 4568 fortuitum

474 4592 634 4655 transitum
665 4588 834 4668 asigillis,
868 4606 942 4667 quae
975 4588 1127 4649 veteribus
1156 4586 1294 4666 cognita,
1327 4588 1365 4648 ad
1397 4598 1486 4671 typos
1517 4608 1638 4652 aeneos.
1691 4592 1753 4660 Sic
1775 4614 1831 4678 ego

475 4701 552 4754 nunc
579 4677 654 4760 nihil
681 4678 840 4743 admodum
868 4675 936 4738 novi
965 4676 1119 4739 iumentum
1148 4673 1213 4736 dico
1238 4676 1267 4737 in
1292 4676 1373 4738 tubis
1402 4679 1582 4754 bilentibus,
1615 4673 1747 4749 cum'iu
1779 4705 1832 4758 vasu

475 4771 586 4834 luerint
609 4759 706 4832 lentes
729 4767 892 4845 simplices.
939 4765 1041 4827 Etiam
1066 4764 1143 4844 quod
1168 4764 1288 4842 objecta
1310 4767 1455 4827 coelestia
1478 4770 1604 4844 attinet,
1629 4789 1753 4851 semper
1777 4793 1831 4853 ego

475 4880 512 4921 ex
535 4877 593 4939 quo
618 4856 831 4918 astronomiam
861 4855 945 4929 colo,
980 4854 1111 4933 specillis
1147 4852 1291 4915 adhibitis
1320 4857 1422 4934 plures
1452 4857 1685 4937 minutioresque
1711 4872 1744 4923 et
1767 4860 1831 4923 dis-

475 4948 632 5011 tinctiores
656 4946 718 5007 vidi
742 4945 847 5006 stellas
871 4944 1026 5024 ipsamque
1050 4942 1155 5004 Lunae
1180 4942 1286 5004 taciem
1310 4943 1338 5004 in
1364 4945 1530 5007 defectibus
1561 4946 1726 5028 praecipue
1759 4951 1830 5012 niti·

477 5036 599 5101 diorem.
638 5033 725 5116 ,Nam
750 5033 828 5117 quod
852 5026 1128 5102 assensummeum
1149 5040 1218 5092 ante
1244 5033 1318 5095 haee
1341 5044 1478 5113 tempora
1501 5034 1631 5112 coitibui,
1656 5056 1768 5105 uereor
1791 5049 1830 5115 ut,

477 5126 588 5207 quain
612 5141 645 5190 re
667 5123 751 5188 illum
764 5122 893 5197 cohibui,
918 5121 953 5183 id-
972 5131 1011 5183 ua
1032 5133 1110 5182 ortuo
1133 5121 1252 5201 quidem
1276 5121 1390 5184 frustra
1411 5123 1463 5188 sit.
1497 5124 1566 5185 Hoc
1585 5124 1664 5187 enirn
1679 5145 1831 5209 proppne.
