4584 6192
450 637 538 710 ‚725
948 587 1176 688 uramara
1192 633 1342 706 &pann

468 819 606 902 junctum
622 834 706 902 ,noro
728 813 840 888 sideri;
863 821 896 875 ut
918 820 1037 878 taceam
1060 815 1143 889 illos,
1173 814 1223 895 qni
1247 822 1311 877 toto
1334 814 1502 880 durationis
1532 815 1600 899 ejus
1630 827 1774 905 tempors
1797 823 1834 888 iis

434 919 439 929 “
472 905 555 974 horis
577 905 760 988 prodierunt,
784 901 891 985 quibos
914 902 998 966 sidus
1030 903 1204 966 criminavit
1233 915 1368 968 ortumve
1385 905 1466 969 ¹luit.
1512 907 1621 988 Atque
1644 909 1707 974 hos
1730 931 1835 978 omues

473 991 709 1062 consentaneum
730 989 777 1058 est
800 987 1081 1056 ustursmsortitos
1097 987 1344 1082 ssmsprdooqus:
1369 993 1476 1074 quibus
1494 1014 1556 1059 non
1578 1001 1761 1064 consultum
1777 1014 1833 1080 est,

474 1085 580 1152 turbas
601 1084 760 1176 modernas
783 1079 869 1164 qussi
891 1100 946 1161 per
967 1100 1073 1144 manus
1100 1082 1383 1166 transmitterent
1405 1083 1512 1148 iisdem
1541 1086 1605 1167 ipsi
1628 1091 1834 1156 comedeia·

365 1253 368 1258 Ι
474 1172 574 1240 verint
600 1173 792 1238 misceantur.
838 1167 953 1250 Magna
984 1179 1032 1232 est
1060 1171 1108 1233 ris
1139 1170 1362 1251 imaginationis
1390 1172 1421 1235 in
1452 1177 1724 1256 praegnantibus,
1758 1200 1834 1263 quse

474 1263 552 1332 orlia-
568 1259 775 1342 amicitiasque
803 1257 934 1338 partium
956 1258 986 1321 in
1009 1260 1108 1322 foetus
1132 1280 1202 1323 suos
1232 1270 1421 1342 propagant;
1449 1271 1482 1325 et
1504 1282 1583 1345 quse
1615 1268 1776 1334 maximas
1798 1273 1834 1334 ab

473 1351 630 1424 bnms'vsl
647 1348 767 1412 domino
789 1348 995 1429 perpetiuntur
1017 1347 1140 1429 injuriae
1160 1368 1226 1411 cum
1244 1359 1354 1430 gerunt
1374 1359 1511 1428 nurum,
1535 1373 1643 1428 esrum
1664 1357 1714 1422 illi
1736 1360 1833 1424 foetus

472 1447 634 1525 postquam
656 1437 852 1514 adoleverint,
876 1437 1014 1500 acerrimi
1027 1437 1127 1500 solent
1149 1438 1280 1501 existere
1301 1429 1476 1520 iujuriarum
1499 1441 1659 1508 illatarum
1686 1447 1833 1512 vindices.

561 1529 646 1592 Haec
669 1534 719 1590 est
743 1519 935 1607 philosophia
961 1526 1155 1590 famosissimi
1182 1525 1558 1612 illius'Lischtembergii·,
1583 1553 1683 1616 quam
1708 1537 1833 1602 verissi-

473 1637 554 1684 mam
575 1615 720 1698 exemplis
742 1614 951 1695 compluribus,
976 1615 1003 1678 si
1025 1635 1084 1678 non
1107 1626 1213 1680 essent
1234 1616 1348 1693 odiosa,
1372 1619 1568 1701 comprobare
1587 1641 1731 1704 possem.
1768 1625 1835 1700 Qus

473 1703 666 1792 philosophie
692 1705 718 1767 si
739 1703 824 1786 llsgi
856 1703 900 1766 illi
929 1706 968 1767 sd
994 1705 1144 1768 Herodem
1176 1711 1277 1786 rege'm
1305 1706 1351 1769 usi
1381 1716 1502 1786 essent,
1535 1713 1677 1792 professi
1692 1703 1695 1710 ¹
1711 1727 1833 1798 gentem

473 1815 593 1870 uorum,
615 1813 764 1876 asperam,
788 1799 918 1868 trucem,
940 1793 1139 1870 novatricem,
1163 1794 1319 1860 servitutis
1341 1796 1565 1878 impatientem,
1592 1797 1677 1886 quas
1702 1806 1762 1869 snb
1784 1806 1834 1870 ills

471 1881 606 1952 biennali
619 1883 712 1948 stella
724 1890 806 1950 essat
820 1880 912 1956 edita,
927 1892 1145 1970 succretursm:
1170 1903 1228 1947 nou
1243 1877 1332 1947 vaide
1350 1885 1467 1962 mirum,
1480 1889 1508 1951 si
1521 1889 1669 1956 Herodes
1685 1901 1831 1978 tyrannas

474 1993 514 2040 ex
526 1993 562 2038 so
575 1972 728 2040 consilrum
743 1970 875 2054 cepisset
888 1972 1075 2053 exstirpandi
1089 1972 1172 2038 ill'am
1186 1974 1216 2036 iu
1231 1974 1299 2054 ipss
1311 1973 1415 2038 lrerba
1435 1977 1538 2060 Atque
1552 1979 1831 2050 hoc-fundamento

473 2065 562 2130 nixos
578 2070 652 2145 puto
666 2080 720 2125 eos
741 2068 900 2140 (Braneun,
919 2065 1100 2143 merlinum),
1125 2062 1175 2146 qui
1193 2062 1365 2143 significata
1386 2066 1495 2129 stoll'se
1514 2087 1626 2147 novae,
1654 2087 1830 2155 quae'auue

476 2149 570 2220 1572.
595 2150 719 2225 exarsit,
741 2150 772 2212 in
794 2169 903 2214 annun
928 2150 967 2213 ab
989 2151 1042 2214 illo
1065 2150 1246 2220 tricesimum
1269 2161 1301 2214 et
1324 2153 1403 2217 ultra
1429 2151 1645 2248 contulerunt:
1678 2163 1763 2244 quod
1785 2164 1829 2248 qur'

473 2237 857 2317 meserecordiae
881 2249 1014 2320 tempore
1037 2239 1150 2321 elapsis
1171 2242 1236 2322 jam
1267 2239 1311 2306 34
1334 2242 1421 2306 annis
1447 2244 1478 2308 in
1507 2245 1591 2311 viros
1622 2253 1830 2317 succreverint

474 2339 509 2396 st
529 2330 619 2394 rebus
641 2327 781 2412 gerendis
803 2327 903 2392 idonei
926 2328 1001 2393 sint.¹
1045 2330 1234 2394 Tantundem
1258 2328 1365 2414 quippe
1388 2336 1532 2416 temporis
1556 2335 1653 2402 fluxit
1676 2341 1775 2406 etiarn
1795 2343 1827 2406 sb

475 2430 582 2486 exortu
603 2419 762 2500 Magorum
784 2417 903 2493 stellae,
927 2418 1098 2501 prinsquam
1121 2413 1191 2501 quid
1214 2418 1267 2482 ills
1288 2421 1472 2502 significaret
1489 2424 1521 2488 in
1536 2411 1679 2506 Christo,
1707 2433 1759 2513 qui
1776 2433 1826 2494 sui

474 2509 515 2575 ea'
544 2518 634 2574 natm
665 2515 765 2578 erat„
780 2515 911 2589 pateret
956 2505 1134 2589 Respondet
1165 2517 1313 2590 aetaset
1334 2511 1423 2574 ineo
1455 2513 1612 2596 principe,
1645 2519 1701 2600 qui
1732 2531 1825 2602 spreto

474 2599 636 2680 Torcsrum
658 2597 844 2678 Imperatore
868 2592 1052 2660 Christianis
1080 2616 1114 2660 ss
1141 2597 1245 2678 junxit
1267 2607 1299 2661 et
1330 2600 1455 2683 denique
1477 2603 1606 2668 Baciam
1632 2608 1735 2672 cessit
1757 2607 1824 2690 Regi

474 2687 666 2771 liungsrise,
678 2706 716 2749 ex
730 2705 794 2769 quo·
805 2694 939 2767 tempore
959 2696 993 2748 ut
1010 2685 1082 2750 olim
1095 2683 1208 2754 Airita.
1219 2686 1265 2750 sic
1278 2688 1342 2769 jam
1356 2689 1453 2753 Bacis
1471 2712 1593 2774 semper
1612 2694 1736 2780 aliquid
1754 2699 1821 2762 sori

564 2773 652 2849 Quae
675 2775 712 2838 ds
735 2775 926 2860 nascentibus
949 2774 1151 2852 dixi-eadem
1174 2796 1212 2839 ex
1233 2787 1320 2858 parts
1339 2781 1423 2842 etde
1445 2781 1506 2844 illis
1529 2784 1821 2870 intelligantur,'qui

475 2864 578 2930 multis
604 2857 693 2928 suuis
709 2864 868 2938 ¹untedio
891 2860 944 2930 29.
968 2861 1021 2930 30.
1044 2863 1224 2940 Novembris
1253 2868 1333 2949 stylo
1360 2869 1456 2932 veteri
1482 2873 1547 2935 uati
1580 2869 1676 2953 sunt',
1710 2895 1821 2961 quoru

477 2953 560 3020 Solis
591 2955 689 3020 locum
717 2953 809 3017 stella
838 2953 1015 3035 occuparit,
1051 2965 1112 3017 sut.
1133 2954 1160 3017 si
1191 2955 1296 3037 quibus
1316 2957 1355 3046 ¹irr
1374 2958 1524 3046 ¹orientem
1560 2962 1674 3027 incidit
1682 2979 1702 3044 3·
1726 2967 1820 3049 quibu

476 3043 615 3110 similiter
634 3043 736 3119 stella,
761 3043 936 3126 quantisper
950 3043 1069 3125 quidem
1087 3044 1181 3120 fulsit,
1205 3063 1264 3108 non
1283 3045 1395 3111 influxu
1408 3050 1463 3112 ssd
1482 3055 1693 3122 commotione
1714 3057 1821 3120 occulta

432 3185 439 3198 .
465 3133 654 3198 'facultatum
672 3132 789 3220 animae
807 3132 988 3195 naturalium
1003 3132 1141 3196 stimulos
1156 3134 1195 3222 sd
1213 3153 1262 3198 res
1276 3137 1424 3216 gerendas
1442 3139 1599 3206 addidisse
1615 3139 1819 3228 credipotest

360 3287 364 3296 ,
563 3221 647 3292 Haec
670 3229 772 3284 umen
793 3221 874 3284 intra
891 3219 953 3302 hos,
969 3220 1113 3286 terminos
1135 3223 1345 3304 conquiescere
1369 3243 1492 3290 necesse
1508 3240 1577 3307 est;
1603 3252 1687 3316 quse
1706 3238 1820 3318 primum

476 3311 634 3467 tiled
657 3329 788 3481 53:2¹5?
800 3310 1203 3482 lzlrtll‘rrll't
1216 3315 1463 3485 tritt}
1482 3323 1822 3482 ''rrriltr‘lt

477 3492 541 3573 eius
564 3490 666 3554 sextili
689 3489 803 3562 feriret,
826 3488 897 3552 Sole
920 3490 976 3552 sub
998 3490 1097 3571 ipsum
1124 3500 1260 3555 exortum
1282 3495 1389 3555 stellse
1413 3495 1442 3556 in
1466 3496 1517 3559 illo
1545 3503 1647 3578 gradu
1678 3519 1821 3580 versante,

476 3601 568 3645 ausus
591 3590 640 3642 est
662 3577 763 3641 felicia
785 3577 885 3641 omnis
903 3580 1068 3660 etquidem
1091 3600 1232 3661 magnam
1250 3582 1279 3644 in
1294 3583 1418 3664 imperio
1438 3585 1597 3666 dignitatis
1621 3596 1822 3659 accessionem

475 3665 620 3753 polliceri.
659 3667 825 3740 Quod·hnc
849 3669 914 3731 loco
933 3688 991 3731 non
1010 3670 1070 3731 slio
1090 3670 1214 3732 consilio
1237 3673 1388 3748 recenseo,
1412 3693 1500 3756 quam
1520 3687 1554 3738 ut
1577 3698 1734 3759 moneam,
1756 3704 1823 3768 quac

366 3763 369 3770 '
476 3760 519 3823 sic
543 3777 599 3840 ego
622 3758 659 3821 de
682 3756 843 3839 generibus
871 3757 947 3834 dixi,
982 3758 1155 3839 longissime
1186 3760 1307 3823 div'erss
1334 3782 1401 3823 esse
1425 3764 1464 3826 ab
1486 3768 1716 3848 astrologorum
1740 3788 1771 3839 et
1790 3775 1822 3838 ab

476 3848 524 3912 his
547 3847 622 3929 ipsis
637 3846 766 3910 fabricii
791 3847 929 3911 decretis.
964 3847 1044 3912 Nam
1062 3857 1097 3910 nt
1117 3846 1193 3910 nihil
1212 3850 1323 3927 dicam,
1349 3852 1436 3931 longe
1460 3856 1635 3936 quaesitam
1660 3883 1733 3929 esse
1755 3859 1822 3928 haut

476 3937 583 4002 stellas
605 3955 672 4010 curo
686 3936 739 4000 illa
752 3935 857 4017 genesi
874 3933 1083 4018 cognationem
1100 3937 1272 4002 interventu
1287 3939 1388 4003 Solis:
1414 3943 1501 4023 longe
1521 3945 1605 4008 aliud
1622 3961 1685 4029 est,
1701 3955 1822 4037 aliquem

475 4047 553 4091 suno
573 4023 676 4091 ¹1605.
711 4025 870 4106 inquietari
898 4045 936 4100 ex¹
968 4027 1086 4089 occulta
1115 4026 1320 4092 stimulatione
1353 4040 1478 4094 naturae
1510 4053 1585 4097 snae
1618 4058 1679 4121 per
1711 4046 1822 4107 stellam

476 4116 576 4193 lecta,
608 4124 640 4180 et
666 4115 793 4178 eundem
815 4133 854 4177 ox
876 4116 932 4178 hoo
955 4135 1032 4177 anno
1059 4110 1152 4180 1605.
1177 4116 1208 4179 in
1236 4130 1389 4199 postemm
1416 4124 1613 4204 praecipuam
1647 4132 1821 4216 digniutsrr

353 4243 362 4266 ι
474 4205 505 4268 ἰιι
518 4203 647 4286 Ιιιιρειίο
669 4202 848 4280 Germanico
871 4214 1048 4284 exspectare
1071 4204 1181 4268 debere
1205 4208 1325 4289 suisqo's
1348 4210 1483 4273 consiliis
1505 4214 1636 4295 Imperii
1661 4230 1777 4287 statum
1796 4224 1820 4285 in

473 4294 580 4450 ¹rplelgus
610 4294 845 4358 emendaturum.
899 4293 965 4356 Hoc
995 4294 1112 4357 consilii
1143 4305 1194 4360 est
1224 4298 1575 4383 circumstantiarumque
1609 4309 1822 4385 sublunarium

475 4383 527 4448 'u
571 4392 706 4450 ssimae.

1053 4574 1235 4587 m—--n-

1000 4756 1120 4857 Csput
1144 4753 1291 4834 ΧΧΙΧ,
1329 4800 1357 4838 ·,
1447 4859 1455 4890 ,

746 4911 751 4922 '
780 4933 838 5001 De
860 4899 996 5021 rrqosr
1015 4937 1101 5020 reret
1120 4936 1324 5003 morosos
1345 4927 1511 5023 offenso.

562 5092 776 5178 luteriioiends
797 5103 846 5161 est
867 5104 1010 5178 separata
1022 5097 1099 5160 hseo
1119 5097 1282 5180 explicatio
1300 5118 1359 5162 non
1380 5107 1499 5165 tanturn
1512 5101 1593 5184 ideo,
1619 5111 1694 5194 qnia
1716 5113 1816 5199 impes.

344 5187 360 5198 '
478 5181 559 5252 istu
579 5184 728 5250 ridebitur
749 5183 859 5267 tn‘goni
885 5186 965 5267 ignei
997 5185 1174 5271 descriptio,
1207 5188 1264 5252 nisi
1286 5189 1417 5270 paucula
1447 5191 1550 5277 aliqu's
1584 5191 1816 5283 respondeantur
