4584 6192
554 580 621 649 4⁷2
979 582 1081 632 Limras
1096 582 1202 646 Kopion
1221 584 1371 648 annuaque
1389 589 1491 634 uacuae

555 760 612 822 sub
667 760 773 822 onibus
797 778 874 833 esse,
895 759 1030 838 jucunda
1052 758 1123 818 milri
1148 757 1280 819 auditio:
1308 760 1362 821 sed
1392 761 1533 822 festivum
1557 762 1666 841 juxta,
1695 769 1783 822 tanto
1814 761 1912 843 ipsum

554 778 665 924 istdl
680 848 737 911 sibi
761 866 868 910 cavere
890 868 908 908 a
928 846 1156 927 personalibus:
1181 848 1267 927 quasi
1281 867 1330 908 res
1352 850 1394 909 sit
1416 851 1553 912 scandali
1577 852 1668 931 plena
1686 859 1718 914 et
1738 867 1805 912 cum
1827 853 1911 931 peri-

554 937 621 1001 oulo
645 938 817 1017 conjuncta,
841 936 993 1017 autquasi
1016 935 1201 1016 argumentis
1217 935 1279 998 suis
1300 935 1453 1020 infamiam
1474 940 1610 1018 personis
1626 939 1669 1001 sit
1686 938 1928 1003 conciliaturus·

552 1026 629 1090 Dico
654 1046 710 1105 ego
734 1025 844 1100 Mario,
868 1045 926 1087 nou
950 1026 1113 1104 Keplerum
1142 1032 1259 1087 tantum
1283 1035 1314 1086 et
1339 1024 1526 1103 Galilaeum,
1555 1029 1611 1090 sed
1639 1029 1798 1107 plerosque
1822 1030 1911 1092 hodie

552 1116 783 1179 mathematicos
808 1133 845 1175 ex
865 1114 902 1176 iis
926 1115 975 1193 qui
990 1114 1102 1194 aliquid
1118 1133 1206 1175 curae
1231 1124 1345 1193 ponunt
1365 1115 1394 1177 in
1414 1137 1471 1178 sua
1493 1118 1688 1197 professione,
1713 1118 1910 1198 philosopho·

551 1224 617 1269 rum
635 1204 894 1285 profundissimos,
920 1204 1062 1283 plurimos
1082 1203 1227 1274 medicos,
1250 1219 1313 1264 non·
1327 1224 1440 1283 paucos
1459 1206 1693 1286 jureconsultos,
1719 1207 1767 1285 qui
1793 1208 1912 1270 scilicet

551 1293 628 1357 haec
652 1292 754 1355 studia
775 1292 854 1354 iuter
877 1291 1001 1354 delicias
1023 1292 1166 1370 privatim
1187 1291 1316 1364 habent,
1343 1311 1397 1354 nec
1421 1295 1517 1358 miuus
1542 1313 1579 1355 ex
1607 1296 1757 1375 theologis
1781 1297 1909 1377 aliquos,

549 1401 644 1466 penes
659 1402 705 1444 me
720 1381 749 1443 iu
773 1388 929 1444 numerato
950 1400 1027 1455 esse,
1052 1381 1120 1442 huic
1140 1381 1258 1442 liaercsi
1272 1380 1450 1446 mobilitatis
1465 1384 1577 1446 Terrae
1601 1383 1749 1447 addictos.
1789 1385 1912 1450 Vellem

549 1470 651 1551 igitur,
674 1470 791 1533 Marius
819 1470 1012 1532 refutationis
1035 1489 1107 1531 suae
1136 1469 1295 1531 materiam
1323 1470 1433 1534 habere
1462 1479 1567 1550 posset
1589 1492 1627 1533 ex
1652 1473 1753 1535 libello
1781 1494 1848 1539 meo
1872 1477 1909 1537 de

550 1559 706 1641 principiis
729 1559 943 1631 astronomiae,
968 1559 1115 1639 quemad
1141 1557 1339 1619 Imitationem
1364 1561 1431 1622 libri
1450 1561 1475 1621 Ι.
1502 1561 1733 1639 Sphaericornm
1753 1564 1909 1626 Maestlini

550 1645 743 1718 concinnavi;
767 1647 934 1708 sedunum
958 1647 1054 1708 solum
1078 1647 1247 1725 exemplum
1275 1647 1370 1708 habeo
1395 1649 1484 1724 (dicit
1506 1650 1553 1711 his
1577 1650 1728 1730 Keplerus
1750 1651 1910 1732 Epitomes

550 1757 623 1802 suae
646 1735 863 1800 Astronomiae
888 1734 1113 1817 Copornicanae
1144 1743 1276 1814 partem,
1308 1757 1396 1815 quam
1426 1758 1504 1800 auno
1534 1740 1651 1801 demum
1684 1736 1769 1803 16¹8
1796 1742 1909 1821 publici

543 1826 623 1906 juris
650 1826 749 1899 fecit).
795 1825 934 1887 Inveniet
957 1826 1074 1887 Marius
1103 1825 1183 1905 quod
1211 1825 1321 1887 refutet
1349 1826 1379 1888 in
1407 1827 1465 1889 mei
1495 1826 1710 1890 Commentarii
1741 1831 1777 1891 de
1806 1831 1909 1893 Marte

547 1915 780 1990 introductione,
804 1914 966 1976 summarie
989 1915 1106 1975 ratione
1126 1914 1163 1974 ob
1188 1914 1290 1975 oculos
1313 1916 1462 1995 positum;
1487 1936 1594 1977 nervos
1618 1927 1718 1977 tamen
1743 1936 1908 1998 argumen-

547 2012 648 2068 torum
678 2023 733 2085 per
763 2003 834 2086 ipsa
870 2002 1085 2065 commentaria
1115 2020 1238 2083 sparsos
1271 2012 1393 2083 oportet
1422 2012 1456 2066 nt
1485 2005 1657 2067 consIderet
1682 2005 1780 2085 juxto.
1832 2006 1908 2072 Cum

547 2094 643 2160 samis
676 2111 732 2174 ego
763 2112 821 2154 uno
854 2092 946 2154 verbo
976 2091 1129 2171 transigo:
1162 2092 1199 2153 de
1238 2093 1460 2155 mathematicis
1492 2094 1668 2173 loquuntur,
1706 2115 1763 2158 uon
1798 2096 1909 2160 docent

548 2181 786 2256 mathematica3
819 2182 979 2261 loquuntur
1009 2189 1128 2256 autem,
1162 2187 1196 2241 ut
1218 2182 1286 2261 capi
1318 2182 1455 2261 possint,
1490 2183 1520 2243 id
1544 2192 1592 2244 est
1613 2203 1750 2246 sermone
1781 2187 1906 2249 usitato.

550 2272 597 2335 At
618 2271 724 2334 usitati
747 2271 894 2333 sermonIs
916 2270 1063 2349 magister
1086 2269 1183 2343 oculi;
1209 2272 1310 2331 oculos
1333 2290 1405 2333 vero
1431 2272 1542 2351 decipi,
1566 2273 1669 2333 thema
1691 2282 1740 2335 est
1763 2275 1905 2354 opticum.

547 2357 611 2424 Sed
629 2361 732 2441 aliqua
749 2359 836 2440 hujus
852 2366 883 2420 et
896 2358 927 2420 in
943 2357 1133 2421 Germanicis
1149 2358 1258 2420 libellis
1279 2361 1353 2422 meis
1373 2368 1479 2423 contra
1497 2359 1674 2423 Roeslinum
1699 2370 1730 2425 et
1743 2363 1904 2427 Feselium

636 2448 786 2530 Imprimis
809 2447 946 2529 gaudeo,
976 2468 1043 2510 esse
1067 2447 1097 2509 in
1123 2446 1305 2524 Germania,
1339 2448 1388 2529 qui
1421 2469 1488 2512 cum
1510 2449 1590 2511 Italo
1615 2448 1755 2514 Galilaeo
1781 2450 1810 2514 iu
1835 2472 1904 2515 cer-

549 2546 651 2603 tamen
673 2538 778 2601 veniat
800 2537 953 2618 aperiendi
977 2536 1064 2604 nobis
1087 2556 1201 2600 arcana
1222 2537 1387 2607 coelestia,
1421 2548 1453 2600 et
1485 2557 1559 2617 rogo
1582 2539 1670 2601 Dom.
1697 2541 1813 2614 Tuam,
1846 2543 1904 2604 ad-

546 2628 678 2691 horteris
702 2628 850 2701 Marium,
883 2634 918 2687 nt
945 2625 1134 2688 obtrectandi
1167 2627 1312 2701 affectus,
1349 2628 1430 2689 inter
1453 2627 1592 2689 nationes
1622 2629 1763 2702 usitatos,
1799 2639 1906 2692 tanta

546 2714 752 2797 diligentia
784 2713 978 2788 excludat,
1013 2721 1186 2796 qnantum
1219 2715 1290 2776 sibi
1323 2717 1527 2778 cavendum
1560 2717 1707 2778 statuit
1738 2719 1853 2799 prins
1886 2739 1906 2782 a

544 2802 830 2888 personalibus:
855 2801 995 2865 veritatis
1019 2802 1097 2866 enim
1119 2822 1170 2865 res
1193 2804 1303 2883 agitm.

636 2892 794 2958 Galiloeus
832 2891 965 2971 Prugam
996 2892 1119 2972 scripsit
1150 2902 1220 2954 ante
1253 2912 1372 2955 meuses
1403 2893 1538 2974 aliquot,
1570 2894 1693 2958 stellam
1725 2894 1812 2958 canis
1842 2916 1904 2960 nou

545 2981 681 3048 obtinere
716 2981 990 3064 quinquagesimam
1022 2990 1140 3063 partem
1169 2981 1206 3043 de
1230 2982 1316 3043 Jovis
1340 2983 1520 3062 quantitate.
1567 2980 1685 3062 Opinor
1717 2984 1839 3054 discos,
1871 2994 1904 3046 nt

544 3071 634 3149 solet,
658 3072 738 3136 inter
760 3090 794 3134 se
817 3077 982 3151 comparat,
1008 3085 1132 3152 quornm
1158 3070 1297 3133 diametri
1321 3071 1442 3133 suntin
1467 3072 1584 3133 ratione
1617 3073 1769 3154 septupla.
1805 3065 1903 3136 'Ilaec

545 3171 617 3228 sunt
647 3159 738 3224 Marii
771 3159 911 3224 instituto
944 3160 1033 3241 plane
1067 3157 1297 3222 consentientia.
1352 3159 1399 3222 De
1433 3157 1576 3246 Veneris¹
1596 3182 1707 3242 quoqne
1742 3159 1902 3226 Galilaeae

544 3271 647 3316 mense
666 3247 831 3314 Novembri
854 3269 920 3329 sup.
945 3249 1015 3310 anni
1039 3246 1162 3328 scripsit
1183 3249 1315 3327 Pragarn
1338 3249 1478 3327 aenigma
1501 3247 1577 3323 (uid.
1592 3270 1629 3329 p.
1652 3245 1756 3324 465);
1782 3260 1858 3330 post
1882 3249 1902 3316 3

545 3359 666 3404 menses
690 3339 809 3420 aperuit
830 3340 979 3419 aenigma.
1025 3337 1107 3398 Ecce
1129 3355 1308 3400 consensum
1332 3338 1410 3399 inter
1434 3336 1605 3400 Galilaeum
1630 3348 1662 3400 et
1684 3340 1825 3405 Marium.

634 3428 765 3510 Oportet
778 3428 877 3490 Mario
893 3447 960 3489 esse
976 3426 1230 3506 perlectisslmum
1246 3442 1284 3487 ex
1298 3427 1405 3510 Belgio
1419 3419 1667 3501 instrumentum,
1685 3447 1744 3509 qua
1758 3428 1900 3510 liquidem

545 3537 601 3601 ego
625 3538 728 3594 careo;
753 3538 822 3580 nam
846 3515 915 3579 Itali
940 3517 1075 3596 perlecta
1098 3529 1154 3578 sua
1178 3514 1265 3578 nimis
1290 3515 1462 3579 aestimant.
1511 3513 1635 3597 Opinor,
1660 3536 1718 3578 non
1741 3519 1899 3600 neglectu-

546 3629 611 3673 rum
635 3628 703 3672 esse
726 3607 857 3670 Marium
880 3614 1107 3685 argumentum,
1136 3605 1213 3684 quod
1237 3625 1277 3666 ex
1299 3606 1357 3666 lrac
1381 3604 1606 3667 illuminationis
1631 3606 1761 3669 Veneris
1785 3610 1902 3672 ratione

545 3698 692 3761 extruitur
716 3716 769 3778 pro
794 3694 970 3775 Copernico,
994 3694 1122 3765 Braheo,
1149 3695 1237 3761 Urso,
1264 3692 1400 3772 Capella,
1426 3695 1503 3772 quod
1520 3693 1678 3755 Galiloeus
1708 3697 1803 3757 multa
1836 3718 1901 3759 cum

542 3785 711 3851 festivitate
736 3783 900 3865 explicavit
922 3783 1018 3845 literis
1042 3782 1176 3856 Italicis,
1211 3801 1287 3861 quae
1311 3783 1536 3862 conjungentur,
1562 3792 1594 3844 ut
1618 3802 1720 3864 spero,
1746 3804 1813 3846 cum
1834 3807 1901 3847 mea

541 3874 707 3959 Dioptrice,
733 3893 808 3954 quae
823 3873 979 3952 Augustae
1000 3869 1188 3952 imprimitur.
1227 3869 1343 3941 Quodsi
1368 3870 1487 3936 interim
1510 3873 1624 3937 consuli
1647 3881 1750 3952 potest
1772 3876 1899 3949 Marius,
1940 3876 1947 3890 '

545 3966 740 4037 consulatum
772 3981 829 4042 ego
862 3960 940 4023 enim
968 3961 1045 4022 hauc
1069 3960 1216 4039 epistolae
1240 3960 1396 4023 Marianas
1419 3960 1599 4039 particulam
1622 3962 1786 4043 adjungam
1810 3963 1900 4028 Gali-

543 4055 604 4117 lnei
627 4054 733 4125 literis,
758 4051 815 4111 nisi
840 4050 990 4111 diversum
1013 4050 1130 4110 interea
1153 4049 1268 4111 Marius
1292 4070 1312 4109 a
1335 4069 1382 4109 me
1406 4050 1539 4127 petierit.

631 4140 733 4203 Velim
756 4140 853 4212 scire,
886 4157 924 4199 an
956 4147 987 4199 et
1010 4138 1039 4208 in
1065 4137 1196 4199 Saturno
1221 4138 1290 4198 novi
1315 4139 1384 4217 qnid
1409 4148 1559 4217 agnoscat
1580 4137 1719 4199 Marius?
1753 4132 1902 4197 Gratulor

542 4230 635 4296 etism
658 4230 695 4290 de
721 4227 852 4291 inventis
877 4226 1001 4289 duorum
1023 4223 1185 4288 Jovialium
1209 4226 1376 4289 satellitum
1399 4227 1542 4306 periodis.
1586 4226 1717 4308 Scripsit
1741 4222 1901 4286 Galiloeus

542 4318 688 4401 superiori
711 4314 888 4380 Decembri:
922 4334 1011 4394 spero
1040 4316 1096 4377 che
1119 4315 1230 4396 havero
1255 4325 1375 4378 trovato
1399 4316 1421 4378 il
1444 4317 1563 4378 metodo
1588 4325 1647 4378 etc.
1693 4315 1761 4394 Ego
1785 4315 1900 4378 mensi·

541 4410 598 4472 bns
621 4407 720 4488 Aprili
744 4415 776 4468 et
798 4405 882 4485 majo
907 4405 1107 4465 instrumento
1131 4423 1189 4465 non
1214 4406 1303 4466 valde
1329 4406 1499 4479 excellenti,
1525 4425 1582 4484 quo
1605 4424 1779 4485 supremum
1803 4405 1900 4466 raris-

539 4500 614 4563 sime
636 4516 759 4561 cernere
783 4495 888 4575 potui,
921 4493 1074 4573 periodum
1099 4494 1326 4574 pene-supremi
1350 4494 1501 4555 invenisse
1524 4494 1637 4555 videor.
1686 4492 1766 4556 Octo
1786 4494 1902 4555 dierum

540 4587 639 4669 spatio
665 4586 801 4649 circumit
810 4603 818 4659 ;
845 4581 1003 4644 Galiloeus
1019 4601 1158 4662 supremo
1183 4582 1257 4651 dies,
1282 4582 1312 4642 ni
1337 4584 1434 4656 fallor,
1459 4581 1497 4645 15
1514 4582 1606 4644 dedit.
1623 4581 1760 4644 liuentis
1776 4581 1902 4644 duorum

539 4678 670 4741 motibus
694 4680 815 4756 oportet
838 4680 870 4736 et
892 4669 1070 4750 reliquorum
1102 4672 1224 4733 taudem
1252 4671 1379 4733 inveniri
1412 4691 1500 4751 posse
1525 4692 1580 4750 ope
1606 4672 1674 4733 boni
1699 4670 1900 4733 instrumenti.

544 4783 546 4787 ·
625 4765 778 4828 Hucusque
796 4761 938 4826 Keplerusr
958 4760 1060 4825 reliqua,
1080 4774 1144 4824 quse
1163 4762 1248 4811 insunt
1265 4760 1302 4811 his
1321 4761 1407 4818 literiz,
1426 4761 1588 4825 astrologicae
1606 4760 1721 4811 Vickenii
1740 4762 1901 4826 quaestiones

537 4836 654 4893 ttu'nent,
674 4848 756 4901 eaque
775 4834 890 4900 leguntur
909 4830 966 4881 Vol.
985 4831 1003 4881 1.
1023 4847 1049 4896 p.
1067 4827 1128 4882 368.

626 4908 760 4964 Marius,
790 4918 864 4971 aegre
891 4904 973 4953 ferens
991 4902 1093 4966 Kepleri
1123 4903 1312 4960 annotationes,
1341 4904 1406 4965 prius
1430 4904 1493 4952 forte
1511 4919 1554 4967 per
1572 4903 1722 4954 Violenium
1748 4903 1840 4954 deinde
1857 4918 1902 4967 per

536 4978 598 5030 allos
619 4980 698 5037 ,siros
716 4974 895 5027 nobilissimos“
914 4974 1051 5037 Keplerum
1071 4973 1133 5024 adiit
1159 4975 1297 5038 petiitque.
1325 4982 1354 5025 ut
1372 4981 1520 5025 retractaret
1546 4990 1621 5041 grave
1640 4977 1672 5027 de
1691 4978 1743 5039 ipso
1768 4976 1900 5037 junctum.

536 5049 647 5113 Quormn
661 5050 771 5100 virorum
788 5048 888 5099 monitis
906 5052 1031 5111 pmmotus
1049 5045 1174 5109 Keplorus
1192 5045 1256 5095 haec
1275 5045 1344 5096 dedit
1361 5044 1461 5096 Mario:
