4584 6192
459 597 522 669 138
921 601 1110 669 Paralipomeut
1127 605 1153 656 lu
1173 602 1339 657 Vitelllousm.

457 785 586 864 longum,
611 790 645 845 ut
667 781 697 844 in
721 788 826 862 partes
845 782 903 843 ΒΗ
925 784 1010 855 (uam
1030 789 1168 863 respectu
1192 781 1278 863 bujus
1301 782 1395 846 solius
1419 783 1517 845 lineae
1537 782 1665 845 maxime
1689 782 1812 863 obliqua

457 881 505 936 est
527 872 566 934 ad
589 872 687 952 ipsam
709 871 799 944 AB),
834 878 866 932 et
887 870 984 932 -lertur
1007 871 1070 933 sire
1102 880 1278 934 attenuatur
1301 871 1352 933 lux
1376 890 1433 934 non
1467 889 1571 933 versus
1603 880 1721 954 partem
1746 870 1811 945 BC,
1838 885 1841 895 ·

457 961 511 1024 sad
534 978 642 1023 versus
665 959 733 1021 ΒΗ.
781 958 862 1038 Ergo
886 960 1059 1041 superficies
1083 968 1229 1040 exparte
1253 960 1311 1022 BH
1334 961 1451 1023 resistit
1475 961 1541 1023 huic
1566 960 1660 1022 motui
1684 960 1810 1023 existit-

457 1069 514 1132 que
537 1049 607 1112 binc
630 1048 717 1130 quasi
740 1050 887 1128 quaedam
911 1049 1034 1110 reflexio
1058 1050 1115 1112 AB
1139 1049 1168 1110 iu
1192 1048 1262 1125 BG,
1285 1051 1375 1130 plane
1403 1048 1509 1112 similis
1534 1050 1606 1123 illis,
1637 1067 1714 1129 quae
1738 1050 1811 1111 dunt

457 1139 488 1201 in
511 1137 685 1219 corporibus
710 1136 896 1199 naturalibus
919 1136 1073 1217 projectis.

546 1227 684 1288 Tentabo
714 1225 838 1287 eandem
872 1226 1127 1305 comparationem
1156 1234 1256 1288 motus
1285 1226 1403 1307 physici
1432 1245 1498 1287 cum
1527 1235 1608 1288 motu
1642 1226 1719 1290 lucis
1742 1226 1812 1288 aliis

457 1323 490 1378 et
511 1316 714 1397 pressioribus
738 1314 934 1393 argumentis.
982 1314 1069 1385 Quod
1093 1315 1171 1376 euim
1196 1323 1244 1376 est
1267 1315 1296 1376 iu
1320 1325 1400 1377 motu
1424 1314 1550 1396 physico
1579 1315 1709 1378 medium
1733 1317 1811 1377 den-

458 1404 537 1479 sius,
571 1404 681 1467 cedens
710 1412 831 1475 tumen,
861 1412 895 1464 ut
917 1404 1033 1484 pondus
1058 1423 1090 1466 se
1115 1404 1181 1484 ipso
1215 1404 1386 1484 quiescens,
1417 1404 1525 1465 mobile
1549 1412 1650 1465 tamen
1684 1404 1812 1486 impulsu

458 1493 600 1568 alterins,
625 1491 681 1554 hoc
705 1500 753 1553 est
776 1491 805 1552 iu
832 1490 889 1553 hoc
914 1493 1035 1572 negotio
1059 1492 1232 1572 superficies
1256 1493 1386 1567 densior,
1411 1494 1465 1555 sed
1489 1512 1564 1573 quae
1589 1501 1690 1554 tamen
1713 1495 1811 1556 lucem

458 1582 649 1646 transmittat
671 1588 703 1641 ct
726 1581 944 1661 quodammodo
968 1581 1109 1642 transitui
1134 1581 1233 1643 cedat.

545 1671 625 1733 Nam
641 1679 674 1732 ut
695 1669 724 1732 in
744 1677 826 1730 motu
849 1669 975 1751 physico
999 1672 1091 1731 telum
1115 1671 1265 1732 interdum
1285 1689 1350 1731 cum
1366 1687 1397 1730 rs
1415 1670 1452 1731 ad
1473 1689 1561 1749 quam
1583 1667 1811 1731 collimabamus

460 1759 622 1832 colliditur,
656 1758 964 1838 adhaerescentiaque
987 1766 1088 1819 mutuo
1121 1766 1250 1838 pergunt
1274 1759 1399 1820 eandem
1432 1758 1511 1821 viam
1540 1777 1598 1819 uno
1629 1767 1733 1819 motu:
1767 1755 1813 1816 ita

458 1850 536 1911 idem
559 1848 607 1911 liic
626 1848 746 1909 lituum
769 1847 835 1908 luce
859 1856 890 1907 et
913 1848 1066 1925 superficie
1091 1848 1239 1917 densiore,
1264 1866 1352 1928 quam
1372 1847 1422 1909 lox
1445 1855 1595 1928 penetrat,
1620 1847 1685 1908 sins
1709 1853 1811 1907 tamen

459 1937 588 2000 materia
611 1943 665 1997 aut
687 1934 853 1996 soliditatis
877 1936 1070 1998 dimensione.

546 2024 608 2088 Sed
633 2024 720 2087 rideo
744 2024 818 2085 illud
842 2025 879 2085 de
902 2032 984 2086 motu
1007 2025 1132 2107 physico
1156 2026 1186 2087 in
1210 2024 1287 2086 hanc
1310 2042 1403 2104 usque
1428 2022 1506 2085 diem
1530 2042 1588 2084 nou
1613 2022 1690 2086 satis
1714 2021 1813 2101 expli-

459 2123 574 2191 catum,
600 2134 652 2176 cur
675 2113 704 2175 in
728 2112 784 2175 hoc
808 2131 925 2194 quoque
955 2114 1097 2176 refractis
1122 2115 1243 2176 accidat
1265 2132 1318 2175 seu
1345 2113 1447 2191 potius
1470 2113 1599 2174 deflexio
1623 2111 1718 2193 (quod
1743 2128 1813 2172 rer·

459 2206 528 2266 bum
551 2204 582 2266 in
605 2202 730 2285 physico
753 2209 835 2263 motu
859 2202 956 2281 magis
980 2213 1028 2264 est
1050 2205 1217 2282 proprium)
1241 2223 1260 2263 a
1283 2201 1399 2264 directa
1427 2201 1506 2263 linea
1538 2209 1637 2266 motus
1672 2200 1710 2261 ad
1735 2217 1812 2267 earo,

459 2311 536 2374 quae
559 2291 815 2374 perpendicularis
839 2299 887 2352 est
910 2291 1076 2370 superficiei
1100 2292 1253 2372 objectae,
1278 2290 1410 2370 quoties,
1435 2291 1513 2371 quod
1534 2291 1705 2372 impulsum
1727 2286 1814 2358 tacit,

459 2381 578 2462 oblique
606 2380 635 2442 in
664 2380 741 2442 hanc
773 2379 889 2442 incidit.
935 2381 977 2442 Et
1004 2381 1073 2461 quia
1106 2381 1256 2460 negotium
1289 2388 1384 2442 totum
1418 2378 1513 2441 librae
1545 2380 1663 2442 ratione
1697 2378 1813 2450 nititur,

460 2470 665 2533 deducendum
689 2477 738 2531 est
760 2489 779 2530 a
801 2487 855 2529 sno
880 2469 973 2530 ionte.
1019 2470 1084 2531 Nec
1107 2470 1185 2531 enim
1208 2476 1282 2548 puto
1304 2469 1376 2530 milri
1406 2469 1510 2529 datum
1534 2468 1568 2530 iri
1593 2469 1707 2543 locum,
1735 2467 1815 2529 lrauc

461 2558 748 2623 demonstrationem
771 2557 844 2619 alibi
868 2558 1051 2620 commodius
1076 2557 1263 2638 expediendi.

551 2644 680 2719 Quaerit
701 2646 731 2709 in
747 2646 934 2709 Machanicis
953 2647 1147 2721 Aristoteles,
1173 2666 1249 2727 quae
1273 2665 1366 2706 causa
1390 2645 1431 2706 sit
1449 2664 1510 2720 cnr,
1535 2646 1560 2706 si
1583 2645 1700 2708 trutina
1722 2661 1815 2724 supe·

462 2735 541 2799 riore
564 2737 632 2798 loco
656 2736 698 2799 sit
721 2754 810 2816 quam
834 2733 911 2796 libra
935 2746 967 2798 et
993 2747 1194 2798 exonerentur
1224 2736 1339 2809 lances,
1365 2733 1492 2813 virgula,
1521 2751 1597 2814 qnae
1621 2735 1703 2813 prius
1727 2731 1816 2795 incli-

461 2824 566 2900 nabat,
589 2826 650 2907 jam
673 2825 853 2887 restituatur
873 2826 910 2886 ad
935 2824 1164 2905 aequilibrium:
1188 2825 1233 2885 sin
1255 2831 1355 2885 autern
1375 2823 1489 2884 tmtina
1508 2822 1551 2885 sit
1574 2823 1661 2898 inira,
1685 2822 1815 2901 virgula,

460 2922 496 2977 ut
518 2922 566 2976 est
589 2934 609 2976 a
630 2914 812 2993 ponderibus
839 2913 999 2988 inclinata,
1024 2922 1146 2975 maneat
1176 2932 1229 2974 uec
1257 2913 1365 2975 redeat
1392 2919 1566 2973 exonerata.
1613 2913 1817 2974 Demonstra-

461 3004 572 3067 tionem
585 3002 763 3066 Aristotelis
786 3021 881 3083 neque
904 3001 1057 3064 Jordanus
1076 3002 1198 3083 repetiit
1221 3021 1316 3083 neque
1332 2998 1489 3063 Cardenus
1511 3001 1561 3063 lib.
1584 3002 1620 3062 de
1636 2999 1818 3063 Subtilitate

461 3092 659 3174 approbarit:
690 3110 748 3152 non
778 3090 856 3153 enim
887 3090 1097 3154 substituisset
1120 3092 1230 3154 aliam:
1262 3092 1362 3151 forsan
1393 3089 1462 3169 quia
1492 3090 1619 3151 obscura
1649 3100 1707 3154 est.
1755 3087 1818 3151 Sed

462 3180 627 3245 Ourdaous
640 3200 699 3242 non
723 3180 817 3241 multo
836 3180 953 3252 clarior,
980 3179 1173 3242 Guidubaldo
1194 3180 1269 3241 adeo
1290 3179 1452 3259 displicuit,
1479 3186 1512 3239 ut
1530 3179 1619 3257 pleno
1635 3179 1710 3241 libro
1730 3196 1817 3259 quern

462 3271 499 3333 de
522 3269 617 3332 Libra
648 3268 772 3348 scripsit
800 3269 828 3330 in
858 3288 925 3331 curn
959 3269 1160 3331 inveheretur.
1175 3266 1201 3339 Β)
1248 3267 1350 3331 Causa
1373 3267 1607 3329 concertationis
1640 3268 1712 3330 milri
1743 3267 1820 3329 haee

461 3359 589 3432 videtur,
615 3358 693 3439 quod
717 3358 845 3419 alterum
869 3358 1059 3420 Aristotelici
1091 3357 1288 3438 problematis
1321 3356 1483 3418 membrum
1508 3357 1668 3419 absurdum
1699 3356 1821 3417 videtur

462 3457 495 3511 et
517 3446 700 3509 contrarium
724 3446 837 3507 sensui.
876 3445 978 3517 Quare
998 3447 1200 3509 dissimulavit
1213 3447 1375 3520 Jordanus,
1402 3443 1559 3507 Cardenus
1579 3464 1637 3507 noo
1658 3445 1820 3507 admodum

462 3535 591 3600 candide
624 3536 717 3597 etiam
750 3536 955 3598 demonstrare
989 3554 1153 3616 aggressus
1186 3544 1235 3597 cst
1267 3536 1345 3596 falso
1381 3541 1558 3612 acceptum3
1597 3536 1675 3614 quod
1709 3542 1820 3595 notans

464 3624 675 3688 Guidubaldus
707 3643 856 3704 sensuque
889 3626 1061 3686 convellens
1085 3626 1176 3687 etiam
1200 3644 1266 3686 eam
1300 3633 1434 3704 partem,
1469 3641 1545 3701 quae
1575 3642 1648 3684 vera
1671 3631 1720 3684 est
1742 3622 1823 3684 citra

360 3741 361 3745 ¹
462 3712 700 3777 controversiam
717 3713 811 3793 (quod
825 3714 957 3787 mirum),
982 3714 1065 3776 risus
1084 3723 1133 3776 est
1155 3733 1276 3794 negare,
1301 3714 1419 3791 culpam
1434 3730 1486 3773 cnr
1500 3712 1685 3779 Aristoteles
1710 3711 1823 3792 aliique

463 3802 648 3885 experiundo
672 3801 839 3863 erraverint
861 3803 891 3863 in
916 3803 1060 3865 materiae
1084 3802 1285 3864 lubricitatem
1307 3802 1477 3864 conferens.

552 3891 680 3954 Trutina
702 3899 806 3953 erecta
829 3891 871 3953 sit
895 3892 961 3965 AB,
987 3892 1105 3971 virgula
1129 3891 1205 3954 CD:
1236 3910 1331 3970 aeque
1354 3890 1523 3971 ponderent
1552 3885 1621 3955 CA,
1650 3888 1730 3951 AD:
1756 3888 1825 3949 dicu

464 4000 521 4043 nou
555 3979 731 4061 antiquitati
764 3987 883 4042 tanturn
915 3980 968 4042 sed
1002 4000 1099 4042 rerum
1127 3989 1270 4052 naturae,
1304 3981 1357 4041 sed
1388 3977 1512 4041 utilitati
1547 3977 1665 4055 generis
1699 3975 1825 4038 humani

463 4070 575 4132 bellum
605 4068 755 4136 indicere.
789 4068 839 4148 qui
869 4078 962 4150 negat
990 4070 1152 4131 redituram
1177 4068 1231 4131 OD
1255 4069 1293 4129 ad
1328 4066 1491 4130 horizontis
1525 4065 1745 4146 aequilibrium,
1771 4084 1825 4126 seu

463 4158 503 4220 ad
526 4158 653 4245 angulos
676 4177 743 4219 cum
770 4157 827 4218 BA
851 4168 961 4221 rectos.

802 4263 855 4328 Fig.
876 4262 918 4311 dl.
1383 4262 1435 4326 lig.
1460 4259 1502 4308 ⁴2.
