<?xml version="1.0" encoding="UTF-8"?>
<!DOCTYPE html PUBLIC "-//W3C//DTD XHTML 1.0 Transitional//EN"
    "http://www.w3.org/TR/xhtml1/DTD/xhtml1-transitional.dtd">
<html xmlns="http://www.w3.org/1999/xhtml" xml:lang="en" lang="en">
 <head>
  <title>
</title>
<meta http-equiv="Content-Type" content="text/html;charset=utf-8" />
  <meta name='ocr-system' content='tesseract 3.04.00' />
  <meta name='ocr-capabilities' content='ocr_page ocr_carea ocr_par ocr_line ocrx_word'/>
</head>
<body>
  <div class='ocr_page' id='page_1' title='image "./joanniskepleria02frisgoog_0696.png"; bbox 0 0 4584 6192; ppageno 0'>
   <div class='ocr_carea' id='block_1_1' title="bbox 465 612 1348 682">
    <p class='ocr_par' dir='ltr' id='par_1_1' title="bbox 465 612 1348 682">
     <span class='ocr_line' id='line_1_1' title="bbox 465 612 1348 682; baseline -0.001 -16"><span class='ocrx_word' id='word_1_1' title='bbox 465 612 536 682; x_wconf 66' lang='grc'>684</span> <span class='ocrx_word' id='word_1_2' title='bbox 951 613 990 666; x_wconf 84' lang='lat' dir='ltr'>De</span> <span class='ocrx_word' id='word_1_3' title='bbox 1009 614 1090 668; x_wconf 82' lang='lat' dir='ltr'>Stella</span> <span class='ocrx_word' id='word_1_4' title='bbox 1106 613 1179 667; x_wconf 78' lang='lat' dir='ltr'>Nous</span> <span class='ocrx_word' id='word_1_5' title='bbox 1196 613 1348 679; x_wconf 83' lang='lat' dir='ltr'>Serpautarii</span> 
     </span>
    </p>
   </div>
   <div class='ocr_carea' id='block_1_2' title="bbox 470 787 1853 2998">
    <p class='ocr_par' dir='ltr' id='par_1_2' title="bbox 470 787 1853 2998">
     <span class='ocr_line' id='line_1_2' title="bbox 470 787 1830 872; baseline -0.001 -16"><span class='ocrx_word' id='word_1_6' title='bbox 470 794 498 856; x_wconf 86' lang='lat' dir='ltr'>ei</span> <span class='ocrx_word' id='word_1_7' title='bbox 520 791 612 854; x_wconf 88' lang='lat' dir='ltr'>stella</span> <span class='ocrx_word' id='word_1_8' title='bbox 633 791 709 854; x_wconf 89' lang='lat' dir='ltr'>haec</span> <span class='ocrx_word' id='word_1_9' title='bbox 733 791 794 853; x_wconf 85' lang='lat' dir='ltr'>tale</span> <span class='ocrx_word' id='word_1_10' title='bbox 823 791 922 853; x_wconf 91' lang='lat' dir='ltr'>lumen</span> <span class='ocrx_word' id='word_1_11' title='bbox 950 792 1025 854; x_wconf 81' lang='lat' dir='ltr'>luit:</span> <span class='ocrx_word' id='word_1_12' title='bbox 1055 793 1120 872; x_wconf 87' lang='lat' dir='ltr'>jam</span> <span class='ocrx_word' id='word_1_13' title='bbox 1145 792 1334 855; x_wconf 82' lang='lat' dir='ltr'>Patriciauus</span> <span class='ocrx_word' id='word_1_14' title='bbox 1365 790 1494 870; x_wconf 73' lang='lat' dir='ltr'>aliquis,</span> <span class='ocrx_word' id='word_1_15' title='bbox 1521 789 1571 870; x_wconf 89' lang='lat' dir='ltr'>qui</span> <span class='ocrx_word' id='word_1_16' title='bbox 1597 790 1764 854; x_wconf 80' lang='lat' dir='ltr'>materiam</span> <span class='ocrx_word' id='word_1_17' title='bbox 1785 787 1830 854; x_wconf 89' lang='lat' dir='ltr'>illi</span> 
     </span>
     <span class='ocr_line' id='line_1_3' title="bbox 470 878 1829 960; baseline -0.002 -15"><span class='ocrx_word' id='word_1_18' title='bbox 470 889 629 960; x_wconf 75' lang='lat' dir='ltr'>tantopere</span> <span class='ocrx_word' id='word_1_19' title='bbox 653 887 763 960; x_wconf 88' lang='lat' dir='ltr'>negat,</span> <span class='ocrx_word' id='word_1_20' title='bbox 787 879 968 959; x_wconf 83' lang='lat' dir='ltr'>praestigias</span> <span class='ocrx_word' id='word_1_21' title='bbox 992 900 1030 942; x_wconf 82' lang='lat' dir='ltr'>ex</span> <span class='ocrx_word' id='word_1_22' title='bbox 1053 881 1106 943; x_wconf 91' lang='lat' dir='ltr'>illa</span> <span class='ocrx_word' id='word_1_23' title='bbox 1129 882 1254 955; x_wconf 83' lang='lat' dir='ltr'>fecerit,</span> <span class='ocrx_word' id='word_1_24' title='bbox 1278 887 1331 942; x_wconf 90' lang='lat' dir='ltr'>aot</span> <span class='ocrx_word' id='word_1_25' title='bbox 1353 880 1441 959; x_wconf 86' lang='lat' dir='ltr'>plane</span> <span class='ocrx_word' id='word_1_26' title='bbox 1464 878 1598 942; x_wconf 88' lang='lat' dir='ltr'>divinum</span> <span class='ocrx_word' id='word_1_27' title='bbox 1625 878 1729 942; x_wconf 87' lang='lat' dir='ltr'>lumen</span> <span class='ocrx_word' id='word_1_28' title='bbox 1753 878 1829 942; x_wconf 84' lang='lat' dir='ltr'>inter</span> 
     </span>
     <span class='ocr_line' id='line_1_4' title="bbox 471 966 1827 1050; baseline -0.004 -17"><span class='ocrx_word' id='word_1_29' title='bbox 471 968 624 1034; x_wconf 87' lang='lat' dir='ltr'>naturalia</span> <span class='ocrx_word' id='word_1_30' title='bbox 654 968 881 1030; x_wconf 80' lang='lat' dir='ltr'><strong>circumstantia</strong></span> <span class='ocrx_word' id='word_1_31' title='bbox 912 969 1048 1031; x_wconf 86' lang='lat' dir='ltr'>infinita:</span> <span class='ocrx_word' id='word_1_32' title='bbox 1081 970 1111 1032; x_wconf 94' lang='lat' dir='ltr'>id</span> <span class='ocrx_word' id='word_1_33' title='bbox 1134 970 1214 1050; x_wconf 93' lang='lat' dir='ltr'>quod</span> <span class='ocrx_word' id='word_1_34' title='bbox 1241 988 1298 1049; x_wconf 87' lang='lat' dir='ltr'>ego</span> <span class='ocrx_word' id='word_1_35' title='bbox 1327 968 1415 1031; x_wconf 77' lang='lat' dir='ltr'>facile</span> <span class='ocrx_word' id='word_1_36' title='bbox 1446 967 1598 1042; x_wconf 86' lang='lat' dir='ltr'>concedo,</span> <span class='ocrx_word' id='word_1_37' title='bbox 1632 975 1668 1030; x_wconf 93' lang='lat' dir='ltr'>ut</span> <span class='ocrx_word' id='word_1_38' title='bbox 1691 967 1762 1049; x_wconf 91' lang='lat' dir='ltr'>quis</span> <span class='ocrx_word' id='word_1_39' title='bbox 1782 966 1827 1030; x_wconf 89' lang='lat' dir='ltr'>cni</span> 
     </span>
     <span class='ocr_line' id='line_1_5' title="bbox 471 1056 1827 1138; baseline -0.001 -19"><span class='ocrx_word' id='word_1_40' title='bbox 471 1057 622 1138; x_wconf 79' lang='lat' dir='ltr'>placuerit</span> <span class='ocrx_word' id='word_1_41' title='bbox 643 1057 755 1119; x_wconf 87' lang='lat' dir='ltr'>credat.</span> <span class='ocrx_word' id='word_1_42' title='bbox 801 1057 836 1118; x_wconf 92' lang='lat' dir='ltr'>In</span> <span class='ocrx_word' id='word_1_43' title='bbox 859 1075 1004 1135; x_wconf 86' lang='lat' dir='ltr'>praesens</span> <span class='ocrx_word' id='word_1_44' title='bbox 1028 1078 1099 1121; x_wconf 87' lang='lat' dir='ltr'>vero</span> <span class='ocrx_word' id='word_1_45' title='bbox 1113 1059 1194 1119; x_wconf 87' lang='lat' dir='ltr'>viam</span> <span class='ocrx_word' id='word_1_46' title='bbox 1217 1066 1312 1131; x_wconf 91' lang='lat' dir='ltr'>teuto,</span> <span class='ocrx_word' id='word_1_47' title='bbox 1336 1056 1450 1137; x_wconf 90' lang='lat' dir='ltr'>quaid,</span> <span class='ocrx_word' id='word_1_48' title='bbox 1474 1057 1554 1136; x_wconf 91' lang='lat' dir='ltr'>qnod</span> <span class='ocrx_word' id='word_1_49' title='bbox 1572 1056 1652 1118; x_wconf 87' lang='lat' dir='ltr'>inter</span> <span class='ocrx_word' id='word_1_50' title='bbox 1676 1056 1827 1118; x_wconf 80' lang='lat' dir='ltr'>naturalia</span> 
     </span>
     <span class='ocr_line' id='line_1_6' title="bbox 470 1142 1828 1228; baseline -0.002 -19"><span class='ocrx_word' id='word_1_51' title='bbox 470 1142 626 1228; x_wconf 82' lang='lat' dir='ltr'>apparuit,</span> <span class='ocrx_word' id='word_1_52' title='bbox 658 1144 845 1206; x_wconf 86' lang='lat' dir='ltr'>naturalibus</span> <span class='ocrx_word' id='word_1_53' title='bbox 874 1145 966 1207; x_wconf 89' lang='lat' dir='ltr'>etiam</span> <span class='ocrx_word' id='word_1_54' title='bbox 998 1147 1150 1226; x_wconf 82' lang='lat' dir='ltr'>requisitis</span> <span class='ocrx_word' id='word_1_55' title='bbox 1182 1147 1338 1208; x_wconf 87' lang='lat' dir='ltr'>instruam.</span> <span class='ocrx_word' id='word_1_56' title='bbox 1385 1146 1449 1207; x_wconf 90' lang='lat' dir='ltr'>Nec</span> <span class='ocrx_word' id='word_1_57' title='bbox 1473 1144 1555 1220; x_wconf 85' lang='lat' dir='ltr'>aliud</span> <span class='ocrx_word' id='word_1_58' title='bbox 1578 1144 1736 1208; x_wconf 85' lang='lat' dir='ltr'>Patricius</span> <span class='ocrx_word' id='word_1_59' title='bbox 1760 1145 1828 1224; x_wconf 85' lang='lat' dir='ltr'>egil,</span> 
     </span>
     <span class='ocr_line' id='line_1_7' title="bbox 474 1233 1829 1315; baseline -0.002 -17"><span class='ocrx_word' id='word_1_60' title='bbox 474 1255 563 1315; x_wconf 88' lang='lat' dir='ltr'>qnam</span> <span class='ocrx_word' id='word_1_61' title='bbox 586 1234 710 1296; x_wconf 85' lang='lat' dir='ltr'>utilius</span> <span class='ocrx_word' id='word_1_62' title='bbox 740 1243 880 1298; x_wconf 81' lang='lat' dir='ltr'>aeternos</span> <span class='ocrx_word' id='word_1_63' title='bbox 910 1236 1061 1297; x_wconf 89' lang='lat' dir='ltr'>coelumm</span> <span class='ocrx_word' id='word_1_64' title='bbox 1084 1236 1185 1314; x_wconf 88' lang='lat' dir='ltr'>ignes,</span> <span class='ocrx_word' id='word_1_65' title='bbox 1220 1254 1294 1315; x_wconf 91' lang='lat' dir='ltr'>quos</span> <span class='ocrx_word' id='word_1_66' title='bbox 1327 1243 1452 1296; x_wconf 84' lang='lat' dir='ltr'>naturae</span> <span class='ocrx_word' id='word_1_67' title='bbox 1481 1241 1584 1313; x_wconf 88' lang='lat' dir='ltr'>partes</span> <span class='ocrx_word' id='word_1_68' title='bbox 1608 1253 1679 1295; x_wconf 89' lang='lat' dir='ltr'>esse</span> <span class='ocrx_word' id='word_1_69' title='bbox 1710 1233 1829 1304; x_wconf 85' lang='lat' dir='ltr'>scimus,</span> 
     </span>
     <span class='ocr_line' id='line_1_8' title="bbox 474 1320 1828 1403; baseline 0.001 -18"><span class='ocrx_word' id='word_1_70' title='bbox 474 1322 690 1387; x_wconf 86' lang='lat' dir='ltr'>immateriatus</span> <span class='ocrx_word' id='word_1_71' title='bbox 719 1322 912 1397; x_wconf 70' lang='lat' dir='ltr'>ostenderet,</span> <span class='ocrx_word' id='word_1_72' title='bbox 940 1324 1019 1403; x_wconf 92' lang='lat' dir='ltr'>quod</span> <span class='ocrx_word' id='word_1_73' title='bbox 1043 1324 1071 1384; x_wconf 93' lang='lat' dir='ltr'>in</span> <span class='ocrx_word' id='word_1_74' title='bbox 1096 1342 1241 1403; x_wconf 82' lang='lat' dir='ltr'>praesens</span> <span class='ocrx_word' id='word_1_75' title='bbox 1272 1322 1329 1403; x_wconf 90' lang='lat' dir='ltr'>ipsi</span> <span class='ocrx_word' id='word_1_76' title='bbox 1353 1341 1440 1402; x_wconf 86' lang='lat' dir='ltr'>nego.</span> <span class='ocrx_word' id='word_1_77' title='bbox 1487 1322 1580 1384; x_wconf 90' lang='lat' dir='ltr'>Dicat</span> <span class='ocrx_word' id='word_1_78' title='bbox 1602 1320 1697 1402; x_wconf 90' lang='lat' dir='ltr'>igitur</span> <span class='ocrx_word' id='word_1_79' title='bbox 1722 1321 1828 1402; x_wconf 78' lang='lat' dir='ltr'>aliquis</span> 
     </span>
     <span class='ocr_line' id='line_1_9' title="bbox 473 1410 1829 1492; baseline -0.001 -19"><span class='ocrx_word' id='word_1_80' title='bbox 473 1412 573 1492; x_wconf 81' lang='lat' dir='ltr'>ignem</span> <span class='ocrx_word' id='word_1_81' title='bbox 597 1419 651 1472; x_wconf 87' lang='lat' dir='ltr'>aut</span> <span class='ocrx_word' id='word_1_82' title='bbox 673 1410 771 1472; x_wconf 91' lang='lat' dir='ltr'>lumen</span> <span class='ocrx_word' id='word_1_83' title='bbox 794 1411 865 1472; x_wconf 91' lang='lat' dir='ltr'>mibi</span> <span class='ocrx_word' id='word_1_84' title='bbox 888 1412 953 1473; x_wconf 91' lang='lat' dir='ltr'>siue</span> <span class='ocrx_word' id='word_1_85' title='bbox 977 1411 1123 1490; x_wconf 88' lang='lat' dir='ltr'>subjecto.</span> <span class='ocrx_word' id='word_1_86' title='bbox 1171 1410 1205 1473; x_wconf 93' lang='lat' dir='ltr'>Si</span> <span class='ocrx_word' id='word_1_87' title='bbox 1229 1412 1320 1474; x_wconf 90' lang='lat' dir='ltr'>ullum</span> <span class='ocrx_word' id='word_1_88' title='bbox 1344 1419 1392 1473; x_wconf 88' lang='lat' dir='ltr'>est</span> <span class='ocrx_word' id='word_1_89' title='bbox 1420 1412 1609 1490; x_wconf 84' lang='lat' dir='ltr'>exemplum,</span> <span class='ocrx_word' id='word_1_90' title='bbox 1643 1410 1734 1489; x_wconf 85' lang='lat' dir='ltr'>ignes</span> <span class='ocrx_word' id='word_1_91' title='bbox 1759 1410 1829 1472; x_wconf 71' lang='lat' dir='ltr'>fatui</span> 
     </span>
     <span class='ocr_line' id='line_1_10' title="bbox 476 1498 1828 1579; baseline -0.001 -16"><span class='ocrx_word' id='word_1_92' title='bbox 476 1507 562 1573; x_wconf 88' lang='lat' dir='ltr'>suut;</span> <span class='ocrx_word' id='word_1_93' title='bbox 596 1509 630 1560; x_wconf 89' lang='lat' dir='ltr'>at</span> <span class='ocrx_word' id='word_1_94' title='bbox 651 1499 673 1561; x_wconf 94' lang='lat' dir='ltr'>ii</span> <span class='ocrx_word' id='word_1_95' title='bbox 696 1499 777 1561; x_wconf 87' lang='lat' dir='ltr'>circa</span> <span class='ocrx_word' id='word_1_96' title='bbox 806 1498 956 1579; x_wconf 89' lang='lat' dir='ltr'>uliginosa</span> <span class='ocrx_word' id='word_1_97' title='bbox 984 1500 1051 1562; x_wconf 85' lang='lat' dir='ltr'>loca</span> <span class='ocrx_word' id='word_1_98' title='bbox 1073 1507 1105 1561; x_wconf 91' lang='lat' dir='ltr'>et</span> <span class='ocrx_word' id='word_1_99' title='bbox 1127 1500 1255 1579; x_wconf 86' lang='lat' dir='ltr'>paludes</span> <span class='ocrx_word' id='word_1_100' title='bbox 1286 1500 1447 1573; x_wconf 82' lang='lat' dir='ltr'>oberrant;</span> <span class='ocrx_word' id='word_1_101' title='bbox 1481 1508 1515 1561; x_wconf 92' lang='lat' dir='ltr'>nt</span> <span class='ocrx_word' id='word_1_102' title='bbox 1542 1507 1682 1574; x_wconf 90' lang='lat' dir='ltr'>constet,</span> <span class='ocrx_word' id='word_1_103' title='bbox 1714 1518 1769 1561; x_wconf 88' lang='lat' dir='ltr'>eos</span> <span class='ocrx_word' id='word_1_104' title='bbox 1790 1498 1828 1560; x_wconf 83' lang='lat' dir='ltr'>uti</span> 
     </span>
     <span class='ocr_line' id='line_1_11' title="bbox 473 1586 1830 1670; baseline -0.001 -19"><span class='ocrx_word' id='word_1_105' title='bbox 473 1588 575 1670; x_wconf 89' lang='lat' dir='ltr'>pingui</span> <span class='ocrx_word' id='word_1_106' title='bbox 598 1588 791 1649; x_wconf 77' lang='lat' dir='ltr'>exhalatione</span> <span class='ocrx_word' id='word_1_107' title='bbox 809 1605 863 1667; x_wconf 88' lang='lat' dir='ltr'>pru</span> <span class='ocrx_word' id='word_1_108' title='bbox 887 1589 1032 1667; x_wconf 89' lang='lat' dir='ltr'>subjectu.</span> <span class='ocrx_word' id='word_1_109' title='bbox 1061 1589 1279 1668; x_wconf 85' lang='lat' dir='ltr'>Trajectiones,</span> <span class='ocrx_word' id='word_1_110' title='bbox 1305 1607 1366 1649; x_wconf 90' lang='lat' dir='ltr'>rem</span> <span class='ocrx_word' id='word_1_111' title='bbox 1382 1588 1481 1649; x_wconf 89' lang='lat' dir='ltr'>stellis</span> <span class='ocrx_word' id='word_1_112' title='bbox 1504 1588 1702 1658; x_wconf 85' lang='lat' dir='ltr'>simillimam,</span> <span class='ocrx_word' id='word_1_113' title='bbox 1727 1586 1830 1668; x_wconf 81' lang='lat' dir='ltr'>probat</span> 
     </span>
     <span class='ocr_line' id='line_1_12' title="bbox 473 1676 1828 1756; baseline -0.001 -16"><span class='ocrx_word' id='word_1_114' title='bbox 473 1676 660 1742; x_wconf 78' lang='lat' dir='ltr'>Aristoteles</span> <span class='ocrx_word' id='word_1_115' title='bbox 683 1695 740 1737; x_wconf 88' lang='lat' dir='ltr'>sua</span> <span class='ocrx_word' id='word_1_116' title='bbox 760 1684 899 1738; x_wconf 79' lang='lat' dir='ltr'><strong>constare</strong></span> <span class='ocrx_word' id='word_1_117' title='bbox 924 1677 1066 1750; x_wconf 86' lang='lat' dir='ltr'>materia,</span> <span class='ocrx_word' id='word_1_118' title='bbox 1091 1685 1123 1738; x_wconf 90' lang='lat' dir='ltr'>et</span> <span class='ocrx_word' id='word_1_119' title='bbox 1141 1678 1243 1738; x_wconf 90' lang='lat' dir='ltr'>docuit</span> <span class='ocrx_word' id='word_1_120' title='bbox 1257 1696 1305 1738; x_wconf 91' lang='lat' dir='ltr'>me</span> <span class='ocrx_word' id='word_1_121' title='bbox 1320 1677 1390 1738; x_wconf 91' lang='lat' dir='ltr'>olim</span> <span class='ocrx_word' id='word_1_122' title='bbox 1413 1676 1609 1756; x_wconf 84' lang='lat' dir='ltr'>experientia,</span> <span class='ocrx_word' id='word_1_123' title='bbox 1635 1695 1705 1738; x_wconf 91' lang='lat' dir='ltr'>cnm</span> <span class='ocrx_word' id='word_1_124' title='bbox 1727 1677 1828 1756; x_wconf 84' lang='lat' dir='ltr'>ingene</span> 
     </span>
     <span class='ocr_line' id='line_1_13' title="bbox 473 1763 1829 1845; baseline -0.002 -15"><span class='ocrx_word' id='word_1_125' title='bbox 473 1768 506 1830; x_wconf 90' lang='lat' dir='ltr'>in</span> <span class='ocrx_word' id='word_1_126' title='bbox 530 1766 585 1826; x_wconf 92' lang='lat' dir='ltr'>hac</span> <span class='ocrx_word' id='word_1_127' title='bbox 609 1764 681 1826; x_wconf 91' lang='lat' dir='ltr'>urbe</span> <span class='ocrx_word' id='word_1_128' title='bbox 705 1772 802 1826; x_wconf 86' lang='lat' dir='ltr'>ortum</span> <span class='ocrx_word' id='word_1_129' title='bbox 835 1774 917 1825; x_wconf 88' lang='lat' dir='ltr'>essct</span> <span class='ocrx_word' id='word_1_130' title='bbox 947 1764 1135 1839; x_wconf 79' lang='lat' dir='ltr'>incendium3</span> <span class='ocrx_word' id='word_1_131' title='bbox 1167 1765 1267 1845; x_wconf 87' lang='lat' dir='ltr'>plures</span> <span class='ocrx_word' id='word_1_132' title='bbox 1299 1785 1357 1826; x_wconf 90' lang='lat' dir='ltr'>una</span> <span class='ocrx_word' id='word_1_133' title='bbox 1389 1775 1477 1827; x_wconf 91' lang='lat' dir='ltr'>nocte</span> <span class='ocrx_word' id='word_1_134' title='bbox 1509 1764 1594 1826; x_wconf 87' lang='lat' dir='ltr'>coelo</span> <span class='ocrx_word' id='word_1_135' title='bbox 1628 1765 1743 1827; x_wconf 84' lang='lat' dir='ltr'>seren&#39;o</span> <span class='ocrx_word' id='word_1_136' title='bbox 1774 1763 1829 1826; x_wconf 77' lang='lat' dir='ltr'>nni</span> 
     </span>
     <span class='ocr_line' id='line_1_14' title="bbox 473 1853 1829 1934; baseline -0.001 -18"><span class='ocrx_word' id='word_1_137' title='bbox 473 1854 804 1933; x_wconf 57' lang='lat' dir='ltr'>trajectionequuam</span> <span class='ocrx_word' id='word_1_138' title='bbox 827 1853 944 1933; x_wconf 89' lang='lat' dir='ltr'>integro</span> <span class='ocrx_word' id='word_1_139' title='bbox 972 1854 1116 1915; x_wconf 84' lang='lat' dir='ltr'>decennio</span> <span class='ocrx_word' id='word_1_140' title='bbox 1144 1861 1298 1915; x_wconf 83' lang='lat' dir='ltr'>anteacto.</span> <span class='ocrx_word' id='word_1_141' title='bbox 1344 1853 1456 1933; x_wconf 81' lang='lat' dir='ltr'>Aliqua</span> <span class='ocrx_word' id='word_1_142' title='bbox 1483 1853 1575 1933; x_wconf 90' lang='lat' dir='ltr'>igitur</span> <span class='ocrx_word' id='word_1_143' title='bbox 1597 1873 1654 1915; x_wconf 92' lang='lat' dir='ltr'>seu</span> <span class='ocrx_word' id='word_1_144' title='bbox 1681 1853 1829 1934; x_wconf 73' lang='lat' dir='ltr'>pinguedo</span> 
     </span>
     <span class='ocr_line' id='line_1_15' title="bbox 474 1941 1829 2021; baseline 0 -16"><span class='ocrx_word' id='word_1_145' title='bbox 474 1961 528 2005; x_wconf 90' lang='lat' dir='ltr'>sen</span> <span class='ocrx_word' id='word_1_146' title='bbox 552 1941 637 2004; x_wconf 86' lang='lat' dir='ltr'>arida</span> <span class='ocrx_word' id='word_1_147' title='bbox 657 1941 785 2002; x_wconf 85' lang='lat' dir='ltr'>materia</span> <span class='ocrx_word' id='word_1_148' title='bbox 803 1950 890 2003; x_wconf 88' lang='lat' dir='ltr'>aestu</span> <span class='ocrx_word' id='word_1_149' title='bbox 912 1941 1058 2003; x_wconf 90' lang='lat' dir='ltr'>subvecta</span> <span class='ocrx_word' id='word_1_150' title='bbox 1080 1942 1110 2003; x_wconf 94' lang='lat' dir='ltr'>in</span> <span class='ocrx_word' id='word_1_151' title='bbox 1126 1942 1266 2021; x_wconf 80' lang='lat' dir='ltr'>frigidum</span> <span class='ocrx_word' id='word_1_152' title='bbox 1289 1948 1390 2003; x_wconf 77' lang='lat' dir='ltr'>aerem</span> <span class='ocrx_word' id='word_1_153' title='bbox 1406 1949 1437 2003; x_wconf 91' lang='lat' dir='ltr'>ct</span> <span class='ocrx_word' id='word_1_154' title='bbox 1451 1941 1636 2004; x_wconf 75' lang='lat' dir='ltr'>distributim</span> <span class='ocrx_word' id='word_1_155' title='bbox 1660 1942 1829 2005; x_wconf 78' lang='lat' dir='ltr'>consistens</span> 
     </span>
     <span class='ocr_line' id='line_1_16' title="bbox 475 2028 1829 2112; baseline 0 -19"><span class='ocrx_word' id='word_1_156' title='bbox 475 2039 640 2110; x_wconf 89' lang='lat' dir='ltr'>coactaque</span> <span class='ocrx_word' id='word_1_157' title='bbox 672 2030 701 2091; x_wconf 92' lang='lat' dir='ltr'>iu</span> <span class='ocrx_word' id='word_1_158' title='bbox 735 2028 872 2109; x_wconf 86' lang='lat' dir='ltr'>globulos</span> <span class='ocrx_word' id='word_1_159' title='bbox 905 2039 936 2092; x_wconf 92' lang='lat' dir='ltr'>et</span> <span class='ocrx_word' id='word_1_160' title='bbox 968 2031 1012 2091; x_wconf 88' lang='lat' dir='ltr'>sic</span> <span class='ocrx_word' id='word_1_161' title='bbox 1045 2030 1169 2091; x_wconf 90' lang='lat' dir='ltr'>incensa</span> <span class='ocrx_word' id='word_1_162' title='bbox 1199 2049 1252 2092; x_wconf 88' lang='lat' dir='ltr'>eeu</span> <span class='ocrx_word' id='word_1_163' title='bbox 1290 2031 1386 2092; x_wconf 87' lang='lat' dir='ltr'>mavis</span> <span class='ocrx_word' id='word_1_164' title='bbox 1424 2031 1594 2092; x_wconf 88' lang='lat' dir='ltr'>illuminata</span> <span class='ocrx_word' id='word_1_165' title='bbox 1634 2038 1685 2091; x_wconf 92' lang='lat' dir='ltr'>tot</span> <span class='ocrx_word' id='word_1_166' title='bbox 1718 2030 1829 2112; x_wconf 71' lang='lat' dir='ltr'>specio</span> 
     </span>
     <span class='ocr_line' id='line_1_17' title="bbox 475 2116 1828 2198; baseline 0.001 -17"><span class='ocrx_word' id='word_1_167' title='bbox 475 2119 611 2182; x_wconf 86' lang='lat' dir='ltr'>exhibuit</span> <span class='ocrx_word' id='word_1_168' title='bbox 634 2117 745 2198; x_wconf 82' lang='lat' dir='ltr'>ignium</span> <span class='ocrx_word' id='word_1_169' title='bbox 769 2118 1006 2182; x_wconf 83' lang='lat' dir='ltr'>discurrentium.</span> <span class='ocrx_word' id='word_1_170' title='bbox 1053 2120 1088 2180; x_wconf 89' lang='lat' dir='ltr'>ln</span> <span class='ocrx_word' id='word_1_171' title='bbox 1111 2139 1229 2180; x_wconf 89' lang='lat' dir='ltr'>surnma</span> <span class='ocrx_word' id='word_1_172' title='bbox 1251 2119 1325 2181; x_wconf 90' lang='lat' dir='ltr'>nihil</span> <span class='ocrx_word' id='word_1_173' title='bbox 1345 2118 1448 2180; x_wconf 90' lang='lat' dir='ltr'>horum</span> <span class='ocrx_word' id='word_1_174' title='bbox 1472 2120 1536 2181; x_wconf 90' lang='lat' dir='ltr'>sine</span> <span class='ocrx_word' id='word_1_175' title='bbox 1560 2119 1704 2182; x_wconf 84' lang='lat' dir='ltr'>materia.</span> <span class='ocrx_word' id='word_1_176' title='bbox 1752 2116 1828 2182; x_wconf 79' lang='lat' dir='ltr'>(loa-</span> 
     </span>
     <span class='ocr_line' id='line_1_18' title="bbox 477 2206 1829 2287; baseline -0.001 -16"><span class='ocrx_word' id='word_1_177' title='bbox 477 2208 632 2272; x_wconf 86' lang='lat' dir='ltr'>clndamus</span> <span class='ocrx_word' id='word_1_178' title='bbox 662 2207 754 2286; x_wconf 88' lang='lat' dir='ltr'>igitur</span> <span class='ocrx_word' id='word_1_179' title='bbox 786 2225 897 2286; x_wconf 85' lang='lat' dir='ltr'>magna</span> <span class='ocrx_word' id='word_1_180' title='bbox 928 2206 1209 2270; x_wconf 86' lang='lat' dir='ltr'>verisimilitudine:</span> <span class='ocrx_word' id='word_1_181' title='bbox 1241 2208 1399 2270; x_wconf 75' lang='lat' dir='ltr'>materiam</span> <span class='ocrx_word' id='word_1_182' title='bbox 1431 2226 1508 2269; x_wconf 85' lang='lat' dir='ltr'>novo</span> <span class='ocrx_word' id='word_1_183' title='bbox 1537 2206 1632 2269; x_wconf 91' lang='lat' dir='ltr'>sideri</span> <span class='ocrx_word' id='word_1_184' title='bbox 1663 2208 1829 2287; x_wconf 69' lang='lat' dir='ltr'>praebita</span> 
     </span>
     <span class='ocr_line' id='line_1_19' title="bbox 475 2294 1829 2376; baseline 0 -18"><span class='ocrx_word' id='word_1_185' title='bbox 475 2297 524 2358; x_wconf 86' lang='lat' dir='ltr'>vel</span> <span class='ocrx_word' id='word_1_186' title='bbox 546 2296 705 2376; x_wconf 79' lang='lat' dir='ltr'>pinguem,</span> <span class='ocrx_word' id='word_1_187' title='bbox 734 2314 811 2376; x_wconf 89' lang='lat' dir='ltr'>quae</span> <span class='ocrx_word' id='word_1_188' title='bbox 835 2294 945 2376; x_wconf 82' lang='lat' dir='ltr'>frigore</span> <span class='ocrx_word' id='word_1_189' title='bbox 969 2295 1059 2357; x_wconf 84' lang='lat' dir='ltr'>suerit</span> <span class='ocrx_word' id='word_1_190' title='bbox 1085 2297 1227 2368; x_wconf 88' lang='lat' dir='ltr'>incensa,</span> <span class='ocrx_word' id='word_1_191' title='bbox 1255 2305 1288 2358; x_wconf 96' lang='lat' dir='ltr'>nt</span> <span class='ocrx_word' id='word_1_192' title='bbox 1312 2296 1526 2376; x_wconf 73' lang='lat' dir='ltr'>traiectiones:</span> <span class='ocrx_word' id='word_1_193' title='bbox 1558 2296 1609 2358; x_wconf 89' lang='lat' dir='ltr'>vel</span> <span class='ocrx_word' id='word_1_194' title='bbox 1632 2295 1829 2376; x_wconf 79' lang='lat' dir='ltr'>aquearu,ia</span> 
     </span>
     <span class='ocr_line' id='line_1_20' title="bbox 479 2382 1827 2466; baseline 0.001 -20"><span class='ocrx_word' id='word_1_195' title='bbox 479 2405 539 2466; x_wconf 88' lang='lat' dir='ltr'>qna</span> <span class='ocrx_word' id='word_1_196' title='bbox 561 2403 613 2446; x_wconf 94' lang='lat' dir='ltr'>sen</span> <span class='ocrx_word' id='word_1_197' title='bbox 637 2382 691 2447; x_wconf 86' lang='lat' dir='ltr'>Sol</span> <span class='ocrx_word' id='word_1_198' title='bbox 714 2403 768 2445; x_wconf 87' lang='lat' dir='ltr'>seu</span> <span class='ocrx_word' id='word_1_199' title='bbox 791 2384 940 2445; x_wconf 89' lang='lat' dir='ltr'>internum</span> <span class='ocrx_word' id='word_1_200' title='bbox 964 2384 1063 2445; x_wconf 90' lang='lat' dir='ltr'>lumen</span> <span class='ocrx_word' id='word_1_201' title='bbox 1086 2384 1250 2446; x_wconf 84' lang='lat' dir='ltr'>refulserit.</span> <span class='ocrx_word' id='word_1_202' title='bbox 1295 2386 1397 2446; x_wconf 84' lang='lat' dir='ltr'>Habet</span> <span class='ocrx_word' id='word_1_203' title='bbox 1425 2396 1580 2464; x_wconf 86' lang='lat' dir='ltr'>utrumque</span> <span class='ocrx_word' id='word_1_204' title='bbox 1603 2384 1827 2465; x_wconf 74' lang='lat' dir='ltr'>probabilitatis</span> 
     </span>
     <span class='ocr_line' id='line_1_21' title="bbox 475 2470 1827 2553; baseline 0.001 -18"><span class='ocrx_word' id='word_1_205' title='bbox 475 2473 599 2553; x_wconf 90' lang='lat' dir='ltr'>aliquid.</span> <span class='ocrx_word' id='word_1_206' title='bbox 663 2473 741 2534; x_wconf 84' lang='lat' dir='ltr'>Nam</span> <span class='ocrx_word' id='word_1_207' title='bbox 780 2473 857 2552; x_wconf 92' lang='lat' dir='ltr'>quud</span> <span class='ocrx_word' id='word_1_208' title='bbox 893 2472 1098 2551; x_wconf 87' lang='lat' dir='ltr'>trajectoriam</span> <span class='ocrx_word' id='word_1_209' title='bbox 1140 2475 1270 2547; x_wconf 86' lang='lat' dir='ltr'>attinet,</span> <span class='ocrx_word' id='word_1_210' title='bbox 1312 2473 1374 2534; x_wconf 81' lang='lat' dir='ltr'>eidi</span> <span class='ocrx_word' id='word_1_211' title='bbox 1411 2473 1579 2553; x_wconf 87' lang='lat' dir='ltr'>nuperrime</span> <span class='ocrx_word' id='word_1_212' title='bbox 1617 2492 1701 2536; x_wconf 88' lang='lat' dir='ltr'>anno</span> <span class='ocrx_word' id='word_1_213' title='bbox 1741 2470 1827 2538; x_wconf 72' lang='lat' dir='ltr'>tnta</span> 
     </span>
     <span class='ocr_line' id='line_1_22' title="bbox 476 2555 1827 2644; baseline 0 -18"><span class='ocrx_word' id='word_1_214' title='bbox 476 2555 764 2644; x_wconf 63' lang='lat' dir='ltr'>thaumantis,</span> <span class='ocrx_word' id='word_1_215' title='bbox 783 2561 848 2640; x_wconf 84' lang='lat' dir='ltr'>janu</span> <span class='ocrx_word' id='word_1_216' title='bbox 863 2562 1019 2641; x_wconf 82' lang='lat' dir='ltr'>ingruente</span> <span class='ocrx_word' id='word_1_217' title='bbox 1033 2569 1103 2641; x_wconf 89' lang='lat' dir='ltr'>post</span> <span class='ocrx_word' id='word_1_218' title='bbox 1117 2569 1251 2642; x_wconf 91' lang='lat' dir='ltr'>teporem</span> <span class='ocrx_word' id='word_1_219' title='bbox 1271 2562 1356 2642; x_wconf 86' lang='lat' dir='ltr'>justo</span> <span class='ocrx_word' id='word_1_220' title='bbox 1376 2562 1495 2641; x_wconf 80' lang='lat' dir='ltr'>frigore,</span> <span class='ocrx_word' id='word_1_221' title='bbox 1520 2561 1643 2623; x_wconf 87' lang='lat' dir='ltr'>stellam</span> <span class='ocrx_word' id='word_1_222' title='bbox 1664 2562 1827 2636; x_wconf 66' lang='lat' dir='ltr'>mamaea</span> 
     </span>
     <span class='ocr_line' id='line_1_23' title="bbox 475 2649 1853 2731; baseline -0.001 -16"><span class='ocrx_word' id='word_1_223' title='bbox 475 2651 592 2723; x_wconf 84' lang='lat' dir='ltr'>Novae,</span> <span class='ocrx_word' id='word_1_224' title='bbox 617 2650 714 2731; x_wconf 89' lang='lat' dir='ltr'>qualis</span> <span class='ocrx_word' id='word_1_225' title='bbox 729 2649 813 2711; x_wconf 89' lang='lat' dir='ltr'>initio</span> <span class='ocrx_word' id='word_1_226' title='bbox 829 2649 922 2724; x_wconf 78' lang='lat' dir='ltr'>fulsit,</span> <span class='ocrx_word' id='word_1_227' title='bbox 943 2650 1135 2726; x_wconf 81' lang='lat' dir='ltr'>simillimam,</span> <span class='ocrx_word' id='word_1_228' title='bbox 1155 2650 1411 2719; x_wconf 84' lang='lat' dir='ltr'>candidissimam,</span> <span class='ocrx_word' id='word_1_229' title='bbox 1435 2650 1688 2731; x_wconf 84' lang='lat' dir='ltr'>limpidissimam,</span> <span class='ocrx_word' id='word_1_230' title='bbox 1708 2649 1828 2714; x_wconf 68' lang='lat' dir='ltr'>fluunt</span> <span class='ocrx_word' id='word_1_231' title='bbox 1851 2659 1853 2663; x_wconf 85' lang='lat'>&#39;</span> 
     </span>
     <span class='ocr_line' id='line_1_24' title="bbox 475 2738 1826 2820; baseline 0.001 -19"><span class='ocrx_word' id='word_1_232' title='bbox 475 2738 674 2801; x_wconf 85' lang='lat' dir='ltr'>dissilientem</span> <span class='ocrx_word' id='word_1_233' title='bbox 699 2738 875 2818; x_wconf 87' lang='lat' dir='ltr'>aliquoties,</span> <span class='ocrx_word' id='word_1_234' title='bbox 905 2738 1000 2799; x_wconf 89' lang='lat' dir='ltr'>instar</span> <span class='ocrx_word' id='word_1_235' title='bbox 1023 2739 1223 2801; x_wconf 84' lang='lat' dir='ltr'>artificialium</span> <span class='ocrx_word' id='word_1_236' title='bbox 1250 2739 1363 2819; x_wconf 86' lang='lat' dir='ltr'>ignium</span> <span class='ocrx_word' id='word_1_237' title='bbox 1387 2758 1461 2819; x_wconf 89' lang='lat' dir='ltr'>quos</span> <span class='ocrx_word' id='word_1_238' title='bbox 1485 2738 1640 2801; x_wconf 84' lang='lat' dir='ltr'>raketulos</span> <span class='ocrx_word' id='word_1_239' title='bbox 1666 2740 1826 2820; x_wconf 82' lang='lat' dir='ltr'>appellant,</span> 
     </span>
     <span class='ocr_line' id='line_1_25' title="bbox 474 2825 1827 2907; baseline 0 -18"><span class='ocrx_word' id='word_1_240' title='bbox 474 2825 589 2889; x_wconf 87' lang='lat' dir='ltr'>Plinius</span> <span class='ocrx_word' id='word_1_241' title='bbox 622 2826 737 2888; x_wconf 88' lang='lat' dir='ltr'>bolides</span> <span class='ocrx_word' id='word_1_242' title='bbox 770 2826 894 2889; x_wconf 90' lang='lat' dir='ltr'>diceret.</span> <span class='ocrx_word' id='word_1_243' title='bbox 946 2828 1006 2889; x_wconf 93' lang='lat' dir='ltr'>Pro</span> <span class='ocrx_word' id='word_1_244' title='bbox 1039 2847 1133 2907; x_wconf 92' lang='lat' dir='ltr'>aquen</span> <span class='ocrx_word' id='word_1_245' title='bbox 1163 2847 1244 2901; x_wconf 74' lang='lat' dir='ltr'>urerer¹</span> <span class='ocrx_word' id='word_1_246' title='bbox 1268 2828 1357 2904; x_wconf 90' lang='lat' dir='ltr'>globo</span> <span class='ocrx_word' id='word_1_247' title='bbox 1388 2829 1503 2890; x_wconf 80' lang='lat' dir='ltr'>iaciunt</span> <span class='ocrx_word' id='word_1_248' title='bbox 1534 2828 1653 2889; x_wconf 85' lang='lat' dir='ltr'>colores</span> <span class='ocrx_word' id='word_1_249' title='bbox 1689 2828 1772 2891; x_wconf 81' lang='lat' dir='ltr'>iridis</span> <span class='ocrx_word' id='word_1_250' title='bbox 1800 2836 1827 2889; x_wconf 85' lang='lat' dir='ltr'>et</span> 
     </span>
     <span class='ocr_line' id='line_1_26' title="bbox 475 2914 1355 2998; baseline -0.001 -19"><span class='ocrx_word' id='word_1_251' title='bbox 475 2914 662 2989; x_wconf 74' lang='lat' dir='ltr'>scintillatio,</span> <span class='ocrx_word' id='word_1_252' title='bbox 688 2934 777 2997; x_wconf 91' lang='lat' dir='ltr'>qnam</span> <span class='ocrx_word' id='word_1_253' title='bbox 800 2915 982 2978; x_wconf 87' lang='lat' dir='ltr'>sententiam</span> <span class='ocrx_word' id='word_1_254' title='bbox 1006 2924 1037 2977; x_wconf 88' lang='lat' dir='ltr'>et</span> <span class='ocrx_word' id='word_1_255' title='bbox 1059 2917 1089 2978; x_wconf 91' lang='lat' dir='ltr'>in</span> <span class='ocrx_word' id='word_1_256' title='bbox 1113 2915 1232 2998; x_wconf 89' lang='lat' dir='ltr'>Opticis</span> <span class='ocrx_word' id='word_1_257' title='bbox 1257 2915 1355 2996; x_wconf 86' lang='lat' dir='ltr'>tetigi.</span> 
     </span>
    </p>
   </div>
   <div class='ocr_carea' id='block_1_3' title="bbox 1056 3174 1239 3186">
    <p class='ocr_par' dir='ltr' id='par_1_3' title="bbox 1056 3174 1239 3186">
     <span class='ocr_line' id='line_1_27' title="bbox 1056 3174 1239 3186; baseline -0.011 0"><span class='ocrx_word' id='word_1_258' title='bbox 1056 3175 1144 3186; x_wconf 51' lang='grc' dir='ltr'>μὴ...</span> <span class='ocrx_word' id='word_1_259' title='bbox 1163 3174 1239 3184; x_wconf 67' lang='lat' dir='ltr'>--n-a-</span> 
     </span>
    </p>
   </div>
   <div class='ocr_carea' id='block_1_4' title="bbox 1033 3370 1270 3474">
    <p class='ocr_par' dir='ltr' id='par_1_4' title="bbox 1033 3370 1270 3474">
     <span class='ocr_line' id='line_1_28' title="bbox 1033 3370 1270 3474; baseline -0.013 -25"><span class='ocrx_word' id='word_1_260' title='bbox 1033 3373 1154 3474; x_wconf 86' lang='lat' dir='ltr'>Caput</span> <span class='ocrx_word' id='word_1_261' title='bbox 1180 3370 1270 3449; x_wconf 90' lang='lat' dir='ltr'>XX.</span> 
     </span>
    </p>
   </div>
   <div class='ocr_carea' id='block_1_5' title="bbox 631 3550 1674 3640">
    <p class='ocr_par' dir='ltr' id='par_1_5' title="bbox 631 3550 1674 3640">
     <span class='ocr_line' id='line_1_29' title="bbox 631 3550 1674 3640; baseline -0.001 -23"><span class='ocrx_word' id='word_1_262' title='bbox 631 3556 686 3617; x_wconf 81' lang='lat' dir='ltr'>An</span> <span class='ocrx_word' id='word_1_263' title='bbox 698 3552 773 3640; x_wconf 82' lang='lat' dir='ltr'>jam</span> <span class='ocrx_word' id='word_1_264' title='bbox 795 3550 873 3615; x_wconf 83' lang='lat' dir='ltr'>olim</span> <span class='ocrx_word' id='word_1_265' title='bbox 895 3553 1051 3616; x_wconf 67' lang='lat' dir='ltr'>exstiterit</span> <span class='ocrx_word' id='word_1_266' title='bbox 1072 3552 1209 3614; x_wconf 68' lang='lat' dir='ltr'>necteria</span> <span class='ocrx_word' id='word_1_267' title='bbox 1232 3572 1403 3633; x_wconf 83' lang='lat' dir='ltr'>corpusque</span> <span class='ocrx_word' id='word_1_268' title='bbox 1426 3551 1510 3615; x_wconf 85' lang='lat' dir='ltr'>Neci</span> <span class='ocrx_word' id='word_1_269' title='bbox 1533 3552 1674 3616; x_wconf 79' lang='lat' dir='ltr'>Sideris.</span> 
     </span>
    </p>
   </div>
   <div class='ocr_carea' id='block_1_6' title="bbox 427 3710 1823 5218">
    <p class='ocr_par' dir='ltr' id='par_1_6' title="bbox 470 3710 1823 4677">
     <span class='ocr_line' id='line_1_30' title="bbox 560 3710 1823 3791; baseline 0.002 -17"><span class='ocrx_word' id='word_1_270' title='bbox 560 3711 618 3774; x_wconf 89' lang='lat' dir='ltr'>Hic</span> <span class='ocrx_word' id='word_1_271' title='bbox 637 3712 701 3791; x_wconf 86' lang='lat' dir='ltr'>jaun</span> <span class='ocrx_word' id='word_1_272' title='bbox 733 3710 903 3791; x_wconf 89' lang='lat' dir='ltr'>quaeritur,</span> <span class='ocrx_word' id='word_1_273' title='bbox 937 3711 1015 3773; x_wconf 92' lang='lat' dir='ltr'>uude</span> <span class='ocrx_word' id='word_1_274' title='bbox 1048 3712 1156 3772; x_wconf 88' lang='lat' dir='ltr'>stellae</span> <span class='ocrx_word' id='word_1_275' title='bbox 1186 3711 1215 3772; x_wconf 93' lang='lat' dir='ltr'>iu</span> <span class='ocrx_word' id='word_1_276' title='bbox 1246 3731 1361 3773; x_wconf 91' lang='lat' dir='ltr'>summo</span> <span class='ocrx_word' id='word_1_277' title='bbox 1394 3712 1517 3773; x_wconf 90' lang='lat' dir='ltr'>aethere</span> <span class='ocrx_word' id='word_1_278' title='bbox 1557 3720 1650 3775; x_wconf 84' lang='lat' dir='ltr'>tanta</span> <span class='ocrx_word' id='word_1_279' title='bbox 1687 3714 1823 3776; x_wconf 79' lang='lat' dir='ltr'>materiae</span> 
     </span>
     <span class='ocr_line' id='line_1_31' title="bbox 472 3799 1822 3880; baseline 0 -16"><span class='ocrx_word' id='word_1_280' title='bbox 472 3801 577 3875; x_wconf 89' lang='lat' dir='ltr'>moles,</span> <span class='ocrx_word' id='word_1_281' title='bbox 603 3820 679 3880; x_wconf 89' lang='lat' dir='ltr'>quae</span> <span class='ocrx_word' id='word_1_282' title='bbox 703 3800 838 3861; x_wconf 85' lang='lat' dir='ltr'>sufficere</span> <span class='ocrx_word' id='word_1_283' title='bbox 862 3799 961 3880; x_wconf 92' lang='lat' dir='ltr'>potuit</span> <span class='ocrx_word' id='word_1_284' title='bbox 984 3799 1023 3860; x_wconf 85' lang='lat' dir='ltr'>ad</span> <span class='ocrx_word' id='word_1_285' title='bbox 1047 3807 1164 3861; x_wconf 86' lang='lat' dir='ltr'>tanturn</span> <span class='ocrx_word' id='word_1_286' title='bbox 1188 3800 1355 3862; x_wconf 88' lang='lat' dir='ltr'>incendium</span> <span class='ocrx_word' id='word_1_287' title='bbox 1379 3800 1648 3864; x_wconf 82' lang='lat' dir='ltr'>inflammandum?</span> <span class='ocrx_word' id='word_1_288' title='bbox 1676 3802 1748 3866; x_wconf 87' lang='lat' dir='ltr'>Nou</span> <span class='ocrx_word' id='word_1_289' title='bbox 1771 3802 1822 3864; x_wconf 88' lang='lat' dir='ltr'>nti·</span> 
     </span>
     <span class='ocr_line' id='line_1_32' title="bbox 472 3888 1823 3972; baseline -0.003 -19"><span class='ocrx_word' id='word_1_290' title='bbox 472 3910 529 3971; x_wconf 93' lang='lat' dir='ltr'>que</span> <span class='ocrx_word' id='word_1_291' title='bbox 553 3909 590 3950; x_wconf 80' lang='lat' dir='ltr'>en</span> <span class='ocrx_word' id='word_1_292' title='bbox 614 3890 709 3951; x_wconf 88' lang='lat' dir='ltr'>Teura</span> <span class='ocrx_word' id='word_1_293' title='bbox 731 3899 847 3959; x_wconf 85' lang='lat' dir='ltr'>nostra,</span> <span class='ocrx_word' id='word_1_294' title='bbox 871 3906 909 3948; x_wconf 83' lang='lat' dir='ltr'>ex</span> <span class='ocrx_word' id='word_1_295' title='bbox 924 3907 982 3968; x_wconf 89' lang='lat' dir='ltr'>qua</span> <span class='ocrx_word' id='word_1_296' title='bbox 1001 3888 1072 3949; x_wconf 85' lang='lat' dir='ltr'>fumi</span> <span class='ocrx_word' id='word_1_297' title='bbox 1092 3888 1197 3967; x_wconf 88' lang='lat' dir='ltr'>reliqui</span> <span class='ocrx_word' id='word_1_298' title='bbox 1223 3890 1494 3968; x_wconf 83' lang='lat' dir='ltr'>trajectionesqne3</span> <span class='ocrx_word' id='word_1_299' title='bbox 1519 3889 1609 3951; x_wconf 90' lang='lat' dir='ltr'>nimio</span> <span class='ocrx_word' id='word_1_300' title='bbox 1635 3892 1718 3954; x_wconf 90' lang='lat' dir='ltr'>euim</span> <span class='ocrx_word' id='word_1_301' title='bbox 1742 3908 1823 3972; x_wconf 80' lang='lat' dir='ltr'>parua</span> 
     </span>
     <span class='ocr_line' id='line_1_33' title="bbox 472 3975 1822 4058; baseline 0.003 -18"><span class='ocrx_word' id='word_1_302' title='bbox 472 3988 522 4040; x_wconf 91' lang='lat' dir='ltr'>est</span> <span class='ocrx_word' id='word_1_303' title='bbox 545 3979 583 4040; x_wconf 86' lang='lat' dir='ltr'>ad</span> <span class='ocrx_word' id='word_1_304' title='bbox 609 3977 690 4038; x_wconf 87' lang='lat' dir='ltr'>illam</span> <span class='ocrx_word' id='word_1_305' title='bbox 724 3976 960 4056; x_wconf 85' lang='lat' dir='ltr'>amplitudinem.</span> <span class='ocrx_word' id='word_1_306' title='bbox 1008 3975 1123 4047; x_wconf 82' lang='lat' dir='ltr'>Quodsi</span> <span class='ocrx_word' id='word_1_307' title='bbox 1157 3977 1221 4055; x_wconf 91' lang='lat' dir='ltr'>quis</span> <span class='ocrx_word' id='word_1_308' title='bbox 1254 3978 1402 4039; x_wconf 86' lang='lat' dir='ltr'>morosius</span> <span class='ocrx_word' id='word_1_309' title='bbox 1425 3977 1472 4038; x_wconf 91' lang='lat' dir='ltr'>hic</span> <span class='ocrx_word' id='word_1_310' title='bbox 1501 3976 1623 4058; x_wconf 90' lang='lat' dir='ltr'>obloqui</span> <span class='ocrx_word' id='word_1_311' title='bbox 1657 3980 1822 4052; x_wconf 69' lang='lat' dir='ltr'>contendat</span> 
     </span>
     <span class='ocr_line' id='line_1_34' title="bbox 472 4065 1820 4132; baseline 0.002 -3"><span class='ocrx_word' id='word_1_312' title='bbox 472 4075 526 4130; x_wconf 87' lang='lat' dir='ltr'>ant</span> <span class='ocrx_word' id='word_1_313' title='bbox 548 4065 706 4129; x_wconf 88' lang='lat' dir='ltr'>materiam</span> <span class='ocrx_word' id='word_1_314' title='bbox 730 4085 766 4126; x_wconf 90' lang='lat' dir='ltr'>ex</span> <span class='ocrx_word' id='word_1_315' title='bbox 790 4065 885 4126; x_wconf 84' lang='lat' dir='ltr'>Terre</span> <span class='ocrx_word' id='word_1_316' title='bbox 908 4066 1037 4127; x_wconf 87' lang='lat' dir='ltr'>educens</span> <span class='ocrx_word' id='word_1_317' title='bbox 1061 4065 1090 4126; x_wconf 95' lang='lat' dir='ltr'>in</span> <span class='ocrx_word' id='word_1_318' title='bbox 1115 4066 1269 4127; x_wconf 87' lang='lat' dir='ltr'>aetherem</span> <span class='ocrx_word' id='word_1_319' title='bbox 1293 4074 1346 4127; x_wconf 92' lang='lat' dir='ltr'>aut</span> <span class='ocrx_word' id='word_1_320' title='bbox 1369 4066 1489 4128; x_wconf 88' lang='lat' dir='ltr'>stellam</span> <span class='ocrx_word' id='word_1_321' title='bbox 1513 4085 1551 4126; x_wconf 80' lang='lat' dir='ltr'>ex</span> <span class='ocrx_word' id='word_1_322' title='bbox 1574 4068 1704 4131; x_wconf 87' lang='lat' dir='ltr'>aethere</span> <span class='ocrx_word' id='word_1_323' title='bbox 1728 4069 1820 4132; x_wconf 79' lang='lat' dir='ltr'>detra·</span> 
     </span>
     <span class='ocr_line' id='line_1_35' title="bbox 472 4153 1820 4238; baseline 0.003 -22"><span class='ocrx_word' id='word_1_324' title='bbox 472 4155 547 4217; x_wconf 87' lang='lat' dir='ltr'>heus</span> <span class='ocrx_word' id='word_1_325' title='bbox 570 4155 626 4215; x_wconf 93' lang='lat' dir='ltr'>sub</span> <span class='ocrx_word' id='word_1_326' title='bbox 652 4155 786 4216; x_wconf 87' lang='lat' dir='ltr'>Lunam:</span> <span class='ocrx_word' id='word_1_327' title='bbox 810 4153 879 4215; x_wconf 91' lang='lat' dir='ltr'>huic</span> <span class='ocrx_word' id='word_1_328' title='bbox 898 4172 954 4233; x_wconf 85' lang='lat' dir='ltr'>ego</span> <span class='ocrx_word' id='word_1_329' title='bbox 977 4153 1128 4234; x_wconf 88' lang='lat' dir='ltr'>praedico,</span> <span class='ocrx_word' id='word_1_330' title='bbox 1154 4172 1200 4214; x_wconf 89' lang='lat' dir='ltr'>ure</span> <span class='ocrx_word' id='word_1_331' title='bbox 1220 4153 1375 4215; x_wconf 88' lang='lat' dir='ltr'>obduratis</span> <span class='ocrx_word' id='word_1_332' title='bbox 1390 4154 1511 4216; x_wconf 88' lang='lat' dir='ltr'>auribus</span> <span class='ocrx_word' id='word_1_333' title='bbox 1534 4154 1690 4219; x_wconf 77' lang='lat' dir='ltr'>exiturum</span> <span class='ocrx_word' id='word_1_334' title='bbox 1714 4155 1820 4238; x_wconf 83' lang='lat' dir='ltr'>eperi-</span> 
     </span>
     <span class='ocr_line' id='line_1_36' title="bbox 470 4240 1821 4326; baseline 0.005 -22"><span class='ocrx_word' id='word_1_335' title='bbox 470 4251 559 4326; x_wconf 89' lang='lat' dir='ltr'>pato,</span> <span class='ocrx_word' id='word_1_336' title='bbox 591 4241 697 4304; x_wconf 87' lang='lat' dir='ltr'>relicto</span> <span class='ocrx_word' id='word_1_337' title='bbox 727 4243 778 4303; x_wconf 92' lang='lat' dir='ltr'>illo</span> <span class='ocrx_word' id='word_1_338' title='bbox 808 4243 958 4305; x_wconf 89' lang='lat' dir='ltr'>clamante</span> <span class='ocrx_word' id='word_1_339' title='bbox 983 4252 1014 4303; x_wconf 87' lang='lat' dir='ltr'>ct</span> <span class='ocrx_word' id='word_1_340' title='bbox 1037 4240 1218 4304; x_wconf 89' lang='lat' dir='ltr'>insaniente.</span> <span class='ocrx_word' id='word_1_341' title='bbox 1264 4243 1345 4304; x_wconf 84' lang='lat' dir='ltr'>Nam</span> <span class='ocrx_word' id='word_1_342' title='bbox 1373 4250 1542 4305; x_wconf 86' lang='lat' dir='ltr'>assertores</span> <span class='ocrx_word' id='word_1_343' title='bbox 1566 4251 1631 4305; x_wconf 88' lang='lat' dir='ltr'>tarn</span> <span class='ocrx_word' id='word_1_344' title='bbox 1659 4247 1821 4326; x_wconf 77' lang='lat' dir='ltr'>peronaeo</span> 
     </span>
     <span class='ocr_line' id='line_1_37' title="bbox 472 4329 1820 4416; baseline 0.003 -22"><span class='ocrx_word' id='word_1_345' title='bbox 472 4351 530 4394; x_wconf 93' lang='lat' dir='ltr'>non</span> <span class='ocrx_word' id='word_1_346' title='bbox 554 4332 643 4394; x_wconf 90' lang='lat' dir='ltr'>aliter</span> <span class='ocrx_word' id='word_1_347' title='bbox 666 4330 884 4404; x_wconf 85' lang='lat' dir='ltr'>obmutescunt,</span> <span class='ocrx_word' id='word_1_348' title='bbox 910 4331 967 4392; x_wconf 90' lang='lat' dir='ltr'>uisi</span> <span class='ocrx_word' id='word_1_349' title='bbox 984 4329 1064 4411; x_wconf 91' lang='lat' dir='ltr'>prior</span> <span class='ocrx_word' id='word_1_350' title='bbox 1083 4331 1238 4392; x_wconf 87' lang='lat' dir='ltr'>obfirmato</span> <span class='ocrx_word' id='word_1_351' title='bbox 1258 4330 1379 4392; x_wconf 89' lang='lat' dir='ltr'>silentiu</span> <span class='ocrx_word' id='word_1_352' title='bbox 1402 4331 1550 4394; x_wconf 85' lang='lat' dir='ltr'>clamores</span> <span class='ocrx_word' id='word_1_353' title='bbox 1573 4331 1715 4411; x_wconf 85' lang='lat' dir='ltr'>ipsorum</span> <span class='ocrx_word' id='word_1_354' title='bbox 1730 4334 1820 4416; x_wconf 78' lang='lat' dir='ltr'>negle-</span> 
     </span>
     <span class='ocr_line' id='line_1_38' title="bbox 471 4418 1819 4500; baseline 0.005 -19"><span class='ocrx_word' id='word_1_355' title='bbox 471 4419 562 4484; x_wconf 87' lang='lat' dir='ltr'>xeris.</span> <span class='ocrx_word' id='word_1_356' title='bbox 600 4420 667 4500; x_wconf 91' lang='lat' dir='ltr'>Ego</span> <span class='ocrx_word' id='word_1_357' title='bbox 690 4438 756 4480; x_wconf 92' lang='lat' dir='ltr'>cum</span> <span class='ocrx_word' id='word_1_358' title='bbox 780 4420 883 4500; x_wconf 89' lang='lat' dir='ltr'>aequis</span> <span class='ocrx_word' id='word_1_359' title='bbox 897 4438 995 4498; x_wconf 82' lang='lat' dir='ltr'>agam.</span> <span class='ocrx_word' id='word_1_360' title='bbox 1034 4418 1165 4480; x_wconf 89' lang='lat' dir='ltr'>Primum</span> <span class='ocrx_word' id='word_1_361' title='bbox 1180 4420 1216 4480; x_wconf 91' lang='lat' dir='ltr'>de</span> <span class='ocrx_word' id='word_1_362' title='bbox 1236 4419 1440 4497; x_wconf 86' lang='lat' dir='ltr'>magnitudine</span> <span class='ocrx_word' id='word_1_363' title='bbox 1465 4439 1522 4481; x_wconf 91' lang='lat' dir='ltr'>uon</span> <span class='ocrx_word' id='word_1_364' title='bbox 1546 4429 1597 4481; x_wconf 88' lang='lat' dir='ltr'>est</span> <span class='ocrx_word' id='word_1_365' title='bbox 1621 4421 1819 4494; x_wconf 68' lang='lat' dir='ltr'>laborandam</span> 
     </span>
     <span class='ocr_line' id='line_1_39' title="bbox 471 4508 1820 4591; baseline -0.001 -20"><span class='ocrx_word' id='word_1_366' title='bbox 471 4510 497 4571; x_wconf 90' lang='lat' dir='ltr'>si</span> <span class='ocrx_word' id='word_1_367' title='bbox 522 4509 559 4571; x_wconf 91' lang='lat' dir='ltr'>de</span> <span class='ocrx_word' id='word_1_368' title='bbox 583 4509 649 4570; x_wconf 87' lang='lat' dir='ltr'>loco</span> <span class='ocrx_word' id='word_1_369' title='bbox 672 4516 813 4583; x_wconf 90' lang='lat' dir='ltr'>coustat;</span> <span class='ocrx_word' id='word_1_370' title='bbox 837 4508 884 4570; x_wconf 91' lang='lat' dir='ltr'>cui</span> <span class='ocrx_word' id='word_1_371' title='bbox 901 4509 1037 4588; x_wconf 88' lang='lat' dir='ltr'>equidem</span> <span class='ocrx_word' id='word_1_372' title='bbox 1052 4527 1111 4568; x_wconf 93' lang='lat' dir='ltr'>non</span> <span class='ocrx_word' id='word_1_373' title='bbox 1131 4508 1227 4587; x_wconf 89' lang='lat' dir='ltr'>major</span> <span class='ocrx_word' id='word_1_374' title='bbox 1251 4508 1307 4570; x_wconf 85' lang='lat' dir='ltr'>luit</span> <span class='ocrx_word' id='word_1_375' title='bbox 1321 4508 1396 4569; x_wconf 85' lang='lat' dir='ltr'>haec</span> <span class='ocrx_word' id='word_1_376' title='bbox 1414 4509 1516 4583; x_wconf 86' lang='lat' dir='ltr'>stella,</span> <span class='ocrx_word' id='word_1_377' title='bbox 1541 4526 1633 4589; x_wconf 86' lang='lat' dir='ltr'>quarn</span> <span class='ocrx_word' id='word_1_378' title='bbox 1658 4523 1713 4575; x_wconf 89' lang='lat' dir='ltr'>est</span> <span class='ocrx_word' id='word_1_379' title='bbox 1734 4512 1820 4591; x_wconf 83' lang='lat' dir='ltr'>aliqua</span> 
     </span>
     <span class='ocr_line' id='line_1_40' title="bbox 472 4596 834 4677; baseline -0.003 -19"><span class='ocrx_word' id='word_1_380' title='bbox 472 4596 611 4677; x_wconf 83' lang='lat' dir='ltr'>trajectio</span> <span class='ocrx_word' id='word_1_381' title='bbox 634 4605 737 4657; x_wconf 89' lang='lat' dir='ltr'>nostro</span> <span class='ocrx_word' id='word_1_382' title='bbox 761 4596 834 4658; x_wconf 77' lang='lat' dir='ltr'>alini.</span> 
     </span>
    </p>

    <p class='ocr_par' dir='ltr' id='par_1_7' title="bbox 427 4683 1821 5218">
     <span class='ocr_line' id='line_1_41' title="bbox 561 4683 1820 4768; baseline -0.001 -21"><span class='ocrx_word' id='word_1_383' title='bbox 561 4685 639 4747; x_wconf 87' lang='lat' dir='ltr'>Sunt</span> <span class='ocrx_word' id='word_1_384' title='bbox 662 4692 761 4746; x_wconf 90' lang='lat' dir='ltr'>autern</span> <span class='ocrx_word' id='word_1_385' title='bbox 786 4686 862 4746; x_wconf 90' lang='lat' dir='ltr'>duae</span> <span class='ocrx_word' id='word_1_386' title='bbox 885 4683 1074 4754; x_wconf 87' lang='lat' dir='ltr'>sententiae,</span> <span class='ocrx_word' id='word_1_387' title='bbox 1098 4703 1175 4765; x_wconf 90' lang='lat' dir='ltr'>quae</span> <span class='ocrx_word' id='word_1_388' title='bbox 1200 4684 1323 4746; x_wconf 88' lang='lat' dir='ltr'>adrem</span> <span class='ocrx_word' id='word_1_389' title='bbox 1348 4684 1480 4760; x_wconf 84' lang='lat' dir='ltr'>iaciunt,</span> <span class='ocrx_word' id='word_1_390' title='bbox 1509 4684 1612 4748; x_wconf 88' lang='lat' dir='ltr'>altera</span> <span class='ocrx_word' id='word_1_391' title='bbox 1634 4705 1759 4763; x_wconf 84' lang='lat' dir='ltr'>eorum,</span> <span class='ocrx_word' id='word_1_392' title='bbox 1781 4684 1820 4768; x_wconf 71' lang='lat' dir='ltr'>qn?</span> 
     </span>
     <span class='ocr_line' id='line_1_42' title="bbox 427 4773 1819 4858; baseline 0.003 -22"><span class='ocrx_word' id='word_1_393' title='bbox 427 4848 437 4858; x_wconf 28' lang='grc' dir='ltr'><em>ο</em></span> <span class='ocrx_word' id='word_1_394' title='bbox 470 4782 586 4854; x_wconf 89' lang='lat' dir='ltr'>nogant</span> <span class='ocrx_word' id='word_1_395' title='bbox 607 4773 677 4834; x_wconf 83' lang='lat' dir='ltr'>novi</span> <span class='ocrx_word' id='word_1_396' title='bbox 701 4774 772 4854; x_wconf 92' lang='lat' dir='ltr'>quid</span> <span class='ocrx_word' id='word_1_397' title='bbox 788 4774 818 4834; x_wconf 94' lang='lat' dir='ltr'>in</span> <span class='ocrx_word' id='word_1_398' title='bbox 843 4775 926 4836; x_wconf 88' lang='lat' dir='ltr'>coelo</span> <span class='ocrx_word' id='word_1_399' title='bbox 949 4782 1021 4854; x_wconf 88' lang='lat' dir='ltr'>pust</span> <span class='ocrx_word' id='word_1_400' title='bbox 1042 4774 1169 4854; x_wconf 90' lang='lat' dir='ltr'>primum</span> <span class='ocrx_word' id='word_1_401' title='bbox 1187 4773 1261 4835; x_wconf 92' lang='lat' dir='ltr'>illud</span> <span class='ocrx_word' id='word_1_402' title='bbox 1284 4773 1445 4835; x_wconf 88' lang='lat' dir='ltr'>creationis</span> <span class='ocrx_word' id='word_1_403' title='bbox 1469 4773 1656 4838; x_wconf 87' lang='lat' dir='ltr'>sabbathum</span> <span class='ocrx_word' id='word_1_404' title='bbox 1683 4778 1819 4840; x_wconf 75' lang='lat' dir='ltr'>existere:</span> 
     </span>
     <span class='ocr_line' id='line_1_43' title="bbox 470 4861 1821 4942; baseline 0.002 -17"><span class='ocrx_word' id='word_1_405' title='bbox 470 4863 526 4925; x_wconf 89' lang='lat' dir='ltr'>sed</span> <span class='ocrx_word' id='word_1_406' title='bbox 549 4862 646 4924; x_wconf 89' lang='lat' dir='ltr'>latere</span> <span class='ocrx_word' id='word_1_407' title='bbox 674 4861 845 4942; x_wconf 90' lang='lat' dir='ltr'>hujusmodi</span> <span class='ocrx_word' id='word_1_408' title='bbox 873 4881 998 4942; x_wconf 87' lang='lat' dir='ltr'>corpora</span> <span class='ocrx_word' id='word_1_409' title='bbox 1020 4862 1049 4923; x_wconf 97' lang='lat' dir='ltr'>in</span> <span class='ocrx_word' id='word_1_410' title='bbox 1074 4863 1203 4942; x_wconf 89' lang='lat' dir='ltr'>quodam</span> <span class='ocrx_word' id='word_1_411' title='bbox 1232 4872 1357 4923; x_wconf 87' lang='lat' dir='ltr'>naturae</span> <span class='ocrx_word' id='word_1_412' title='bbox 1386 4861 1570 4941; x_wconf 85' lang='lat' dir='ltr'>promtuaria</span> <span class='ocrx_word' id='word_1_413' title='bbox 1595 4864 1669 4927; x_wconf 92' lang='lat' dir='ltr'>inde</span> <span class='ocrx_word' id='word_1_414' title='bbox 1695 4887 1716 4928; x_wconf 89' lang='lat' dir='ltr'>a</span> <span class='ocrx_word' id='word_1_415' title='bbox 1737 4879 1821 4928; x_wconf 78' lang='lat' dir='ltr'>rem</span> 
     </span>
     <span class='ocr_line' id='line_1_44' title="bbox 470 4949 1820 5036; baseline 0.004 -25"><span class='ocrx_word' id='word_1_416' title='bbox 470 4952 585 5031; x_wconf 81' lang='lat' dir='ltr'>urigine</span> <span class='ocrx_word' id='word_1_417' title='bbox 609 4951 743 5013; x_wconf 86' lang='lat' dir='ltr'>carentia</span> <span class='ocrx_word' id='word_1_418' title='bbox 766 4952 897 5025; x_wconf 84' lang='lat' dir='ltr'>lumine;</span> <span class='ocrx_word' id='word_1_419' title='bbox 922 4951 978 5012; x_wconf 91' lang='lat' dir='ltr'>uisi</span> <span class='ocrx_word' id='word_1_420' title='bbox 994 4952 1111 5030; x_wconf 90' lang='lat' dir='ltr'>qnando</span> <span class='ocrx_word' id='word_1_421' title='bbox 1126 4950 1192 5012; x_wconf 91' lang='lat' dir='ltr'>Deo</span> <span class='ocrx_word' id='word_1_422' title='bbox 1216 4949 1313 5012; x_wconf 91' lang='lat' dir='ltr'>visum</span> <span class='ocrx_word' id='word_1_423' title='bbox 1337 4951 1436 5026; x_wconf 83' lang='lat' dir='ltr'>luerit,</span> <span class='ocrx_word' id='word_1_424' title='bbox 1461 4950 1576 5031; x_wconf 89' lang='lat' dir='ltr'>aliquid</span> <span class='ocrx_word' id='word_1_425' title='bbox 1590 4970 1648 5032; x_wconf 92' lang='lat' dir='ltr'>per</span> <span class='ocrx_word' id='word_1_426' title='bbox 1667 4951 1820 5036; x_wconf 86' lang='lat' dir='ltr'>illasigni·</span> 
     </span>
     <span class='ocr_line' id='line_1_45' title="bbox 470 5038 1821 5119; baseline 0.005 -19"><span class='ocrx_word' id='word_1_427' title='bbox 470 5039 696 5101; x_wconf 79' lang='lat' dir='ltr'>hcarct&#39;oeteri</span> <span class='ocrx_word' id='word_1_428' title='bbox 720 5057 801 5113; x_wconf 90' lang='lat' dir='ltr'>vero,</span> <span class='ocrx_word' id='word_1_429' title='bbox 824 5057 883 5101; x_wconf 88' lang='lat' dir='ltr'>uun</span> <span class='ocrx_word' id='word_1_430' title='bbox 908 5040 1003 5100; x_wconf 91' lang='lat' dir='ltr'>lumen</span> <span class='ocrx_word' id='word_1_431' title='bbox 1028 5047 1146 5101; x_wconf 79' lang='lat' dir='ltr'>teritum</span> <span class='ocrx_word' id='word_1_432' title='bbox 1170 5039 1223 5099; x_wconf 90' lang='lat' dir='ltr'>sed</span> <span class='ocrx_word' id='word_1_433' title='bbox 1243 5048 1275 5101; x_wconf 89' lang='lat' dir='ltr'>et</span> <span class='ocrx_word' id='word_1_434' title='bbox 1293 5058 1420 5119; x_wconf 91' lang='lat' dir='ltr'>corpora</span> <span class='ocrx_word' id='word_1_435' title='bbox 1442 5038 1510 5119; x_wconf 82' lang='lat' dir='ltr'>ipsa</span> <span class='ocrx_word' id='word_1_436' title='bbox 1533 5039 1563 5101; x_wconf 91' lang='lat' dir='ltr'>in</span> <span class='ocrx_word' id='word_1_437' title='bbox 1588 5042 1680 5105; x_wconf 86' lang='lat' dir='ltr'>coelo</span> <span class='ocrx_word' id='word_1_438' title='bbox 1704 5044 1821 5106; x_wconf 68' lang='lat' dir='ltr'>exiam</span> 
     </span>
     <span class='ocr_line' id='line_1_46' title="bbox 469 5126 1821 5218; baseline 0.005 -28"><span class='ocrx_word' id='word_1_439' title='bbox 469 5127 628 5211; x_wconf 89' lang='lat' dir='ltr'>repentina</span> <span class='ocrx_word' id='word_1_440' title='bbox 651 5134 683 5189; x_wconf 90' lang='lat' dir='ltr'>et</span> <span class='ocrx_word' id='word_1_441' title='bbox 705 5147 803 5190; x_wconf 86' lang='lat' dir='ltr'>noua:</span> <span class='ocrx_word' id='word_1_442' title='bbox 837 5146 890 5190; x_wconf 88' lang='lat' dir='ltr'>sen</span> <span class='ocrx_word' id='word_1_443' title='bbox 914 5137 1052 5191; x_wconf 87' lang='lat' dir='ltr'>creentur</span> <span class='ocrx_word' id='word_1_444' title='bbox 1074 5127 1216 5190; x_wconf 86' lang='lat' dir='ltr'>absoluta</span> <span class='ocrx_word' id='word_1_445' title='bbox 1238 5126 1293 5190; x_wconf 89' lang='lat' dir='ltr'>illa</span> <span class='ocrx_word' id='word_1_446' title='bbox 1324 5128 1443 5190; x_wconf 80' lang='lat' dir='ltr'>divinae</span> <span class='ocrx_word' id='word_1_447' title='bbox 1477 5128 1657 5212; x_wconf 78' lang='lat' dir='ltr'>majestatis</span> <span class='ocrx_word' id='word_1_448' title='bbox 1685 5129 1821 5218; x_wconf 53' lang='lat' dir='ltr'>poan&amp;</span> 
     </span>
    </p>
   </div>
   <div class='ocr_carea' id='block_1_7' title="bbox 0 0 2296 6192">
    <p class='ocr_par' dir='ltr' id='par_1_8' title="bbox 0 0 2296 6192">
     <span class='ocr_line' id='line_1_47' title="bbox 0 0 2296 6192; baseline 0 0"><span class='ocrx_word' id='word_1_449' title='bbox 0 0 2296 6192; x_wconf 95' lang='lat' dir='ltr'> </span> 
     </span>
    </p>
   </div>
  </div>
 </body>
</html>
