4584 6192
924 562 980 597 cnm
997 546 1096 598 Nuntio
1117 546 1225 598 Siderso.
1684 545 1749 614 503

396 719 520 797 sophice
545 720 652 793 dicam,
679 721 816 781 doctrina
840 722 875 781 de
900 725 1086 801 aspectibus,
1113 744 1178 784 eum
1207 713 1372 780 numerum
1388 720 1576 798 planetarum
1607 732 1749 801 aspectus

397 808 567 869 facientium
605 810 642 868 ad
678 809 753 868 hanc
782 829 875 888 usque
907 813 984 872 diem
1010 814 1255 890 ignoraverimus,
1304 810 1416 868 Verum
1455 809 1474 869 ii
1514 810 1627 871 frustra
1663 821 1748 874 sunt:

397 904 481 957 astra
506 898 583 958 enirn
608 898 636 956 in
662 917 716 957 nos
741 909 834 975 agunt
859 900 894 959 iis
918 902 1062 975 modulis,
1095 902 1200 980 quibus
1230 916 1329 958 eorum
1358 906 1456 957 motus
1485 917 1553 958 seso
1577 900 1623 961 his
1647 901 1749 962 Terris

400 986 563 1046 insinuant.
612 986 670 1046 Per
697 996 838 1064 aspectus
863 988 939 1048 enirn
973 1000 1083 1068 agunt;
1118 998 1151 1049 at
1174 995 1314 1066 aspectus
1348 987 1473 1046 allectus
1507 996 1554 1047 est
1587 990 1687 1067 anguli
1719 989 1750 1051 in

397 1083 499 1135 centro
532 1076 643 1135 Terrae
674 1075 723 1134 vel
756 1077 843 1137 oculi.
891 1077 1016 1139 Scilicet
1047 1098 1102 1139 non
1142 1079 1208 1157 ipsa
1238 1077 1264 1135 in
1294 1094 1348 1134 nos
1386 1084 1492 1152 agunt,
1523 1078 1577 1138 sed
1608 1086 1750 1157 aspectus

397 1181 496 1224 eorum
531 1165 605 1224 liunt
638 1162 786 1240 objectum
821 1174 851 1224 et
884 1167 1020 1227 stimulus
1058 1168 1235 1228 facultatum
1268 1164 1455 1224 terrestrium
1484 1165 1600 1226 ratione
1624 1165 1750 1245 partici-

397 1252 531 1330 pantium
557 1253 632 1312 citra
656 1254 822 1312 discursum
847 1256 912 1315 solo
937 1256 1090 1317 instinctu.
1137 1256 1207 1315 Jam
1228 1270 1298 1314 vero
1323 1262 1450 1330 quatuor
1474 1252 1520 1320 hi,
1555 1262 1588 1314 ut
1621 1274 1658 1315 ex
1691 1254 1751 1317 tuis

398 1338 536 1401 Galilaea
561 1342 821 1401 observationibus
846 1352 940 1419 patet,
966 1353 997 1403 et
1021 1344 1132 1405 minimi
1157 1352 1227 1404 sunt
1250 1350 1282 1403 et
1304 1360 1452 1419 nunquam
1469 1339 1576 1401 aJove
1597 1345 1677 1405 ultra
1699 1339 1750 1406 14¹

400 1430 626 1506 digrediuntur:
652 1440 685 1489 ut
709 1438 789 1490 totus
814 1432 915 1492 extimi
935 1435 1076 1511 planetae
1101 1433 1181 1493 orbis
1206 1432 1300 1492 minor
1319 1430 1360 1489 sit
1378 1430 1459 1490 disco
1476 1428 1556 1490 Solis
1572 1431 1620 1491 vel
1634 1432 1749 1493 Lunae.

398 1516 499 1586 Quare
533 1528 566 1578 ut
599 1519 684 1593 dem,
720 1519 801 1596 ipsos
835 1540 893 1579 non
926 1523 1106 1601 impediente
1139 1521 1255 1581 minuta
1287 1519 1454 1599 quantitate
1490 1536 1664 1581 concurrere
1697 1540 1751 1600 per

398 1614 539 1685 aspectus
560 1607 597 1667 ad
622 1609 785 1668 movendas
811 1610 972 1669 facultates
997 1612 1183 1682 sublunares,
1208 1631 1264 1669 non
1290 1620 1390 1668 tamen
1415 1607 1542 1685 amplius
1566 1607 1636 1687 qnid
1660 1617 1750 1688 pote-

398 1704 483 1768 runt,
519 1715 607 1775 quam
639 1705 673 1755 ut
706 1706 737 1756 et
769 1696 826 1775 ipsi
860 1709 988 1774 quatuor
1019 1712 1049 1759 et
1071 1698 1209 1776 Jupiter,
1244 1708 1379 1758 centrum
1403 1696 1613 1757 curriculorum
1639 1715 1749 1771 eornm,

393 1783 522 1861 junctim
547 1794 674 1863 aequent
698 1788 766 1854 (nec
791 1786 819 1844 id
845 1787 963 1858 crebro)
980 1788 1082 1848 Solem
1105 1787 1133 1847 in
1159 1788 1356 1847 diuturnitate
1381 1785 1687 1866 nonpullaaspectus,
1713 1786 1751 1848 ob

400 1872 538 1933 diametri
563 1873 760 1935 latitudinem.

486 1963 587 2040 Atque
618 1963 673 2022 hoc
706 1972 794 2040 pacto
820 1974 920 2024 manet
949 1964 1113 2042 astrologia
1144 1983 1197 2023 suo
1228 1964 1292 2022 loco
1320 1970 1463 2041 patetque
1492 1963 1593 2036 simul,
1624 1972 1752 2044 quatuor

398 2050 452 2109 hos
469 2069 562 2110 novos
577 2070 634 2111 non
652 2052 792 2129 primario
817 2055 901 2113 nobis
927 2054 954 2112 in
973 2054 1091 2112 Tellure
1111 2052 1311 2126 versantibus,
1338 2052 1390 2112 sed
1416 2052 1516 2129 procul
1540 2053 1628 2114 dub'io
1642 2054 1751 2115 Jovia-

398 2138 476 2199 libus
500 2140 646 2212 creaturis
671 2142 791 2218 globum
814 2141 900 2202 ,lovis
926 2142 1242 2202 circnnrhabitantibus
1268 2148 1469 2218 comparatos

488 2229 522 2288 ld
551 2229 720 2290 evidentius
753 2239 839 2308 patet
871 2231 932 2300 illi,
971 2231 1018 2308 qui
1052 2241 1150 2290 tecum
1177 2230 1314 2290 Galilaoe
1348 2249 1520 2309 mecumque
1553 2229 1751 2310 Copernicnm

400 2318 534 2395 sequitur
559 2318 587 2377 in
612 2327 777 2397 systemate
801 2321 965 2379 mundano:
1004 2318 1138 2379 videmus
1168 2318 1245 2378 enirn
1270 2318 1298 2377 in
1324 2338 1358 2379 eo
1384 2319 1514 2394 Lunam,
1540 2320 1750 2383 circumterm-

400 2412 493 2466 strem
517 2407 688 2484 planetam,
715 2408 758 2467 sic
783 2417 1008 2486 comparatam,
1034 2416 1066 2467 ut
1095 2427 1151 2467 nun
1176 2408 1274 2486 possit
1301 2407 1396 2467 videri
1420 2408 1487 2467 aliis
1511 2409 1627 2487 globis,
1661 2429 1751 2489 quarn

398 2494 456 2554 soli
481 2495 603 2569 Telluri,
629 2515 716 2575 quarn
741 2498 877 2558 cursibus
902 2498 965 2557 suis
990 2497 1093 2574 cingit,
1117 2497 1282 2557 destinata.
1328 2496 1404 2573 Ejus
1437 2497 1573 2558 curriculi
1604 2498 1752 2561 diameter

398 2582 528 2643 habetur
551 2603 604 2661 pro
628 2585 772 2644 vicesima
796 2585 933 2646 diametri
958 2585 1037 2645 orbis
1066 2587 1165 2662 magni
1191 2585 1319 2645 Telluris
1352 2584 1432 2646 eirca
1456 2585 1576 2659 Solem,
1611 2605 1667 2665 ego
1700 2587 1752 2648 vix

398 2672 579 2733 tricesimam
605 2674 754 2733 existimo.
802 2674 964 2735 Subtendit
987 2673 1078 2752 igitur
1101 2675 1197 2734 minus
1222 2670 1269 2746 3⁰,
1295 2675 1356 2741 vel,
1382 2684 1416 2734 ut
1439 2693 1505 2752 ego,
1530 2674 1627 2735 minus
1651 2670 1690 2736 2⁰
1713 2694 1751 2737 ex

398 2758 470 2820 Sole
495 2762 658 2839 inspectus.
707 2765 752 2822 Ac
776 2782 843 2823 cum
863 2762 986 2823 Saturni
1011 2763 1139 2822 altitudo
1165 2764 1206 2822 sit
1229 2763 1369 2840 decupla,
1397 2762 1484 2823 Jovis
1509 2763 1666 2842 quintupla
1688 2763 1750 2826 cir-

398 2848 483 2922 citer,
510 2869 546 2910 ex
571 2849 703 2910 Saturno
728 2851 819 2929 igitur
841 2853 979 2930 inspecta
1003 2860 1108 2911 nostra
1131 2853 1219 2912 Luna
1242 2870 1298 2911 non
1324 2852 1403 2911 ultra
1431 2848 1481 2912 18¹
1498 2853 1546 2913 vel
1565 2849 1615 2913 12⁴
1639 2852 1752 2932 poterit

398 2938 552 2999 aTellnre
572 2940 735 3012 discedere,
761 2941 888 3001 exJove
913 2942 951 3000 ad
976 2935 1028 3000 36¹
1045 2941 1092 3000 vel
1108 2936 1178 3002 24‘:
1204 2959 1260 3018 quo
1285 2947 1374 3016 pacto
1399 2947 1447 2999 est
1470 2940 1535 3017 ejus
1558 2941 1636 3003 ratio
1660 2942 1750 3021 plane

398 3025 503 3087 eadem
528 3026 679 3088 Saturniis
699 3037 735 3101 ⁴et
756 3029 854 3090 Joviis
879 3029 999 3102 incolis,
1032 3048 1107 3108 quae
1131 3029 1321 3106 planetarum
1344 3028 1640 3092 circurn-Jovialium
1662 3029 1750 3092 nobis

397 3115 604 3177 Terrestribus
638 3118 793 3178 creaturis.
850 3119 915 3179 Nec
948 3117 1063 3178 abludit
1095 3117 1310 3196 magnitudinis
1343 3117 1429 3178 ratio.
1476 3116 1553 3179 Esto
1586 3118 1683 3194 enim,
1717 3125 1752 3180 nt

396 3205 562 3282 parallaxis
587 3205 667 3267 Solis
696 3206 738 3266 sit
762 3203 802 3280 3‘,
838 3208 896 3268 etsi
925 3208 1018 3268 multo
1048 3207 1191 3268 minorem
1221 3226 1288 3267 esso
1315 3216 1435 3285 putem,
1470 3207 1564 3268 Terra
1593 3207 1686 3287 igitur
1713 3225 1752 3269 ex

398 3292 469 3354 Sole
494 3294 631 3373 inspecta
655 3295 779 3355 habebit
803 3292 844 3367 6¹,
878 3298 965 3356 Luna
997 3296 1106 3375 sesqui.
1154 3297 1217 3357 lmo
1242 3297 1355 3370 Terra,
1391 3296 1483 3356 multo
1515 3297 1624 3367 minor,
1658 3296 1751 3358 etiam
1828 3364 1832 3373 ,

397 3382 503 3443 Lunae
527 3384 669 3462 relinquit
693 3385 807 3459 minus,
833 3404 939 3464 nempe
964 3404 1021 3446 non
1050 3382 1086 3447 1¹.
1134 3385 1236 3464 Atque
1269 3384 1326 3445 hoc
1358 3405 1395 3445 ex
1419 3384 1551 3447 Saturno
1584 3386 1752 3467 inspectum

398 3467 441 3533 6“
466 3473 543 3532 forte
568 3472 726 3547 videbitur,
752 3493 789 3533 cx
811 3474 888 3534 Jove
917 3471 989 3535 12“.
1037 3475 1130 3534 Plane
1156 3474 1247 3553 igitur
1270 3474 1314 3535 sic
1339 3483 1402 3548 est,
1437 3476 1516 3554 quod
1539 3474 1626 3537 nobis
1649 3475 1750 3537 estin

397 3560 517 3621 Tellure
542 3571 646 3622 nostra
669 3562 767 3635 Luna,
790 3563 846 3623 hoc
879 3582 937 3623 non
971 3571 1018 3623 est
1041 3562 1140 3642 globis
1165 3563 1291 3633 ceteris,
1326 3572 1357 3623 et
1387 3565 1465 3643 quod
1488 3564 1556 3625 Jovi
1588 3572 1659 3625 sunt
1680 3564 1751 3624 illae

400 3657 528 3728 quatuor
552 3650 680 3724 lunulae,
708 3650 738 3710 id
761 3670 817 3711 non
843 3662 914 3713 sunt
936 3652 1037 3725 nobis,
1063 3659 1094 3711 et
1124 3651 1256 3712 vicissim
1290 3651 1415 3729 singulis
1439 3653 1629 3732 planetarum
1652 3649 1752 3731 globis

397 3756 557 3818 eorumque
588 3739 694 3799 incolis
732 3740 776 3800 sui
816 3742 951 3801 serviunt
995 3741 1200 3800 circulatores.
1261 3738 1309 3799 Er
1341 3759 1401 3817 qua
1437 3741 1676 3801 consideratione
1714 3740 1752 3800 de

396 3825 504 3887 incolis
527 3826 696 3888 Jovialibus
727 3848 843 3889 summa
875 3828 1088 3908 probabilitate
1113 3828 1330 3896 concludimus,
1362 3829 1439 3906 quod
1472 3830 1590 3909 quidem
1622 3836 1655 3890 et
1686 3828 1751 3910 Ty·

397 3916 484 3977 choni
509 3917 628 3977 Braheo
666 3936 703 3977 ex
741 3920 807 3979 sola
844 3918 1084 3979 consideratione
1118 3917 1274 3978 vastitatis
1311 3917 1427 3977 illorum
1464 3918 1619 3995 globorum
1657 3935 1751 3996 aeque

397 4004 495 4065 visum
520 4006 585 4067 suit.
633 4005 778 4086 Adeoque
804 4013 834 4068 et
857 4008 913 4068 hoc
937 4007 1129 4086 argutissime
1153 4006 1353 4068 Waelrherius
1377 4006 1500 4080 monuit,
1525 4006 1618 4068 etiam
1641 4006 1751 4067 Jovem

396 4094 480 4156 circa
503 4113 589 4155 suum
612 4095 692 4155 volvi
717 4115 803 4157 axem
836 4104 870 4157 ut
902 4104 1036 4157 nostram
1061 4096 1229 4171 Tellurem,
1264 4103 1297 4156 ut
1328 4095 1366 4155 ad
1398 4096 1480 4156 illam
1510 4096 1750 4157 convolutionem

396 4183 518 4263 gyratio
542 4184 595 4244 illa
618 4179 806 4246 ALunarum
830 4193 982 4264 sequatur,
1008 4185 1051 4246 uti
1076 4185 1113 4245 ad
1137 4194 1258 4246 nostrae
1273 4184 1401 4246 Telluris
1417 4184 1603 4265 gyrationem
1627 4190 1750 4246 nostrae

398 4272 506 4333 Lunae
530 4272 684 4333 conversio
708 4274 737 4334 in
763 4274 888 4335 eandem
911 4277 1032 4353 plagam
1056 4273 1208 4353 sequitur:
1234 4273 1367 4353 adeoque
1391 4292 1466 4333 nunc
1483 4274 1601 4335 demum
1624 4292 1657 4335 se
1681 4291 1749 4334 cre-

399 4360 472 4421 dere
496 4362 662 4423 rationibus
686 4363 878 4442 magneticis,
911 4364 1015 4443 quibus
1040 4363 1069 4423 in
1094 4381 1205 4441 nupero
1230 4381 1296 4422 meo
1324 4361 1466 4442 physicae
1496 4359 1637 4423 coelestis
1665 4379 1749 4422 corn-
1823 4417 1826 4424 ,

396 4450 546 4511 mentario
571 4457 614 4520 (de
632 4466 702 4509 motu
720 4460 809 4510 stellas
821 4460 910 4509 Martis
927 4459 988 4523 Cap.
1003 4457 1035 4508 33
1053 4457 1099 4519 ss.)
1122 4451 1274 4512 volutione
1290 4450 1371 4512 Solis
1395 4451 1475 4511 circa
1499 4470 1587 4511 axem
1610 4457 1642 4511 et
1664 4448 1751 4529 polos

396 4539 534 4617 corporis
558 4560 667 4602 causas
692 4551 822 4603 motuum
847 4541 1081 4620 planetariorum
1114 4539 1263 4616 expedivi.
1310 4539 1457 4600 Nimirum
1483 4542 1531 4613 (ut
1553 4544 1586 4600 tu
1611 4533 1751 4602 Galilaea

394 4627 520 4706 pulchre
554 4629 662 4702 infers)
696 4632 722 4692 si
750 4630 858 4691 Jovem
889 4630 1032 4692 curriculo
1068 4626 1107 4691 12
1131 4646 1274 4689 annorum
1307 4634 1485 4707 occupatum
1512 4622 1534 4689 4
1557 4625 1751 4687 circulatores

395 4723 547 4796 antepone
572 4719 707 4797 cingunt,
734 4718 803 4797 quid
828 4717 949 4779 absurdi
974 4717 1050 4778 dixit
1074 4715 1275 4797 Copernicns,
1299 4715 1423 4790 Telluri,
1455 4716 1524 4778 dum
1548 4732 1645 4776 annno
1668 4720 1752 4777 motu

394 4804 484 4880 redit,
511 4827 601 4868 unam
624 4807 742 4868 Lunam
766 4808 871 4867 eadem
895 4806 1011 4867 ratione
1036 4806 1264 4867 adhaerescere.

490 4893 571 4965 Quid
593 4895 705 4975 igitur,
740 4896 875 4975 inquies,
905 4894 930 4955 si
961 4901 1031 4954 sunt
1057 4894 1087 4955 in
1112 4894 1196 4955 coelo
1220 4892 1301 4972 globi
1326 4891 1439 4953 similes
1462 4899 1585 4954 nostrae
1609 4888 1750 4965 Telluris,

395 5000 474 5044 anne
497 4983 591 5063 igitur
623 4985 774 5046 cumillis
798 4985 827 5045 iu
852 4991 1003 5045 certamen
1036 4983 1185 5057 venimus,
1219 4981 1278 5041 utri
1310 4980 1462 5042 meliorem
1494 4977 1595 5041 mundi
1626 4978 1751 5059 plagam

394 5071 546 5134 teneant?
591 5072 673 5135 Nam
696 5072 723 5135 si
751 5072 912 5135 nobiliores
944 5070 1062 5133 illorum
1094 5068 1194 5150 globi,
1232 5087 1291 5130 non
1324 5086 1426 5144 sumus
1458 5086 1513 5131 nos
1546 5074 1752 5131 creaturarum
