4584 6192
960 572 1122 629 Prooemium.
1651 531 1718 649 Ι129

449 751 543 814 Porro
577 761 721 833 quantum
752 751 919 815 defectibus
950 754 1091 815 luminum
1120 754 1299 832 adjuventur
1322 755 1457 819 homines
1480 760 1509 820 in
1534 762 1718 823 astronomia

362 849 442 908 tota,
478 842 588 903 docent
613 861 716 904 omnes
741 850 980 903 astronomorum
1005 842 1080 903 libri.
1127 843 1205 903 Nam
1231 845 1308 924 quod
1332 854 1429 907 motus
1453 846 1534 909 Solis
1558 859 1590 910 et
1613 851 1717 911 Lunae.

362 929 474 990 attinet
498 949 703 1010 annorumque
727 939 758 991 et
780 931 925 992 mensium
949 932 1059 1009 spatia,
1085 938 1151 991 tota
1175 932 1249 993 haec
1274 934 1411 995 doctrina
1427 956 1463 996 ex
1483 940 1549 999 sola
1564 938 1717 1017 eclipsium

363 1018 576 1080 observatione
601 1019 728 1098 primum
752 1028 800 1080 est
823 1028 890 1081 orta
914 1038 967 1080 nec
992 1020 1080 1081 aliter
1104 1020 1245 1082 constitui
1269 1023 1384 1100 potuit;
1409 1044 1444 1084 ac
1468 1044 1504 1086 ne
1529 1026 1624 1088 limari
1649 1028 1715 1107 qui-

362 1107 425 1166 dem
451 1114 484 1167 et
507 1108 634 1186 expoliri
658 1108 785 1187 amplius
809 1116 911 1187 potest
934 1108 991 1170 nisi
1016 1107 1184 1170 defectibus
1208 1110 1349 1172 luminum
1381 1114 1550 1176 accuratius
1573 1123 1605 1176 et
1628 1115 1716 1177 limu-

361 1195 416 1255 tius
441 1195 659 1271 consideratis,
684 1196 733 1275 qui
756 1197 842 1275 hujus
867 1197 933 1257 libri
958 1216 1065 1276 scopus
1090 1206 1144 1258 est.

446 1281 520 1345 Jam
544 1285 594 1364 qui
628 1286 835 1363 perpenderit,
871 1303 958 1362 quarn
992 1293 1074 1345 arete
1109 1294 1176 1347 tota
1199 1286 1313 1366 reliqua
1336 1289 1521 1350 astronomia
1545 1310 1611 1352 cnm
1635 1290 1717 1353 Solis

362 1380 441 1433 motu
466 1373 625 1452 copuletur
649 1380 850 1453 quantumque
874 1374 961 1433 nobis
984 1374 1086 1447 Luna,
1122 1374 1180 1435 diei
1204 1376 1359 1456 noctisque
1382 1377 1555 1457 particeps,
1585 1380 1717 1458 opitule-

362 1471 416 1534 tur,
437 1462 559 1540 quando
584 1481 638 1522 nos
663 1462 763 1522 omnia
786 1461 847 1522 alia
871 1463 971 1522 media
994 1462 1151 1523 deficiunt:
1182 1464 1249 1541 jure
1274 1465 1393 1538 credet,
1419 1466 1588 1527 nniversam
1614 1478 1715 1529 astro-

363 1550 487 1610 nomiam
513 1550 561 1611 his
586 1550 727 1611 luminum
751 1550 1010 1618 obscurationibus
1036 1551 1136 1623 inniti,
1171 1552 1246 1612 adeo
1280 1561 1313 1614 nt
1340 1554 1397 1613 hae
1431 1554 1621 1616 tenebrae
1656 1557 1718 1617 sint

363 1646 598 1700 astronomorum
630 1639 739 1711 oculi,
766 1639 794 1698 hi
825 1639 1001 1699 defectus
1032 1640 1186 1701 doctrinae
1218 1640 1279 1701 siut
1311 1641 1509 1717 abundantia,
1540 1643 1570 1703 hi
1607 1645 1716 1706 naevi

363 1736 475 1787 mentes
499 1728 672 1788 mortalium
696 1726 927 1806 preciosissimis
952 1727 1119 1805 picturis
1145 1729 1306 1789 illustrent.
1354 1728 1381 1790 Ο
1403 1730 1541 1792 eximium
1564 1741 1596 1792 et
1620 1734 1716 1794 omni-

365 1816 413 1874 bus
439 1815 582 1895 gentibus
606 1816 845 1877 commendabile
869 1825 1076 1894 argumentum
1100 1818 1136 1877 de
1162 1817 1311 1877 umbrae
1337 1818 1528 1880 laudibus.

448 1901 619 1974 Quantitas
643 1905 744 1983 itaque
770 1904 895 1983 speciei,
931 1923 1019 1982 quam
1044 1906 1131 1965 Luna
1155 1904 1246 1966 Solve
1277 1925 1329 1967 seu
1354 1907 1470 1986 integer
1498 1926 1551 1969 seu
1575 1908 1717 1970 deficiens

368 1992 446 2053 uobis
471 1994 622 2066 ostendit,
646 1993 844 2073 umbraeque,
870 2011 958 2072 quiam
974 1994 1077 2053 'l'ellus
1102 1994 1140 2054 ad
1155 1994 1273 2055 Lunam
1297 1996 1442 2070 extendit,
1468 2004 1641 2057 astronomo
1666 1998 1714 2057 di-

369 2079 490 2159 ligenter
514 2089 563 2142 est
586 2082 809 2160 investiganda.
857 2080 1021 2142 Stellarum
1051 2089 1219 2143 ceteramm
1248 2082 1387 2144 diametri
1416 2092 1542 2146 eatenus
1567 2103 1716 2165 quaerun-

373 2175 429 2242 tur,
463 2178 613 2249 quatenus
641 2170 799 2249 ignoratae
831 2170 1058 2231 observationes
1093 2172 1200 2232 infidas
1224 2171 1396 2233 redditurae
1420 2182 1491 2233 suut
1514 2180 1546 2233 et
1569 2181 1717 2253 quatenus

374 2258 466 2318 eadem
500 2260 582 2320 circa
616 2258 700 2333 illas,
740 2277 814 2339 quae
848 2258 929 2320 circa
952 2257 1033 2320 Solis
1065 2269 1097 2320 et
1125 2260 1228 2320 Lunae
1253 2278 1407 2339 corporum
1432 2261 1528 2322 moles
1561 2261 1639 2322 scire
1663 2281 1717 2323 sa-

375 2347 503 2424 tap'mus.
1585 2364 1588 2369 ’

451 2434 577 2516 Species
603 2442 704 2496 autem
728 2433 796 2496 illae
822 2435 860 2495 ad
885 2454 938 2495 nos
963 2436 1148 2496 descendunt
1172 2436 1313 2498 beneficio
1337 2436 1411 2498 lucis
1435 2437 1465 2498 in
1489 2435 1560 2499 Sole
1584 2436 1717 2498 directae

379 2531 403 2582 et
419 2525 570 2603 propriae,
596 2524 626 2584 in
654 2524 737 2584 Luna
761 2524 889 2584 reflexae
914 2531 945 2583 et
969 2523 1095 2584 alienae.

452 2610 538 2683 Quas
562 2612 694 2692 species,
726 2613 783 2673 etsi
808 2613 937 2673 omnium
962 2612 1055 2673 oculis
1081 2621 1151 2673 sunt
1174 2613 1294 2686 obviae,
1320 2613 1481 2674 difficulter
1503 2620 1605 2674 tamen
1631 2632 1716 2674 men-

383 2701 459 2762 surari
483 2720 588 2763 omnes
612 2711 775 2780 queruntur
798 2712 1034 2762 astronomorum
1060 2702 1207 2762 artifices:
1241 2702 1351 2780 partim
1376 2702 1453 2780 quod
1478 2710 1602 2781 aspectu
1627 2701 1718 2763 exilia

383 2787 428 2849 sint
448 2809 587 2871 corpora,
612 2789 722 2868 partim
748 2791 824 2870 quod
850 2789 959 2850 eximia
985 2790 1048 2850 luce
1073 2791 1175 2851 oculos
1200 2790 1434 2869 praestringant,
1461 2809 1518 2869 quo
1538 2790 1634 2851 minus
1649 2791 1717 2849 offi-

384 2874 444 2940 eium
465 2881 494 2940 in
517 2878 649 2939 videndo
674 2878 797 2940 iaciant.
847 2880 890 2941 m
915 2897 950 2938 ne
984 2878 1039 2939 hoc
1064 2880 1183 2957 quidem
1214 2879 1277 2939 loco
1302 2878 1434 2939 discendi
1460 2877 1585 2959 cupidos
1609 2886 1718 2939 natura

385 2965 517 3042 destituit,
544 2975 717 3028 monstrata
740 2967 871 3041 ratione,
897 2987 955 3046 qua
979 2967 1044 3028 sine
1069 2968 1219 3027 oculorum
1244 2968 1422 3028 detrimento
1446 2967 1476 3027 in
1500 2966 1632 3028 tenebris
1647 2985 1717 3044 per-

385 3052 535 3132 iteremus,
561 3056 639 3135 quod
664 3057 693 3116 in
719 3057 801 3115 clara
825 3057 903 3123 luce,
938 3056 1053 3116 directa
1077 3057 1104 3116 in
1131 3055 1232 3117 Solem
1256 3056 1340 3116 visus
1364 3055 1444 3129 acie,
1473 3057 1562 3135 plane
1586 3063 1635 3116 est
1657 3055 1715 3115 im-

386 3145 519 3217 possibile.
567 3143 627 3214 Qui
651 3145 756 3205 modus
781 3165 847 3205 cum
871 3145 912 3205 sit
945 3152 976 3204 et
1000 3145 1197 3205 admiratione
1231 3145 1338 3223 diguus
1363 3154 1394 3205 ct
1418 3143 1655 3223 ingeniosissime
1679 3142 1717 3203 ab

389 3232 529 3296 misertus
555 3233 771 3313 apprehensus,
797 3235 903 3311 dignus
928 3243 1032 3293 estut
1057 3253 1113 3293 non
1138 3233 1207 3294 vilis
1222 3234 1300 3312 apud
1324 3242 1514 3294 astronomos
1538 3241 1570 3294 et
1592 3232 1714 3311 neglec-

388 3325 423 3378 tus
440 3322 599 3396 habeatur,
625 3323 677 3382 sed
694 3322 884 3400 geometricis
900 3323 1206 3383 demonstrationibus
1226 3331 1346 3384 ornetur
1361 3322 1565 3401 exemplisque
1580 3321 1713 3382 illustre-

388 3413 431 3481 tur,
452 3413 527 3491 qnod
553 3411 661 3471 abhinc
686 3411 812 3471 triennio
835 3431 853 3470 a
874 3429 921 3470 me
948 3412 1059 3471 lactum
1084 3410 1243 3471 occasione
1260 3411 1408 3489 eclipseos
1431 3410 1513 3471 Solis
1532 3409 1602 3471 anni
1622 3404 1715 3479 t600,

389 3494 409 3554 iu
427 3517 484 3561 eum
509 3501 558 3580 qui
582 3500 672 3578 paulo
696 3508 767 3578 post
790 3499 924 3578 sequitur
948 3501 1083 3574 modurn,
1115 3500 1140 3560 si
1164 3500 1247 3578 prius
1271 3499 1372 3579 aliqua
1394 3499 1589 3579 praemisero.
1635 3497 1715 3560 Nam

337 3625 340 3636 .
389 3584 513 3660 quianon
539 3595 659 3650 tantum
683 3589 720 3649 de
745 3588 858 3650 directo
880 3589 932 3648 sed
957 3589 1047 3649 etiam
1063 3589 1099 3648 de
1114 3607 1290 3667 repercusso
1306 3596 1338 3648 et
1360 3588 1490 3648 refracto
1514 3587 1598 3648 radio
1622 3586 1717 3646 multa

389 3674 572 3739 allitellione
596 3677 825 3757 praetermissa,
856 3677 964 3749 multa,
991 3697 1113 3758 quorum
1138 3685 1205 3738 erat
1229 3698 1247 3737 a
1269 3676 1360 3755 priori
1385 3677 1462 3737 ratio
1486 3674 1653 3743 reddenda,
1678 3673 1716 3732 ab

390 3767 550 3840 memoria
574 3774 693 3827 tantum
718 3766 866 3827 accersita
891 3766 974 3826 etin
998 3766 1209 3844 principiorum
1234 3767 1331 3827 locum
1356 3765 1506 3824 collocata
1530 3771 1613 3824 sunt:
1645 3762 1714 3840 pla-

388 3851 434 3913 cuit
451 3855 518 3918 mihi
542 3863 641 3917 totam
664 3855 739 3917 lucis
764 3864 901 3915 naturam
925 3855 1015 3932 paulo
1043 3855 1174 3933 penitius
1198 3856 1345 3935 inspicere
1370 3862 1401 3913 et
1425 3872 1476 3921 ea,
1511 3871 1587 3932 quae
1618 3868 1715 3928 appa-

388 3950 452 4013 rent,
474 3953 616 4024 quantum
641 3943 669 4005 in
694 3944 869 4023 praesentia
892 3944 954 4003 lieri
978 3944 1077 4022 potuit
1101 3945 1137 4003 ad
1164 3964 1219 4004 sna
1242 3942 1387 4023 principia
1410 3959 1568 4003 revocare:
1603 3939 1627 3998 si
1653 3937 1715 3997 ior-

389 4035 452 4091 tasse
474 4034 562 4095 lntnri
588 4033 648 4093 sint
674 4034 816 4106 lectoreS,
852 4051 975 4111 quorum
1008 4032 1128 4112 ingenia
1159 4033 1197 4092 ad
1231 4031 1405 4111 indaganda
1435 4030 1510 4090 lucis
1534 4045 1646 4088 arcana
1670 4026 1716 4086 lris

389 4114 617 4197 disputationibus
636 4121 733 4200 magis
758 4124 804 4182 vel
830 4122 955 4182 excitari
980 4123 1026 4182 vel
1052 4122 1143 4182 etiam
1163 4120 1265 4199 juvari
1288 4119 1415 4199 possint.
1463 4114 1643 4195 Quanquam
1658 4133 1715 4175 nou

390 4204 522 4271 admodum
545 4220 668 4290 praeter
691 4211 862 4271 institutum
889 4210 963 4269 ista:
989 4230 1043 4271 nec
1068 4212 1145 4271 enim
1170 4217 1353 4289 pancasnnt
1377 4213 1548 4268 astronomo
1572 4223 1626 4284 per
1649 4223 1714 4264 om·

391 4308 430 4353 nes
449 4300 591 4361 radiorum
616 4299 734 4379 species
758 4299 956 4377 expedienda.
