4584 6192
948 622 1079 692 716
1896 621 1977 672 De
2013 619 2172 672 Stella
2203 616 2350 671 Bova
2383 617 2684 684 serpentarii

953 806 1144 867 Terra
1186 802 1459 865 nimirum
1504 801 1564 863 in
1610 800 1842 862 coelum
1889 819 2075 881 usque
2122 799 2340 860 diffusa
2383 798 2465 859 sit
2508 796 2661 857 haec
2707 793 2989 855 facultas,
3079 792 3239 855 Nam
3289 794 3345 856 si
3392 813 3475 857 ne
3515 813 3647 857 cor-

952 892 1199 974 poribus
1244 891 1508 972 quidem,
1570 891 1727 970 quod
1774 908 1957 969 supra
2002 889 2253 963 dictum,
2312 894 2495 967 auget
2541 884 3020 947 aestimationem
3063 884 3261 945 moles
3307 886 3649 965 congenita,

957 989 1180 1065 quanto
1226 981 1422 1041 minus
1468 978 1822 1040 animalibus
1870 978 2259 1040 facultatibus
2319 976 2378 1037 id
2438 973 2776 1055 praestabit
2828 974 2979 1035 haec
3034 972 3378 1036 adventitia
3438 975 3654 1078 ampli-

956 1070 1150 1133 tudo?
1237 1068 1508 1148 Denique
1554 1068 1656 1148 qui
1702 1068 1934 1143 metuit,
1978 1060 2050 1128 ut
2079 1066 2271 1128 Deum
2304 1065 2650 1139 efficiamus,
2698 1061 2796 1143 qui
2833 1062 3170 1123 hominibus
3216 1062 3455 1137 faveat,
3503 1064 3555 1126 is
3597 1064 3653 1125 in

963 1158 1273 1238 theologia
1316 1159 1469 1218 forte
1504 1176 1623 1218 non
1661 1157 1816 1217 satis
1859 1166 2134 1217 versatus
2162 1174 2295 1216 esse
2335 1153 2660 1215 videbitur:
2709 1161 2775 1212 ut
2811 1152 2908 1232 qui
2939 1169 3054 1212 non
3085 1151 3324 1231 legerit,
3369 1169 3656 1218 m

954 1274 1139 1315 omnes
1167 1255 1525 1329 ingemuere
1552 1255 1611 1310 in
1638 1254 2445 1326 exspectatione-revelationis
2484 1252 2716 1307 filiorum
2743 1251 2869 1307 Dei.
2933 1241 3064 1304 Nec
3092 1259 3310 1303 vereor
3335 1262 3419 1305 ne
3449 1243 3657 1305 redar-

959 1356 1111 1419 guar
1154 1354 1246 1410 eo,
1292 1336 1448 1416 quod
1496 1335 1870 1397 occasionem
1914 1335 2233 1415 praebeam
2276 1331 2653 1414 philosophis
2698 1330 3021 1405 hodierniS,
3068 1350 3147 1393 ex
3179 1330 3298 1393 bac
3338 1332 3657 1400 facultate,

946 1444 1118 1508 quae
1160 1443 1303 1505 pars
1351 1430 1448 1485 est
1491 1424 1725 1497 mundi,
1773 1423 1964 1486 Deum
2012 1424 2266 1504 denique
2316 1421 2591 1484 faciendi.
2681 1419 3193 1499 philosophentur
3236 1420 3327 1482 illi
3378 1422 3463 1483 ad
3508 1422 3659 1482 deli·

958 1515 1109 1577 rium
1154 1532 1358 1594 usque,
1407 1531 1650 1593 quorum
1699 1521 2112 1574 antecessores
2140 1512 2354 1592 quibus
2400 1529 2514 1572 nou
2559 1509 2739 1571 rebus
2785 1510 3019 1570 divinos
3061 1510 3330 1572 honores
3380 1509 3659 1592 adscrip-

961 1610 1187 1678 serunt,
1237 1602 1384 1677 aeri,
1431 1620 1642 1682 aquae,
1691 1621 1932 1676 oceano,
1982 1602 2169 1676 coelo,
2219 1601 2513 1663 sideribus
2561 1598 3075 1679 aspectabilibus?
3121 1618 3257 1661 cum
3303 1599 3562 1663 interim
3602 1608 3662 1661 st

955 1693 1216 1754 inanima
1261 1691 1411 1752 haec
1456 1691 1720 1753 nonnulli
1766 1693 2100 1754 crederent.
2194 1688 2557 1753 Christianis
2618 1696 2891 1762 constat,
2946 1688 3262 1768 spirituum
3321 1689 3659 1756 beatorum.

959 1781 1075 1863 qui
1104 1779 1183 1842 ab
1242 1780 1398 1841 omni
1460 1778 1758 1841 mundano
1822 1798 2068 1861 corpore
2132 1779 2305 1841 liberi
2368 1784 2538 1853 sunt,
2606 1777 3068 1839 innumerabiles
3131 1797 3271 1838 esse
3338 1780 3661 1846 exercitus,

963 1869 1295 1933 sanctitate
1341 1868 1757 1943 admirabiles,
1820 1869 2117 1949 dignitate
2163 1870 2274 1930 hoc
2305 1868 2566 1948 Qiritu,
2632 1867 2731 1947 qui
2778 1866 3008 1947 corpori
3054 1868 3365 1929 mundano
3413 1863 3662 1929 naturae

958 1958 1214 2041 quodam
1243 1956 1481 2019 vinculo
1513 1953 1839 2020 adstrictus
1874 1966 2139 2037 praeest,
2187 1958 2364 2037 longe
2392 1956 2901 2037 praestantiores.
2948 1965 3012 2018 et
3037 1957 3197 2020 inter
3222 1958 3344 2019 hos
3372 1958 3661 2037 gradum

961 2046 1399 2110 discriminibus
1463 2046 1838 2110 sublimiores
1901 2049 2218 2129 quosdam,
2293 2046 2663 2126 principatus
2735 2044 3228 2125 gloriosissimos,
3307 2055 3661 2126 potestates

959 2136 1454 2242 pollentissimas.
1545 2136 1630 2197 Et
1674 2126 1873 2198 tamen
1930 2137 2205 2199 omnibus
2259 2136 2425 2199 bisce
2486 2131 2885 2197 sublimiorem
2950 2135 3291 2215 agnoscunt
3338 2136 3545 2197 Deum
3604 2143 3662 2196 et

963 2226 1055 2288 sui
1102 2233 1165 2286 et
1209 2224 1443 2294 illorum
1497 2225 1758 2288 omnium
1810 2226 2199 2288 conditorem.
2289 2225 2393 2286 Ita
2447 2225 2583 2305 lego
2627 2224 2690 2285 in
2734 2224 3064 2286 Prudentio
3108 2233 3174 2287 et
3219 2226 3661 2287 emendandum

962 2324 1150 2397 puto:
1198 2324 1420 2379 Jussum
1459 2329 1549 2378 est
1587 2324 1846 2379 Caesaris
1887 2342 1983 2379 ore
2011 2325 2289 2381 Gallieni:
2334 2326 2490 2388 Quod
2528 2324 2785 2395 princeps
2826 2325 2976 2391 colit,
3017 2326 3124 2380 hoc
3150 2326 3407 2381 colamus
3451 2342 3659 2381 omnes:

961 2410 1331 2462 Aeternum
1370 2404 1518 2459 colo
1556 2404 1939 2477 principem
1978 2408 2277 2472 deorum,
2320 2407 2591 2461 Pictorem
2630 2406 3028 2477 Dominumque
3071 2407 3340 2462 Gallieni.

1137 2494 1395 2555 Fatetur
1435 2511 1567 2555 cum
1612 2493 1972 2572 Augustino,
2018 2494 2275 2556 Deorum
2324 2495 2562 2555 titulum
2609 2494 2665 2554 in
2714 2494 2902 2555 sacris
2949 2494 3142 2556 literis
3189 2494 3379 2558 tribui
3439 2493 3658 2557 sanctis

965 2584 1144 2648 etiam
1189 2581 1457 2662 angelis:
1507 2584 1615 2645 sed
1661 2583 1938 2664 agnoscit
1980 2603 2160 2645 unum
2202 2585 2439 2645 illorum
2483 2590 2820 2645 creatorum
2864 2582 3194 2664 principem
3242 2592 3569 2647 aeternum
3603 2590 3659 2645 et

963 2673 1325 2741 increatum,
1390 2690 1563 2775 quem
1611 2678 1675 2734 et
1720 2670 2032 2752 Scriptura
2077 2672 2346 2753 appellat
2389 2672 2579 2733 Deum
2627 2671 2889 2733 Deorum
2937 2673 3106 2745 (nam
3154 2693 3264 2736 cur
3310 2673 3416 2736 hic
3465 2686 3656 2741 diem

972 2772 1236 2827 factorem
1278 2749 1653 2840 potissimum
1699 2761 1991 2837 celebret,
2053 2763 2208 2824 ratio
2255 2762 2418 2823 nulla
2464 2763 2763 2842 apparet).
2856 2761 2987 2823 Nec
3032 2763 3164 2825 vult
3207 2764 3459 2841 colere,
3519 2762 3654 2846 quod

966 2850 1140 2931 fingit
1182 2849 1495 2930 princeps,
1543 2850 1650 2912 sed
1697 2869 1988 2914 summum
2032 2852 2394 2932 principem,
2442 2869 2576 2911 eum
2620 2870 2862 2932 nempe,
2928 2852 3029 2933 qui
3091 2871 3209 2914 non
3261 2862 3364 2915 est
3412 2815 3587 2916 fictus
3624 2871 3655 2911 a

971 2938 1286 3011 Gallieno,
1349 2938 1459 3001 sed
1522 2940 1620 3019 qui
1666 2939 1840 3002 finxit
1885 2938 2261 3016 Gallienum3
2328 2959 2444 3001 non
2493 2940 2590 3021 qui
2638 2939 2905 3003 Gallieni
2949 2941 3190 3003 Domini
3251 2944 3442 3024 jussu
3502 2940 3652 3006 nobis

968 3015 1307 3110 imperetur,
1356 3027 1463 3090 sed
1508 3028 1607 3109 qui
1654 3028 1945 3091 Dominus
1990 3029 2120 3110 ipse
2167 3030 2249 3092 sit
2297 3027 2561 3090 Gallieni
2606 3028 2866 3092 Domini.

1143 3118 1314 3179 Haec
1376 3117 1560 3197 igitur
1620 3119 1833 3180 afferre
1896 3120 2093 3200 possit
2155 3118 2372 3199 aliquis
2429 3119 2505 3180 ad
2569 3138 2811 3181 causam
2877 3125 3124 3181 naturae
3195 3120 3649 3189 defendendam,

967 3207 1107 3272 novi
1151 3207 1324 3288 hujus
1368 3206 1583 3268 sideris
1631 3207 2068 3289 copulationem
2114 3227 2244 3270 cum
2290 3207 2705 3289 conjunctione
2751 3224 2973 3286 magna
3018 3208 3338 3271 vindicans
3394 3210 3488 3272 illi
3524 3207 3648 3289 Spi-

972 3297 1115 3361 ritui
1160 3298 1348 3359 totius
1394 3296 1594 3358 mundi
1642 3315 1883 3379 campos
1928 3296 2281 3377 permeanti.
2375 3298 2463 3359 At
2507 3297 2594 3358 ita
2638 3318 2731 3360 me
2779 3297 3047 3369 Christe,
3111 3306 3179 3359 ut
3225 3299 3515 3362 omnibus
3557 3315 3650 3359 ex-

972 3385 1165 3449 cussis
1211 3385 1539 3447 ratiociniis
1584 3386 1726 3448 mihi
1772 3388 1885 3467 ipsi
1933 3406 2051 3448 non
2097 3386 2432 3448 satisfacio.
2524 3385 2609 3448 Et
2653 3388 2727 3448 de
2771 3387 3044 3467 potentia
3090 3387 3338 3468 quidem
3392 3396 3458 3451 et
3500 3386 3652 3451 boni·

974 3485 1102 3538 tate
1148 3475 1559 3549 mediocriter3
1626 3476 1699 3537 de
1765 3476 2018 3538 scientia
2079 3496 2222 3538 vero
2284 3477 2496 3537 mirum
2561 3485 2841 3557 quantum
2907 3477 3083 3539 desit.
3177 3476 3341 3540 Esto
3406 3478 3559 3540 enim
3599 3481 3653 3536 ut

971 3566 1121 3628 insit
1164 3574 1416 3626 naturae
1464 3583 1677 3626 sensus
1725 3566 2155 3645 conjunctionis
2201 3566 2610 3645 planetarum:
2675 3585 2811 3627 num
2870 3566 3052 3646 igitur
3097 3565 3295 3629 eidem
3350 3576 3421 3629 et
3465 3565 3653 3646 cogni-

972 3656 1196 3717 tionem
1244 3653 1572 3716 tribuemus
1620 3673 1839 3728 eorum,
1887 3674 2036 3734 quae
2085 3655 2157 3716 de
2206 3654 2715 3735 conjunctionibus
2752 3655 3126 3735 planetarum
3167 3656 3457 3719 homines
3494 3659 3653 3718 innu-

961 3742 1360 3809 merabilibus
1407 3742 1574 3805 libris
1619 3744 2132 3825 perscripserunt?
2222 3744 2380 3806 Num
2447 3744 2805 3823 accipiemus
2871 3754 2934 3807 et
2993 3745 3134 3820 hoc,
3208 3756 3501 3809 naturam
3561 3747 3656 3806 boc

974 3834 1169 3896 sidere
1219 3833 1384 3895 velut
1449 3833 1795 3895 charactere
1850 3840 2093 3895 ostenso
2149 3832 2455 3896 nobiscum
2521 3834 2851 3896 hominibus
2915 3833 3073 3914 loqui
3138 3835 3461 3898 voluisse?
3549 3836 3657 3897 Aut

974 3923 1027 3985 si
1064 3922 1176 3984 hoc
1216 3921 1555 3997 absurdum,
1603 3922 1695 3985 dic
1736 3922 1915 4002 igitur
1953 3923 2093 3984 mihi
2132 3923 2505 4003 conjectator
2547 3924 2813 4006 physice,
2863 3924 2955 3985 cui
2984 3923 3140 3984 bono
3171 3931 3406 3988 natura
3434 3926 3656 4004 stellam

976 4011 1034 4073 in
1065 4011 1357 4073 altissimo
1391 4011 1634 4073 aethere
1674 4011 1910 4092 aptavit
1956 4012 2030 4073 ad
2079 4032 2169 4085 ea,
2217 4032 2368 4093 quae
2414 4012 2770 4075 videbantur
2815 4031 2929 4075 non
2976 4013 3035 4074 in
3075 4013 3389 4077 altissimo
3429 4024 3495 4096 et
3531 4031 3657 4075 vas-

975 4100 1208 4162 tissimo
1256 4100 1521 4174 aethere,
1567 4101 1675 4163 sed
1722 4101 1779 4163 in
1827 4101 2155 4163 humillima
2199 4112 2263 4162 et
2310 4102 2740 4182 angustissima
2786 4102 2898 4164 hac
2944 4101 3225 4164 Tellure?
3323 4103 3658 4184 Quicunque

974 4187 1233 4251 affirmat
1278 4190 1641 4251 destinatum
1687 4210 1834 4272 opus
1881 4210 2035 4266 esse,
2085 4202 2439 4253 conventum
2486 4192 2701 4253 sideris
2749 4212 2881 4254 cum
2927 4193 3188 4273 planetis
3226 4193 3495 4272 junctis»,
3545 4192 3657 4254 sal·

974 4282 1095 4341 tem
1143 4278 1249 4356 sic,
1296 4288 1365 4341 ut
1401 4279 1595 4360 juncti
1639 4281 1919 4360 planetae
1967 4280 2267 4360 objectum
2316 4281 2533 4342 fuerint
2576 4300 2821 4343 movens
2869 4280 3169 4343 occultum
3215 4292 3489 4346 naturae
3533 4302 3660 4344 sen·

975 4388 1122 4444 sum,
1173 4369 1328 4431 idem
1375 4370 1553 4431 aliter
1597 4389 1663 4431 se
1702 4387 1815 4431 non
1862 4370 2161 4451 expediet,
2209 4369 2321 4432 nisi
2368 4378 2436 4431 ut
2464 4371 2652 4432 eidem
2683 4379 2931 4433 naturae
2963 4377 3023 4432 et
3058 4369 3451 4435 intellectum
3484 4372 3661 4451 scrip·

974 4467 1241 4521 turarum
1285 4468 1619 4520 nostrarum
1665 4460 2154 4539 astrologicamm
2184 4467 2246 4520 et
2282 4461 2699 4522 commercium
2731 4461 2947 4523 occulti
2983 4460 3352 4543 figuratique
3383 4460 3663 4526 sermonis

973 4550 1219 4612 tribuat.
1296 4549 1384 4610 At
1423 4548 1571 4609 haec
1613 4548 1880 4611 tribuens
1911 4549 2241 4612 discursum
2285 4549 2762 4612 ratiocinationis
2791 4549 2984 4611 eidem
3013 4549 3265 4612 tribuit:
3315 4551 3663 4615 rationalem

975 4637 1180 4721 itaque
1228 4637 1500 4718 spiritum
1548 4638 1834 4703 effecerit.
1925 4639 2013 4700 At
2057 4658 2238 4719 supra
2280 4638 2734 4718 protestabatur
2779 4640 2927 4701 haec
2991 4639 3335 4716 sententia,
3406 4662 3481 4704 se
3542 4642 3663 4702 viu·

976 4728 1176 4805 dicare
1221 4734 1470 4790 nat-urae
1519 4746 1756 4789 sensum
1801 4729 2220 4802 astronomiae,
2267 4744 2382 4789 non
2432 4728 2703 4790 discursu
2750 4729 3105 4811 acquisitum
3155 4730 3271 4792 sed
3320 4731 3465 4813 lege
3508 4749 3663 4794 cres-

976 4817 1157 4879 tionis
1202 4815 1569 4878 instinctum.
1644 4815 1940 4898 Quicquid
1987 4818 2169 4898 igitur
2213 4817 2544 4900 expedierit
2590 4819 2932 4900 conjectura
2963 4819 3222 4901 physica
3261 4821 3661 4884 machinarum

979 4906 1067 4967 de'
1098 4925 1243 4967 suae
1292 4904 1641 4985 disciplinae
1702 4925 1896 4987 penu:
1973 4908 2165 4973 adhuc
2211 4907 2342 4969 Deo
2392 4908 2719 4971 architecto
2780 4928 2929 4991 opus
2994 4917 3118 4983 est,
3180 4909 3360 4991 cujus
3430 4908 3662 4974 consilio

950 4995 1163 5058 'stella
1207 4995 1267 5056 in
1314 4996 1620 5058 concilium
1666 4997 2040 5075 planetarum
2086 4996 2312 5059 veniat.

1152 5082 1308 5146 Esto
1356 5084 1554 5159 etiam,
1604 5086 1760 5168 quod
1806 5086 2042 5166 quaerit
2084 5086 2460 5167 conjectura,
2511 5086 2773 5148 sufficiat
2816 5094 3032 5147 natura
3076 5085 3217 5149 huic
3269 5086 3658 5171 coaptationi:

935 5154 1111 5255 ‚louis
1154 5170 1427 5254 negabit,
1452 5193 1672 5257 ·penes
1715 5175 1913 5244 Deum
1956 5175 2151 5258 ipsum
2194 5175 2575 5239 nihilomiuus
2622 5193 2757 5240 esse
2803 5174 3285 5243 moderationem
3330 5181 3528 5244 totius
3568 5173 3656 5249 rei,
