4584 6192
475 575 541 640 548
1087 575 1214 640 Dioptriee

475 754 635 816 intervallo
661 754 730 827 ΡΥ,
764 759 835 812 tune
868 753 982 829 majora
1015 752 1108 811 videri
1141 752 1273 812 visibilia
1305 752 1385 811 lente
1415 750 1483 822 PQ,
1513 752 1597 829 cujus
1622 753 1663 814 ab
1694 759 1791 821 oculo
1818 763 1851 822 V

476 843 625 904 distantia
657 844 752 919 major
786 840 885 900 estin
918 842 1109 918 proportione
1134 840 1188 899 PR
1219 841 1431 899 semidiametri
1465 859 1554 918 quam
1584 850 1634 901 est
1670 846 1768 907 lentis
1797 851 1853 912 ST

476 932 624 992 distantia
647 930 700 990 Su
725 930 762 988 ab
786 929 871 987 oculo
896 927 923 984 0
949 930 975 987 in
1001 930 1190 1007 proportione
1216 928 1271 988 Sb
1296 929 1525 988 semidiametri:
1552 929 1665 1009 quippe
1691 954 1765 997 cum
1793 938 1851 1002 OS

477 1021 515 1080 ad
541 1020 596 1080 SV
620 1021 659 1078 sit
684 1027 715 1079 ut
739 1017 794 1076 ΟΡ
817 1018 854 1076 ad
879 1017 944 1086 PR,
969 1016 1023 1076 ΟΡ
1048 1036 1116 1076 vero
1142 1019 1180 1075 sit
1207 1017 1322 1076 brevior
1347 1037 1434 1095 quam
1459 1018 1524 1077 ΥΡ.

566 1109 643 1168 Nam
669 1128 721 1184 per
738 1105 901 1166 LXXXII.
927 1107 1007 1165 lente
1027 1104 1082 1174 Pu
1105 1109 1219 1183 posita,
1245 1106 1358 1181 majora
1382 1107 1520 1166 videntur
1545 1106 1681 1171 visibilia
1707 1115 1802 1175 oculo
1820 1117 1849 1176 V

475 1217 564 1275 quam
593 1197 676 1256 oculo
702 1194 739 1252 I).
788 1195 829 1253 At
858 1213 911 1271 per
940 1195 1083 1253 hacteuus
1115 1195 1321 1253 «lernou-trata
1353 1195 1436 1252 octrlo
1463 1195 1489 1248 ll
1520 1197 1662 1272 aequalia
1697 1202 1850 1266 videntur

476 1285 607 1345 visibilia
638 1304 691 1361 per·
721 1282 771 1342 ST
804 1293 834 1340 et
868 1301 921 1358 per
946 1280 999 1350 l‘Q
1034 1283 1129 1340 lentes
1163 1283 1189 1341 iu
1225 1283 1279 1341 lis-e
1314 1283 1382 1340 situ.
1433 1282 1511 1361 Ergo
1543 1285 1662 1362 majora
1697 1291 1849 1355 videntur

476 1373 606 1433 visibilia
631 1372 716 1430 oculo
743 1370 770 1429 l'
797 1371 876 1430 lente
901 1369 965 1442 Pu,
992 1390 1078 1448 «ptam
1103 1372 1187 1429 oculo
1213 1371 1239 1424 ll
1266 1371 1342 1429 lenb·¹
1368 1371 1427 1430 ST.

563 1459 742 1521 Lxxxu'.
775 1459 996 1537 Propositio.
1029 1457 1141 1518 Oculus
1166 1478 1222 1537 qno
1247 1459 1364 1535 longius
1388 1469 1476 1518 extra
1499 1474 1644 1537 punctum
1669 1485 1847 1534 concursus

475 1550 592 1612 abierit.
617 1550 673 1607 boc
698 1567 805 1606 eversa
829 1548 911 1607 videt
935 1548 1057 1606 minora.

561 1638 658 1714 Ilujus
691 1636 904 1714 propositionis
938 1635 1155 1695 demonstratio
1194 1635 1395 1694 declaratione
1430 1637 1531 1715 potius
1564 1643 1846 1719 comprehenditur

475 1737 506 1787 et
529 1726 752 1803 comparatione
777 1725 1029 1802 praecedentium.

561 1815 641 1875 Nam
676 1813 852 1890 incipiamus
884 1835 902 1872 a
931 1812 1099 1871 XXXl'll.
1124 1829 1288 1877 coluter-a,
1323 1823 1353 1870 et
1388 1814 1426 1871 sit
1459 1832 1512 1889 pm
1546 1828 1662 1892 puncto
1699 1823 1846 1886 radiante

474 1904 586 1975 aculon,
612 1901 735 1980 perinde
759 1901 837 1960 enim
863 1913 909 1961 est
938 1909 1005 1978 (per
1031 1900 1101 1970 III).
1150 1898 1262 1958 tibuun-
1296 1901 1386 1977 igirur
1419 1902 1444 1960 si
1478 1903 1518 1961 sit
1550 1915 1613 1963 tam
1649 1910 1846 1990 propinquus

474 1992 557 2063 lenti,
584 2001 653 2050 tunc
679 1991 741 2067 ejus
767 1989 840 2048 radii
866 2009 919 2067 per
944 1992 1052 2049 lentem
1069 2001 1259 2047 transeuntis
1280 1990 1437 2054 diversunt
1462 1992 1553 2050 etiam
1579 1994 1707 2057 refracti
1735 2018 1846 2063 versus

475 2080 614 2150 visibile,
649 2087 680 2139 et
703 2080 752 2145 fir,
787 2080 865 2158 quod
891 2080 1127 2138 demonstratum
1161 2086 1209 2135 est
1234 2097 1316 2155 prop.
1344 2078 1453 2149 LXX„
1483 2090 1514 2138 nt
1544 2082 1664 2142 visibile
1691 2100 1847 2166 appareat

475 2179 618 2230 erectum.
667 2165 763 2226 Oculo
786 2187 857 2227 vero
882 2190 900 2227 a
924 2166 1193 2227 leute'recedente
1228 2167 1317 2243 paulu
1351 2167 1485 2244 lougius,
1521 2179 1672 2245 augentur
1707 2177 1846 2241 visibilia

474 2261 543 2338 (per
554 2256 745 2329 LXXXII),
764 2257 898 2334 quarrrvis
913 2256 1053 2315 minuitur
1069 2274 1169 2313 eorum
1186 2274 1322 2313 numius
1338 2261 1406 2332 (per
1423 2257 1587 2322 Lxxxu.
1611 2259 1736 2326 Exinde
1757 2269 1844 2331 oculo

473 2347 613 2406 veniente
638 2364 729 2422 prope
754 2354 895 2422 punctum
920 2363 1091 2417 concursus,
1117 2344 1180 2419 ejus
1206 2343 1279 2401 radii
1305 2343 1415 2403 lentem
1445 2346 1573 2423 ingressi
1600 2349 1677 2409 liunt
1698 2357 1843 2431 paralleli

473 2455 527 2514 per
559 2434 695 2494 XXXV.
731 2453 917 2493 ctirrversam.
972 2432 1005 2493 Si
1037 2433 1129 2491 latum
1160 2450 1287 2507 unguem
1316 2434 1443 2510 amplius
1474 2438 1638 2496 reruoveris
1675 2444 1843 2509 oculuma

472 2524 563 2597 lente,
588 2542 691 2583 omnes
716 2522 792 2582 ocuti
817 2522 891 2582 radii
916 2541 969 2600 per
1000 2520 1110 2580 lentem
1142 2521 1264 2580 refracti
1299 2520 1442 2598 incipiunt
1475 2543 1674 2600 concurrere,
1711 2535 1841 2609 primum

472 2621 543 2691 post
567 2611 683 2671 visibile
708 2612 732 2670 si
766 2611 1023 2678 continuarentur,
1057 2609 1123 2668 inde
1149 2609 1176 2668 iu
1207 2609 1271 2687 ipso
1305 2610 1390 2669 urrieo
1422 2613 1463 2671 rei
1498 2613 1627 2674 visibilis
1655 2617 1841 2703 longinquae

473 2709 594 2780 puncto.
641 2700 683 2759 Et
706 2709 776 2759 tune
810 2699 846 2758 dc
882 2699 933 2759 illo
964 2698 1077 2757 visibili
1105 2697 1177 2758 nibil
1203 2698 1258 2757 nisi
1283 2707 1424 2774 pumtum
1449 2720 1537 2760 umuu
1562 2703 1720 2781 cernitur,
1756 2723 1789 2772 ot
1812 2716 1841 2775 id

472 2801 533 2849 taur
560 2806 700 2865 magnum
725 2795 837 2867 quanta
862 2788 925 2847 lens
951 2796 1077 2864 apparet
1101 2797 1130 2847 et
1155 2786 1372 2846 confusissime.
1422 2788 1454 2848 Si
1485 2791 1574 2867 paulo
1600 2796 1740 2873 amplius
1765 2821 1839 2864 ocu.

473 2879 532 2938 lum
566 2898 584 2935 a
616 2876 696 2936 lente
730 2876 935 2950 abstraxeris,
970 2895 1130 2935 concursus
1164 2876 1212 2955 ille¹
1248 2876 1395 2935 radiorum
1428 2900 1479 2936 seu
1512 2879 1659 2942 linearum
1686 2905 1726 2946 ex
1753 2893 1838 2951 oculo

473 2967 685 3036 (refractorum
711 2965 738 3025 in
764 2966 860 3032 lente)
888 2966 951 3044 jam
976 2965 1086 3023 deserit
1120 2983 1181 3023 reru
1217 2964 1297 3023 illum
1327 2965 1473 3025 visibilem
1508 2982 1538 3026 et
1573 2973 1697 3033 aceedit
1733 2996 1839 3040 versus

473 3056 594 3115 lentem.
643 3052 703 3114 Sed
729 3055 799 3133 quia
832 3063 1041 3114 concurrentes:
1076 3053 1150 3112 radii
1184 3073 1215 3110 se
1250 3062 1350 3112 mutuo
1385 3067 1488 3115 secant
1524 3067 1555 3115 et
1588 3075 1724 3136 pergunt
1761 3070 1839 3128 ultra

470 3162 644 3203 concursum
670 3148 737 3219 (per
751 3143 866 3216 XXI),
893 3143 958 3202 ideo
982 3152 1013 3201 et
1037 3142 1093 3201 bae
1119 3142 1213 3201 lineae
1239 3161 1275 3200 ex
1299 3143 1384 3203 oculo
1409 3162 1461 3221 per
1487 3145 1597 3206 lentem
1618 3149 1734 3211 ductae
1759 3157 1838 3218 ultra

470 3233 547 3292 hanc
571 3252 655 3291 suam
685 3233 849 3291 sectionem
879 3232 996 3292 inverso
1027 3231 1128 3291 ordine
1155 3231 1182 3289 iu
1208 3230 1322 3290 visibile
1352 3231 1486 3292 incidunt
1516 3238 1584 3312 (per
1609 3236 1784 3312 LXXVI)
1808 3255 1838 3307 er

470 3319 565 3399 primo
589 3320 740 3380 minimam
774 3322 837 3399 ejus
871 3320 1048 3398 particulam
1083 3334 1249 3397 punctoque
1281 3320 1446 3397 proximam
1472 3323 1726 3403 apprelreudunt;
1766 3313 1835 3395 tunc

470 3408 561 3488 igitur
585 3408 688 3487 incipit
712 3410 791 3480 fieri,
824 3410 900 3487 quod
926 3418 972 3468 est
997 3410 1232 3469 demonstratum
1265 3427 1348 3487 prop.
1374 3409 1503 3471 LXXV.
1529 3419 1562 3471 ut
1586 3414 1713 3478 visibile
1739 3442 1834 3502 appa-

377 3515 380 3522 ·
469 3506 535 3558 reat
559 3517 694 3558 eversum
719 3498 818 3576 aliqua
842 3498 888 3557 sui
912 3498 1069 3576 particula.

560 3587 633 3646 lude
658 3588 742 3647 oculo
768 3587 864 3664 iringis
889 3607 923 3645 ac
948 3586 1044 3664 magis
1069 3587 1219 3663 elongato,
1246 3586 1297 3645 illa
1322 3587 1416 3646 sectio
1433 3589 1529 3665 iringis
1545 3592 1706 3672 titanisque
1729 3618 1834 3660 versus

469 3676 580 3736 lentem
606 3676 762 3736 descendit
788 3677 855 3755 (per
878 3676 977 3746 XLI.)
1002 3684 1033 3735 et
1057 3676 1184 3753 arigulus
1209 3675 1351 3734 sectionis
1376 3678 1409 3735 lit
1434 3678 1544 3754 major,
1578 3681 1667 3757 plura
1695 3686 1734 3745 de
1759 3690 1832 3749 visi-

468 3765 576 3824 bilibus
601 3765 874 3843 comprehensione,
907 3785 999 3843 usque
1032 3766 1100 3823 dum
1134 3766 1236 3825 oculus
1261 3765 1416 3841 elongetur
1450 3766 1625 3843 longissimo
1659 3773 1831 3849 intervallo,

469 3861 539 3913 tune
565 3853 660 3913 lineae
686 3873 720 3912 ex
747 3855 809 3928 ejus
834 3862 936 3913 centro
971 3855 1092 3914 veniunt
1127 3854 1164 3912 ad
1199 3855 1309 3913 lentem
1344 3873 1417 3932 pene
1451 3857 1639 3932 parallelae,
1676 3874 1710 3922 ct
1744 3867 1776 3926 fit
1802 3879 1831 3927 ut

469 3960 593 4020 propos,
624 3942 796 4014 xxxiia,
829 3950 862 4002 ut
892 3948 1000 4001 coeant
1032 3944 1060 4002 iu
1094 3953 1175 4002 certo
1210 3952 1238 4000 et
1273 3943 1405 4002 dimenso
1438 3954 1548 4021 puncto
1583 3954 1669 4008 trans
1711 3953 1830 4015 lentem.

469 4029 607 4100 Qtrautus
632 4031 722 4109 igitur
744 4040 791 4090 est
808 4032 835 4090 in
857 4030 1009 4091 selreruate
1026 4028 1055 4092 8.
1077 4031 1203 4109 arrgulus¹
1226 4032 1313 4103 ltl'u,
1338 4039 1423 4090 tanta
1440 4034 1536 4109 portio
1552 4036 1588 4093 de
1605 4037 1830 4119 hemisphaerio

467 4119 586 4179 videtur
611 4121 669 4180 situ
696 4139 810 4179 everso
860 4121 936 4179 Nam
961 4121 1023 4192 BF,
1047 4120 1101 4180 Du
1125 4121 1276 4198 progressi
1302 4122 1424 4180 ulterius
1455 4145 1486 4177 se
1519 4144 1637 4185 rursum
1669 4141 1777 4192 secant
1802 4141 1830 4193 et

467 4208 510 4268 sic
536 4208 667 4268 incidunt
693 4208 720 4267 in
747 4208 885 4269 visibilia.

557 4296 682 4376 Semper
710 4306 809 4357 auteur
840 4297 1026 4375 excipiuntur
1055 4298 1092 4357 ab
1122 4297 1177 4355 bac
1212 4297 1377 4357 iruersione
1402 4299 1531 4359 visibilia
1557 4301 1628 4374 illa,
1657 4326 1736 4384 quae
1762 4319 1830 4370 sunt

467 4385 607 4463 propiora
632 4406 718 4465 quam
745 4387 803 4446 ista
833 4387 926 4447 sectio
962 4386 1104 4447 linearum
1139 4407 1173 4444 ex
1209 4397 1310 4445 centro
1345 4387 1420 4446 oculi
1456 4389 1535 4448 ultra
1567 4392 1693 4456 lentem.
1744 4399 1827 4460 Unde

465 4475 527 4534 lieri
552 4484 654 4552 potest
678 4486 710 4537 ut
734 4476 838 4535 eodem
864 4474 963 4553 ariguli
989 4477 1048 4535 situ
1074 4491 1188 4535 remota
1213 4475 1312 4553 aliqua
1338 4475 1496 4536 videantur
1512 4478 1642 4555 inversa,
1670 4486 1732 4545 alia
1758 4507 1826 4565 pro-

466 4565 577 4642 pinqua
601 4573 712 4627 erecta.

554 4653 646 4713 Hisce
679 4654 723 4714 sie
756 4652 946 4725 constitutis,
983 4654 1108 4731 priunum
1144 4654 1207 4712 leus
1242 4654 1308 4731 (per
1332 4652 1480 4724 th'u.)
1519 4677 1575 4733 «pio
1611 4663 1759 4724 rernotior
1791 4666 1825 4725 ab

466 4742 552 4801 oculo
577 4742 632 4801 hoe
657 4743 761 4804 minori
786 4742 918 4803 cernitur
942 4744 1050 4820 angulo
1084 4752 1115 4804 et
1149 4763 1213 4802 cum
1238 4763 1274 4800 eu
1299 4750 1393 4801 totum
1419 4742 1528 4814 etiam,
1560 4748 1637 4823 quod
1674 4770 1729 4828 per
1763 4773 1825 4814 eam

465 4829 585 4890 inverso
609 4831 667 4891 situ
693 4832 821 4892 videtur.
871 4832 986 4892 Ileinde
1012 4853 1077 4893 curn
1103 4831 1286 4904 digressione
1312 4830 1400 4889 lentis
1425 4832 1462 4891 ab
1496 4835 1581 4893 oerrlo
1611 4838 1700 4914 plura
1736 4841 1824 4903 etiam

466 4918 503 4978 de
528 4918 748 4997 hemisphaerio
773 4920 883 4981 visibili
908 4922 935 4981 in
962 4941 1026 4980 eam
1051 4923 1252 4999 recipiuntur,
1279 4928 1310 4982 ut
1330 4920 1394 4996 jam
1419 4929 1466 4980 est
1491 4922 1686 4999 explicatum.
1736 4929 1824 4992 Plura

467 5005 557 5086 igitur
579 5008 719 5071 videntur
737 5009 865 5087 junctim
889 5011 1004 5071 minum
1027 5012 1056 5072 in
1080 5011 1232 5071 renrotiori
1256 5011 1314 5070 situ
1340 5008 1425 5081 oculi,
1452 5030 1538 5087 quam
1554 5015 1701 5089 pauciora
1722 5017 1751 5080 in
1767 5019 1822 5080 situ
