4584 6192
812 1221 1168 1378 ιιιιιιιιιι
1203 1223 1274 1323 ιιι
1309 1221 1467 1324 sonu.

1079 1430 1205 1444 -ψ-

494 1611 500 1621 ·
556 1539 832 1631 InAatronomiae
855 1574 943 1648 parte
967 1564 1081 1647 Optica
1102 1569 1158 1631 sub
1186 1568 1273 1630 finem
1296 1566 1406 1647 cepitis
1428 1555 1515 1631 VIII.
1538 1564 1589 1628 ubi
1611 1564 1649 1644 de
1679 1564 1816 1630 occulta·

463 1657 596 1721 tionibus·
618 1657 750 1719 siderum
773 1656 851 1718 inter
874 1675 907 1717 se
929 1664 1032 1719 mutuo
1056 1665 1273 1737 ago-exstant
1294 1657 1371 1719 haec
1392 1656 1505 1719 rerba:

556 1746 717 1821 „Mercurii
740 1746 808 1808 nodi
831 1745 861 1806 in
885 1746 976 1808 Tauri
999 1754 1032 1809 et
1053 1745 1228 1827 Scorpionis
1250 1745 1410 1828 principio,
1443 1745 1492 1807 vel
1513 1742 1631 1808 Arietis
1653 1750 1685 1805 et
1706 1742 1816 1806 Librae

465 1838 586 1900 suemnt
607 1844 747 1914 (Enorem
766 1846 895 1919 insigne
924 1846 986 1901 ride
1007 1848 1093 1918 paulo
1113 1842 1211 1916 infru),
1233 1844 1417 1918 possuntque
1436 1834 1524 1897 hodie
1543 1853 1579 1896 ac
1598 1833 1660 1896 lere
1680 1831 1817 1896 omnibus
1835 1857 1851 1883 τ

466 1924 651 2006 temporibus
674 1926 825 2004 planetam
849 1926 926 1988 hunc
945 1924 1000 1986 sub
1015 1924 1117 1988 Solem
1136 1925 1288 1988 invehere.
1325 1922 1393 1996 Quo
1416 1923 1513 1985 minus
1536 1923 1714 1996 mirandum,
1738 1922 1818 2003 qnod

468 2017 499 2078 in
523 2015 586 2077 vita
601 2012 702 2078 Caroli
717 2014 822 2094 Magni
846 2015 972 2093 legimus
996 2014 1034 2076 ad
1049 2035 1159 2078 annum
1173 2012 1249 2079 807.
1273 2022 1451 2077 annotatum
1465 2013 1512 2075 his
1535 2013 1650 2076 verbis:
1669 2009 1819 2088 ,„„stetla
1836 2025 1843 2074 ’.ι

466 2103 608 2168 Mercurii
627 2099 676 2166 16.
693 2102 760 2168 Cal.
777 2103 892 2183 Aprilis
915 2103 1054 2166 visa-cit
1076 2104 1106 2166 in
1129 2103 1202 2167 Sole
1226 2103 1312 2184 quasi
1334 2123 1429 2184 parva
1450 2101 1570 2166 mac'ula
1591 2102 1693 2183 nigra:
1717 2109 1817 2165 umen
1842 2153 1846 2161 .

465 2193 556 2277 paulo
580 2193 716 2273 superius
739 2192 837 2255 medio
861 2202 963 2256 centro
988 2194 1122 2273 ejusdem
1153 2194 1278 2267 sideris,
1311 2212 1386 2274 quae
1420 2191 1547 2255 octoties
1580 2192 1629 2270 (ut
1660 2209 1716 2271 ego
1734 2190 1820 2269 lego
1867 2249 1870 2253 ,
1969 2245 1974 2253 .

467 2282 612 2356 barbare,
646 2301 703 2344 non
737 2289 805 2344 octo
839 2282 918 2356 dies)
950 2303 970 2344 a
991 2282 1079 2345 nohis
1107 2283 1153 2345 ita
1175 2291 1339 2363 conspecta
1361 2289 1419 2344 est.
1466 2279 1528 2345 Sed
1551 2280 1670 2362 qnando
1692 2280 1819 2361 primunr

467 2372 593 2437 intravit
610 2371 658 2432 rel
673 2371 755 2447 exiit,
780 2371 907 2436 nubibus
926 2371 1157 2453 impedientibus
1179 2391 1237 2436 non
1250 2371 1351 2452 potuit
1368 2369 1561 2434 adnotari.““
1583 2371 1701 2434 Auctor
1714 2377 1817 2432 astro-

467 2461 586 2524 nomiae
608 2460 804 2541 peritust
745 2461 817 2535 tuit,
852 2461 930 2542 qnod
961 2471 1088 2541 apparet
1109 2482 1149 2526 ex
1172 2461 1399 2542 consignatione
1422 2469 1471 2523 tot
1501 2447 1657 2545 eclipsium
1686 2467 1718 2522 et
1740 2457 1824 2539 quod

467 2550 606 2632 copulam
628 2547 710 2612 Solis
729 2558 760 2611 et
774 2550 914 2612 Mercurii
937 2550 1052 2614 calculo
1074 2552 1181 2622 tenuit,
1206 2571 1243 2614 ex
1266 2571 1324 2632 qno
1346 2550 1445 2625 scivit,
1469 2540 1618 2613 maculam
1640 2548 1727 2614 illam
1741 2565 1817 2611 asse

466 2638 658 2703 Mercurium.
702 2640 939 2704 Annustamen
962 2640 1064 2702 nescio
1094 2661 1152 2723 quo
1181 2661 1254 2703 casn
1284 2640 1394 2708 vitiose
1423 2638 1611 2719 conscriptus
1637 2646 1701 2708 est.
1747 2635 1821 2719 Fuit

468 2729 548 2792 enirn
572 2747 649 2791 anuo
673 2725 747 2793 808.
770 2727 858 2791 XVI.
879 2726 948 2791 Cal.
971 2729 1087 2810 Aprilis
1112 2731 1204 2803 (forte
1228 2730 1307 2810 quod
1330 2749 1439 2792 annum
1461 2727 1645 2791 aPaschate
1669 2725 1817 2801 inchoat).

466 2819 547 2882 Nam
571 2818 634 2898 eJ'us
658 2817 717 2879 diei
740 2817 907 2880 meridiana
937 2818 1012 2880 hora
1042 2820 1072 2880 in
1095 2820 1295 2901 Regiomonte
1324 2819 1457 2882 calcuulus
1481 2817 1673 2901 Ριιιιίιιιιιιιἶ
1694 2816 1817 2880 exbibet

467 2908 566 2971 locum
589 2905 669 2969 Solis
701 2902 740 2969 0⁰
771 2901 832 2986 tu(
857 2905 902 2984 Υ,
935 2907 1076 2971 Mercurii
1105 2906 1150 2971 0⁰
1179 2907 1234 2971 31‘
1275 2928 1341 2971 cum
1377 2908 1432 2971 lat.
1469 2903 1508 2971 2⁰
1536 2902 1582 2986 93,
1619 2925 1708 2989 qnam
1745 2905 1818 2969 lati-

470 2997 604 3061 tudinem
628 3016 647 3056 a
669 2995 842 3058 Ptolemaeo
867 3003 979 3059 certum
1003 3005 1051 3059 est
1078 2997 1122 3061 sic
1145 2997 1328 3073 ordinatum,
1356 3016 1393 3060 ne
1415 2997 1472 3060 hos
1494 2997 1569 3060 duos
1598 2996 1740 3077 planetas
1761 2993 1818 3057 sub

469 3085 573 3150 Solem
597 3085 760 3147 induceret
805 3087 850 3149 At
869 3085 934 3166 jam
958 3086 1070 3150 dictum
1094 3096 1157 3163 est,
1181 3086 1269 3151 hodie
1293 3087 1402 3151 nodum
1424 3088 1464 3152 in
1472 3086 1595 3160 Arietis
1626 3091 1702 3166 (ride
1729 3087 1816 3164 inno)

467 3177 525 3238 flue
549 3193 626 3250 esse,
650 3182 684 3236 ut
706 3193 763 3236 non
775 3184 908 3255 praeter
930 3175 1078 3239 rationem
1100 3176 1150 3251 sit,
1176 3185 1246 3240 tnnc
1269 3176 1362 3240 luisse
1386 3175 1468 3240 circa
1489 3175 1607 3241 initium
1625 3175 1752 3256 hujus
1728 3174 1817 3256 signi.
1862 3214 1866 3221 -
1908 3170 1910 3174 ’

466 3264 538 3327 Jam
561 3263 652 3345 igitur
674 3282 733 3326 uon
757 3265 885 3345 amplius
909 3265 965 3328 soli
988 3266 1116 3329 Averroi
1150 3266 1187 3327 de
1216 3267 1274 3330 hoc
1297 3266 1507 3330 Phaenomeno
1531 3265 1695 3339 credimus,
1727 3272 1817 3345 poet-

467 3373 557 3436 qnam
580 3351 771 3505 ghristianae
795 3352 992 3434 professionis
1030 3355 1118 3419 homo
1151 3365 1236 3419 suum
1259 3363 1374 3439 quoq'ne
1399 3342 1545 3420 calurdnm
1571 3354 1686 3419 addit.“
1732 3354 1817 3416 Hac-

468 3451 558 3506 tenus
609 3443 693 3522 ptica

557 3530 682 3593 Biennio
706 3539 776 3612 post
763 3531 959 3596 teditionem
975 3531 1150 3615 Opticorum
1172 3532 1285 3615 prodiit
1308 3534 1472 3616 disputatio
1492 3534 1530 3596 de
1550 3530 1817 3617 inaequalitatibus

466 3630 599 3685 motuum
630 3621 822 3695 coelestium,
852 3624 991 3703 praeside
1023 3624 1068 3687 Μ.
1101 3623 1252 3687 Michaele
1282 3623 1460 3698 Maestlino,
1492 3622 1669 3685 Professore
1691 3619 1816 3706 Mathe-

467 3710 577 3788 matico
608 3710 806 3791 Tubingensi,
838 3713 1038 3792 respondente
1071 3714 1113 3775 M
1147 3710 1288 3775 Samuele
1320 3712 1527 3775 Halenreffer:
1564 3730 1635 3813 quo·
1638 3709 1683 3772 ¹in
1715 3709 1818 3774 libello

467 3809 589 3883 praeter
611 3800 688 3861 alias
720 3800 935 3881 pulcherrimas
967 3803 1162 3865 velitationes
1183 3821 1249 3865 uum
1276 3800 1435 3864 sententiis
1463 3819 1521 3863 non
1549 3799 1653 3882 paucis
1686 3817 1819 3862 meorum

467 3891 644 3973 Opticomm
667 3888 788 3969 (qulbus
811 3908 883 3969 pars
907 3910 1006 3952 earum
1030 3891 1215 3965 confirmata,
1239 3910 1310 3971 pars
1335 3889 1486 3971 dissipata
1500 3889 1627 3952 etvicta
1641 3890 1703 3963 est)
1728 3888 1819 3952 etiam

467 3982 542 4043 haec
566 3998 634 4040 mea
657 3977 818 4057 explicatio
842 3978 977 4041 historici
1002 3980 1060 4043 loci
1084 3982 1119 4044 de
1144 3979 1351 4061 conjunctione
1376 3978 1457 4042 Solis
1482 3988 1513 4042 et
1531 3978 1673 4041 Mercurii
1696 3966 1818 4053 visibili,

469 4068 548 4131 thesi
576 4066 723 4132 XCVIII.
758 4067 833 4129 benc
866 4068 956 4147 longa
987 4071 1161 4134 examinata
1193 4078 1225 4133 et
1255 4069 1412 4132 confutata
1443 4068 1599 4150 reperitur.
1640 4068 1701 4132 Ad
1731 4086 1818 4148 quam

468 4157 565 4221 thesin
591 4176 699 4237 operae
723 4156 851 4236 pretium
874 4166 923 4218 est
946 4160 1136 4238 respondere,
1162 4167 1196 4221 ut
1218 4160 1331 4222 veritas
1351 4160 1528 4233 elucescat3
1552 4157 1596 4220 sic
1613 4158 1692 4221 enirn
1711 4157 1818 4262 jubere

468 4249 607 4323 videntur
631 4266 676 4321 ea,
702 4265 777 4327 quae
801 4245 858 4307 hoc
881 4266 959 4309 anno
986 4242 1113 4312 1607.Ι
1105 4268 1134 4310 ιιι
1158 4249 1243 4312 coelo
1265 4257 1405 4329 spectata
1428 4205 1588 4311 luerudI.

556 4335 705 4416 Principio
736 4343 931 4399 recensentur
963 4346 1103 4401 auctores
1130 4338 1282 4413 historici,
1317 4338 1366 4419 qni
1389 4338 1426 4400 de
1449 4338 1506 4399 hac
1530 4336 1617 4417 nigra
1647 4333 1796 4409 macula
1787 4352 1818 4397 ru

469 4425 541 4489 Solo
566 4433 726 4501 testentur,
750 4424 907 4488 Annonius
929 4425 1105 4502 Monachus,
1130 4436 1235 4490 auctor
1258 4428 1409 4490 annalium
1426 4423 1673 4492 Francioornm’
1655 4444 1819 4499 morspec.

435 4559 437 4564 -
468 4514 650 4596 Eginardus,
674 4512 863 4591 Vincentius,
887 4511 1066 4593 Sabellicus,
1090 4516 1315 4600 Lycosthenes,
1339 4517 1506 4599 Polydorus
1530 4514 1692 4595 Virgilius,
1714 4511 1818 4576 Bedae

468 4603 574 4677 codex,
598 4601 760 4666 Centuriae
784 4602 1028 4667 Ecclesiasticae.
1074 4605 1150 4669 Inde
1173 4606 1279 4669 nititur
1306 4606 1475 4687 disputator
1498 4614 1625 4686 quatuor
1652 4602 1819 4666 rationibus

468 4695 611 4776 probare,
637 4700 788 4755 ostentum
809 4692 910 4774 potins
935 4693 1027 4758 luisse
1049 4695 1329 4776 praetematnrale,
1362 4714 1450 4776 quam
1473 4693 1711 4781 conjunctionem
1734 4689 1818 4754 Solis
1855 4705 1857 4710 ’

469 4792 502 4846 et
523 4781 664 4844 Mercurii
688 4782 928 4863 astronomicum.

557 4857 706 4934 Rationes
729 4873 784 4933 hae
808 4881 902 4935 sunt·
925 4871 1105 4936 Mercurium
1136 4869 1343 4950 retrogradum
1365 4870 1430 4935 Soli
1458 4870 1656 4952 corporaliter
1679 4870 1818 4950 junctum

469 4981 529 5025 non
559 4963 640 5023 ultra
663 4955 683 5022 6
707 4961 753 5021 vel
780 4960 817 5022 7Ι
831 4961 921 5023 horas
954 4961 1009 5023 sub
1032 4959 1104 5024 Sole
1134 4961 1271 5028 incedere
1303 4979 1394 5041 posse
1417 4961 1456 5025 oh
1486 4960 1673 5024 celeritatem
1702 4976 1816 5021 cursor.
1887 5004 1890 5008 .

468 5054 515 5115 At
537 5049 644 5112 testari
669 5048 766 5111 dictos
799 5057 954 5128 auctores,
985 5049 1082 5113 visam
1105 5070 1172 5113 esse
1199 5038 1281 5113 hanc
1307 5049 1484 5116 maculam
1476 5071 1506 5112 ιιι
1529 5047 1656 5125 Solel,
1680 5042 1816 5112 8vel9

470 5142 545 5205 dies.
582 5140 802 5202 Praeveneram
824 5156 880 5217 ego
900 5139 979 5203 banc
1001 5139 1199 5220 objectionem
1222 5140 1406 5204 correctione
1428 5147 1533 5203 textus
1555 5138 1701 5204 historici.
1737 5136 1817 5200 Num
