4584 6192
432 598 479 670 16
853 597 1358 671 mmmmm

428 776 517 863 quid
532 774 658 840 demeo
681 776 792 837 salario
815 792 853 832 ex
875 773 945 832 aula
968 782 1143 853 extorqueo,
1178 778 1274 842 laetor
1295 802 1343 843 me
1366 806 1426 849 non
1456 792 1487 852 in
1513 798 1654 865 solidum
1680 809 1725 870 de
1750 833 1828 881 meo

426 870 547 930 risere.
591 862 637 922 De
660 875 761 925 cetero
783 864 828 922 sic
852 880 898 921 me
920 878 1076 939 comparo,
1111 885 1147 924 ac
1170 867 1195 925 si
1219 888 1276 928 non
1301 870 1429 936 Caesari
1455 884 1511 940 sed
1537 892 1651 961 generi
1678 895 1827 967 bumana

422 949 622 1041 posterisque
645 952 789 1021 serviam,
813 968 872 1028 qua
886 948 994 1008 fiducia
1017 957 1048 1007 et
1069 952 1181 1027 gradum
1208 964 1240 1014 et
1263 959 1445 1024 eminentias
1465 987 1592 1047 ornnes,
1620 998 1697 1044 cum
1726 989 1824 1069 5935.»

423 1047 453 1110 ai
481 1056 561 1118 opus
583 1048 648 1112 est,
681 1039 852 1100 auctoribus
885 1037 1003 1096 occulto
1026 1040 1185 1114 supercilio
1218 1055 1393 1110 contemno:
1428 1056 1503 1115 milri
1538 1060 1624 1126 bunc
1650 1088 1752 1137 unum
1778 1083 1824 1143 ab

422 1130 538 1199 oculos
562 1125 701 1188 honorem
723 1145 817 1205 pono,
853 1124 930 1203 quod
960 1124 1061 1184 divina
1089 1125 1286 1204 dispositione
1314 1136 1353 1194 ad
1377 1139 1623 1214 observationes
1649 1158 1822 1240 Typhonis

444 1224 585 1285 romolus
608 1234 683 1276 sunt.

420 1245 442 1307 p
521 1302 727 1379 Eclipsium
750 1298 1043 1360 observationes
1066 1301 1276 1380 qualesquales
1290 1306 1394 1370 ridere
1418 1320 1524 1377 tamen
1549 1329 1670 1405 gestio,
1698 1338 1728 1398 si
1752 1360 1818 1409 120„

422 1416 486 1482 per
510 1408 616 1453 ornnes
639 1401 761 1451 notatas
776 1386 1038 1455 circumstantias,
1061 1388 1169 1448 saltem
1185 1393 1371 1467 quantitates
1386 1400 1619 1475 obscurationis
1635 1426 1806 1493 maximae

421 1492 466 1552 ob
491 1497 616 1547 cauum
649 1479 678 1539 in
701 1475 903 1558 superioribus
936 1475 1048 1534 dictam
1080 1477 1166 1537 etin
1192 1476 1310 1556 Opticis
1341 1485 1452 1548 alicubi
1481 1492 1691 1572 insinuatam,
1744 1479 1817 1584 sed

421 1570 510 1659 quod
527 1567 584 1640 ais,
607 1585 654 1627 me
669 1567 790 1628 solitum
808 1563 988 1624 sublimiora
1001 1580 1056 1641 per
1069 1563 1172 1625 literas
1196 1585 1352 1644 quaerere,
1378 1592 1468 1651 quarn
1493 1584 1532 1642 ad
1559 1605 1644 1665 quae
1669 1618 1815 1683 respon,

420 1671 501 1729 dere
526 1673 649 1736 posses,
686 1655 755 1734 qnid
780 1654 877 1713 dicam
901 1651 1014 1712 nescio.
1059 1650 1150 1719 Esto.
1183 1663 1294 1715 utnon
1319 1676 1375 1735 par
1398 1680 1467 1723 esse
1492 1677 1597 1746 possit
1623 1692 1814 1758 exercitato

417 1755 529 1821 minus
553 1742 737 1806 exercitatus
760 1740 870 1820 aliquis
893 1741 921 1800 in
942 1758 1002 1799 una
1020 1738 1120 1816 aliqua
1143 1742 1279 1803 materia.
1325 1748 1372 1807 At
1394 1755 1517 1817 memini
1541 1780 1593 1824 me
1617 1769 1660 1830 dc
1685 1773 1812 1844 biblio.

419 1845 528 1910 theca,
553 1841 588 1895 ut
601 1832 646 1894 ita
660 1833 772 1903 dicam,
796 1828 1014 1892 mathematica
1036 1844 1191 1904 quaerere,
1215 1828 1244 1889 h.
1261 1848 1288 1891 e.
1313 1832 1349 1895 de
1373 1842 1566 1922 auctoribus,
1594 1858 1648 1932 qui
1673 1866 1729 1927 ,ΘΙ
1744 1872 1811 1933 ob-

418 1924 622 1996 mvationes
645 1921 693 1983 vel
717 1918 839 1981 tabulas
861 1918 910 1978 vel
934 1916 995 1977 alia
1009 1915 1048 1976 ad
1071 1915 1174 1977 tardos
1188 1917 1256 1979 illos
1272 1928 1373 1983 motus
1386 1928 1576 2004 pertinentia
1590 1946 1808 2038 scr-ipsarum³

416 2012 607 2107 praesertim
632 2010 709 2072 unde
734 2004 920 2087 Cupernicus
944 2004 996 2065 illa
1019 2003 1170 2078 hauserit,
1202 2024 1278 2085 quae
1302 2023 1454 2087 resenset;
1479 2019 1529 2082 ubi
1554 2039 1669 2096 extent
1694 2040 1771 2109 libri

515 2100 682 2183 Optices
704 2093 899 2176 exemplaria,
923 2112 1000 2173 quae
1015 2092 1120 2172 quibus
1135 2091 1368 2170 destinaveram,
1390 2102 1500 2183 scripsi
1515 2113 1556 2172 ad
1573 2113 1672 2185 Gellii
1687 2092 1808 2198 filiuni·

417 2218 459 2265 ax
488 2211 526 2256 eo
548 2189 652 2271 procul
676 2187 766 2250 dubio
792 2182 922 2251 audisti,
959 2182 1014 2245 tibi
1046 2199 1133 2242 unum
1162 2181 1278 2258 deberi;
1315 2188 1393 2265 quod
1424 2209 1484 2270 qua
1507 2197 1611 2265 fronte
1636 2184 1808 2300 negligere}

416 2278 616 2373 potuissem?
637 2310 681 2324 -
703 2275 775 2338 Jum
800 2280 902 2333 autem
927 2279 959 2333 et
980 2271 1010 2332 iu
1035 2278 1086 2331 tuo
1110 2286 1277 2347 aerosum,
1303 2275 1351 2354 qui
1375 2282 1494 2343 senatui
1519 2286 1661 2360 debiturn
1687 2323 1804 2375 exem,

414 2380 491 2464 piar
515 2367 703 2440 instruxisti,
728 2372 763 2425 ut
784 2380 842 2442 par
864 2360 930 2423 init.
976 2358 1065 2437 Rogo
1088 2375 1201 2458 moram
1225 2360 1363 2441 exiguam
1388 2365 1483 2442 feras,
1512 2378 1717 2456 satisfaciam
1743 2401 1804 2465 tibi

416 2484 489 2532 oum
502 2459 637 2525 Besoido
661 2473 716 2536 per
729 2469 827 2514 meam
841 2454 984 2523 matrem,
1009 2463 1085 2528 quae
1104 2445 1153 2507 luc
1176 2452 1347 2514 eonomine
1366 2453 1459 2518 babet
1482 2459 1603 2542 literas,
1627 2484 1665 2539 „g
1689 2485 1804 2554 mim

416 2551 501 2638 quod
525 2558 557 2609 et
579 2545 713 2607 Besoido
736 2556 877 2620 reponas.

510 2651 715 2703 liaustlinua
734 2645 769 2695 ad
788 2643 867 2699 baec,
887 2653 1036 2706 qumquam
1057 2640 1082 2722 iu
1101 2640 1265 2723 superioribus
1282 2643 1359 2696 literis
1379 2662 1446 2712 spem
1458 2650 1572 2718 chlero
1591 2662 1694 2722 taam
1731 2676 1800 2734 qm·

416 2738 495 2782 ιω
513 2724 656 2773 intermissa
672 2734 700 2771 sc
718 2719 935 2780 contemtum
954 2726 1025 2766 0¹⁸0·
1056 2710 1212 2759 ⁰¹h¹¹⁰m¹¹²¹¹¹
1230 2715 1264 2763 ¹¹ss
1280 2718 1417 2781 immudis,
1441 2736 1517 2786 quam
1539 2727 1671 2797 Raptam
1682 2707 1754 2807 jin,
1765 2767 1799 2806 a

414 2783 508 2852 wip,
524 2796 585 2845 ium
601 2792 725 2843 ommia
749 2794 826 2851 arque
843 2784 881 2832 bis
899 2796 965 2832 auno
989 2778 1057 2831 16⁰6
1074 2795 1151 2845 opera
1167 2782 1258 2835 busca
1279 2798 1420 2850 consumta,
1443 2801 1471 2842 ut
1486 2794 1615 2854 homiuem
1631 2824 1745 2878 „gum
1762 2826 1798 2875 ω

415 2865 619 2933 respondendum
635 2862 790 2928 impelleret,
811 2869 877 2905 anuo
894 2854 991 2903 demum
1012 2850 1079 2901 1611)
1096 2867 1139 2916 per
1154 2852 1240 2905 literas
1262 2859 1397 2911 concentus
1421 2871 1460 2912 est
1478 2881 1536 2917 cum
1554 2872 1605 2923 iiio.

511 2936 627 2987 Ceterum
646 2930 809 2999 adjungenda
825 2926 864 2976 lris
884 2940 1012 2975 censemus
1031 2924 1156 2990 quaedam
1172 2938 1186 2973 e
1203 2927 1321 2988 prioribus
1340 2939 1366 2981 et
1382 2937 1543 2997 posteriorum
1553 2950 1699 3012 temporum
1711 2958 1795 3017 Μ,

416 3010 520 3075 [aptari
538 3008 571 3058 ad
589 3006 750 3058 Maestiinnm
774 3000 852 3055 datis.
876 3011 941 3061 quae
957 2998 1054 3062 quidem
1073 3011 1122 3045 non
1141 2996 1268 3062 stringam
1286 3004 1393 3066 apricam
1421 3005 1593 3074 disciplinam,
1616 3023 1664 3072 „q
1688 3041 1793 3092 pm

414 3085 471 3137 iibri
486 3081 645 3146 posteriorem
660 3076 731 3139 (iude
753 3087 770 3123 a
792 3071 875 3134 capite
885 3068 948 3123 Vt..
969 3072 1039 3131 euius
1055 3066 1167 3150 singulae
1183 3072 1291 3152 paginas
1309 3075 1443 3140 inscriptae
1460 3088 1533 3131 suut:
1552 3087 1695 3147 Astron
1703 3106 1747 3154 mi
1752 3121 1793 3158 η

414 3168 489 3223 W.
514 3153 634 3215 operas,
658 3151 716 3199 dum
734 3146 829 3211 priores
846 3154 906 3204 prae
934 3154 961 3189 sa
983 3140 1093 3190 tulerant
1112 3148 1314 3221 inscriptionem:
1342 3146 1601 3214 Paralipomaua
1618 3166 1659 3215 ad
1683 3168 1791 3227 Visal-

415 3223 545 3286 iicuum)
564 3224 663 3287 propius
678 3225 807 3285 spectant,
829 3212 933 3277 eclipses
951 3212 1048 3275 quidem
1068 3210 1131 3260 sotis
1147 3217 1174 3258 et
1192 3209 1286 3263 Lunae.
1325 3216 1393 3268 luter
1406 3214 1493 3270 literas
1512 3239 1579 3288 quaa
1593 3234 1669 3287 uobis
1684 3255 1793 3304 pm

416 3303 477 3349 mg
491 3296 688 3357 mmmm,
717 3302 781 3354 qm
801 3283 926 3348 Koplarua
945 3283 1030 3332 Gratia
1047 3282 1186 3345 Tubiugam
1201 3282 1283 3343 dedit,
1313 3291 1419 3339 occurrit
1443 3291 1576 3361 descriptio
1603 3303 1791 3371 amm-025,

416 3368 516 3432 eclipsis
534 3364 627 3416 Solaria
642 3364 668 3414 d.
686 3360 711 3411 t.
729 3359 814 3410 Martii
840 3351 922 3413 1598,
944 3368 1018 3419 quam
1038 3352 1172 3405 Maestliuo
1194 3358 1330 3409 transmisit
1348 3360 1372 3410 d.
1393 3359 1433 3410 tt.
1452 3360 1530 3415 Mart.
1549 3366 1617 3424 uma
1635 3377 1664 3429 ia
1684 3386 1791 3442 modu„

488 3439 575 3487 sitarum

416 3440 487 3505 dispo
507 3509 630 3571 Literas
658 3515 729 3568 tuas
758 3498 938 3565 clarissime
967 3497 1006 3559 D.
1030 3496 1218 3575 Praeceptor
1250 3502 1352 3581 accepi
1377 3523 1413 3565 ea
1436 3505 1525 3584 hora,
1559 3532 1620 3594 qua
1644 3524 1724 3590 redii
1748 3532 1789 3595 ab

417 3596 630 3663 observatione
653 3593 778 3675 eclipsis
793 3589 920 3654 Solaria.
958 3588 1065 3668 ltaque
1090 3586 1129 3647 ab
1155 3586 1209 3647 illa
1227 3586 1366 3670 incipiam
1389 3601 1422 3654 et
1440 3597 1584 3677 majorem
1608 3604 1639 3668 in
1663 3617 1807 3683 modum·

416 3699 449 3754 ts
463 3705 547 3768 rogo,
572 3686 600 3747 si
622 3684 735 3746 nullum
750 3680 835 3743 aliud
851 3678 975 3740 verbum
998 3678 1110 3739 saitem
1124 3675 1162 3735 de
1178 3674 1236 3736 hoc
1258 3679 1330 3740 mihi
1353 3682 1487 3747 nonnihil
1501 3695 1689 3769 respondere
1714 3707 1787 3787 dig.

415 3777 508 3842 neris.
555 3774 675 3837 Etenim
700 3792 738 3834 ex
761 3770 816 3833 illa
838 3788 885 3830 me
909 3766 1087 3845 simpliciter
1109 3764 1251 3845 expedire
1276 3787 1336 3830 uon
1359 3789 1492 3851 possum.
1530 3778 1600 3842 don
1624 3783 1684 3849 boc
1709 3812 1786 3859 sana

416 3885 465 3930 me
489 3864 608 3937 turbat,
634 3862 712 3942 quod
736 3859 870 3922 borealis
894 3855 968 3930 tuit,
992 3876 1058 3918 cum
1083 3854 1249 3916 australem
1263 3855 1376 3921 dixerit
1399 3861 1549 3927 calculus:
1574 3889 1673 3952 neque
1696 3879 1784 3960 illud,

417 3955 496 4038 quod
520 3951 616 4015 serius
640 3950 797 4031 apparuit,
822 3946 902 4029 quod
917 3944 1014 4008 minor
1037 3945 1095 4007 ruit
1112 3944 1213 4006 Lunae
1237 3944 1400 4023 diameter,
1426 3953 1635 4031 quoddiutius
1658 3965 1785 4035 duravit

417 4064 507 4126 quam
530 4041 664 4104 calculus
688 4038 892 4119 praedixerat.
940 4035 1081 4115 lntelligo
1105 4032 1183 4094 enirn
1207 4033 1281 4096 haec
1304 4055 1342 4097 ex
1365 4049 1453 4117 parte
1483 4042 1524 4114 (si
1549 4064 1609 4109 nou
1634 4069 1674 4113 ex
1698 4064 1782 4134 toto)

416 4132 608 4195 abinvicem
631 4129 772 4209 pendere,
797 4146 865 4189 cum
888 4125 981 4187 etiam
1005 4124 1127 4205 eclipsis
1147 4122 1253 4185 Lunae
1276 4126 1371 4187 serior
1394 4132 1569 4208 apparuerit
1593 4144 1626 4197 et
1649 4150 1780 4211 tantun.

416 4222 485 4285 dem
510 4223 572 4282 fere
595 4220 675 4281 inter
699 4228 854 4297 utramque
880 4214 1024 4295 temporis
1047 4212 1266 4289 interfluxerit,
1291 4224 1434 4294 quantuni
1459 4237 1498 4280 ex
1511 4222 1630 4285 calculo
1653 4230 1781 4315 collegit

414 4309 570 4388 Maginus.
617 4308 697 4370 Nam
731 4306 801 4385 quia
835 4305 931 4367 serior
960 4303 1117 4385 apparuit,
1155 4300 1224 4364 iude
1254 4322 1328 4365 sane
1358 4306 1509 4385 colligitur
1541 4318 1728 4385 anomaliam
1751 4327 1780 4389 in

417 4418 513 4462 causa
535 4416 621 4467 esse,
644 4397 820 4475 Lunamque
844 4395 976 4456 fortasse
999 4393 1153 4459 altiorem,
1184 4392 1253 4471 quin
1278 4400 1309 4453 et
1331 4393 1474 4457 minorem
1497 4406 1588 4479 atque
1611 4407 1780 4479 tardiorem

416 4487 521 4551 iubae.
568 4484 632 4548 Sed
655 4486 733 4547 ratio
758 4483 928 4546 latitudinis
956 4500 1003 4543 me
1026 4480 1147 4563 penitus
1182 4481 1292 4543 turbat.
1339 4481 1419 4545 Ecce
1451 4485 1506 4547 tibi
1539 4495 1634 4553 rotam
1668 4502 1779 4566 seriem

415 4574 646 4639 observationis.

504 4664 631 4727 Coelum
663 4659 899 4724 turbidissirnum
934 4657 1006 4731 fuit,
1040 4666 1072 4720 et
1104 4675 1191 4718 mane
1223 4657 1372 4722 uinxerat.
1419 4662 1525 4743 Itaque
1556 4684 1614 4746 quo
1637 4678 1776 4757 temporo

419 4753 520 4817 Gratii
545 4772 583 4815 ex
606 4750 722 4830 Magini
746 4748 862 4811 calculo
886 4746 1043 4809 debuisset
1065 4746 1215 4827 incipere,
1239 4747 1410 4810 rarissimos
1426 4770 1464 4810 ex
1478 4756 1775 4831 praeterlabentibus

413 4844 543 4907 nubibus
566 4841 673 4922 excepi
696 4840 841 4919 fulgores.
890 4835 1024 4897 Tandem
1057 4855 1124 4898 cum
1146 4836 1223 4918 duae
1255 4856 1421 4917 campanae
1444 4844 1640 4907 concordibus
1664 4850 1774 4920 ictibus

416 4933 554 4997 sonarint
578 4931 776 5013 quadrantem
801 4944 894 5007 supra
916 4924 1077 4998 decimam,
1110 4942 1234 5004 cumque
1254 4927 1320 5005 jam
1349 4927 1399 4988 diu
1431 4928 1570 4991 latuisset
1593 4931 1661 5012 Sol,
1698 4945 1773 5009 adeo

415 5031 450 5084 ut
472 5019 545 5084 mihi
567 5038 622 5103 per
645 5017 746 5081 scalas
770 5016 809 5077 ad
833 5019 966 5077 toramen
991 5014 1081 5076 fuerit
1103 5015 1340 5085 ascendendum,
1369 5034 1426 5095 quo
1443 5017 1548 5079 fortius
1561 5019 1591 5082 in
1606 5029 1772 5114 propinquo

414 5110 463 5174 rel
490 5107 546 5174 Sol
581 5110 647 5192 ipse
684 5107 734 5170 vel
767 5104 889 5169 nubium
919 5102 1019 5167 hiatus
1049 5104 1079 5167 in
1108 5121 1255 5187 papyrum
1286 5104 1459 5177 irradiaret,
1496 5107 1619 5174 mudum
1651 5114 1772 5203 inquam
