4584 6192
984 569 1066 636 cna
1082 569 1128 622 n.
1245 565 1247 572 ’
1670 569 1736 642 saa

380 744 533 820 ubnnnt,
559 745 663 825 itaque
695 764 732 808 ne
756 745 859 810 Solem
888 747 1006 827 quidem
1035 747 1165 810 calidum
1188 746 1310 811 latetur.
1357 746 1425 829 Ego
1447 747 1547 811 media
1569 748 1739 831 ingredior:

379 833 500 915 proprie
523 851 650 914 namque
673 853 731 896 non
755 843 804 897 est
826 836 956 897 siderum
988 838 1037 898 vel
1068 836 1184 898 siccare
1215 836 1265 897 vel
1297 836 1469 900 humectare
1498 839 1572 901 haec
1594 838 1739 903 iuferiora

380 923 441 985 uisi
462 940 517 1002 per
538 924 688 997 accidens,
713 933 890 1005 antegresso
913 924 1121 987 calefactionis
1144 932 1228 986 certo
1252 925 1356 1003 grado.
1403 926 1502 988 Multo
1526 927 1623 990 minus
1647 947 1685 989 ex
1703 917 1737 991 se

380 1010 584 1090 frigefaciunt.
608 1010 766 1083 Quatenus
789 1033 861 1075 vero
876 1014 999 1094 quaevis
1014 1013 1205 1086 calefaciunt,
1222 1021 1349 1075 eatenus
1368 1016 1482 1095 etipsa
1500 1017 1609 1093 calida,
1634 1015 1739 1082 Solem

379 1118 452 1161 vero
475 1100 727 1163 ferventissimum
752 1122 871 1164 assero:
897 1103 974 1164 nude
998 1103 1115 1183 quidem
1139 1122 1178 1164 ex
1200 1101 1397 1182 qualitatibus
1422 1104 1501 1184 apud
1527 1125 1573 1167 me
1589 1106 1674 1168 nulla
1689 1113 1739 1170 est

379 1187 534 1269 signorum
560 1189 725 1252 distinctio.

469 1274 532 1339 Sed
556 1297 646 1359 quare
666 1298 723 1339 non
747 1278 808 1341 tria
822 1279 972 1358 contigua,
998 1277 1127 1353 Gemini,
1150 1276 1275 1352 Cancer,
1301 1279 1365 1341 Leo
1387 1278 1486 1360 ignea,
1511 1281 1581 1361 quia
1600 1283 1736 1358 aestiva3

382 1367 571 1428 autumnalia
593 1385 664 1428 vero
687 1376 801 1441 terrea;
833 1368 958 1429 hiberna
981 1386 1094 1449 aquea;
1120 1387 1213 1429 verna
1236 1368 1340 1429 aeria?

425 1454 429 1466 '
471 1452 574 1518 Causa
596 1475 648 1517 cur
678 1456 734 1517 hoc
757 1457 901 1518 omissum
933 1458 1045 1536 pendet
1075 1476 1113 1518 ex
1145 1464 1267 1534 recepto
1300 1456 1456 1519 divisionis
1480 1476 1613 1519 numero.
1661 1456 1737 1523 Cum

379 1545 459 1608 enim
481 1553 586 1624 partes
608 1545 724 1605 zodiaci
748 1546 893 1608 fecissent
920 1544 967 1618 12,
992 1564 1178 1626 consequens
1202 1556 1268 1606 erat
1291 1554 1326 1607 ut
1356 1545 1445 1607 binae
1476 1546 1636 1626 contiguae
1661 1567 1736 1611 con-

379 1634 484 1696 trariis
507 1633 704 1712 qualitatibus
729 1635 944 1708 dividerentur,
966 1634 1024 1696 nisi
1047 1637 1161 1697 vellent
1183 1653 1237 1713 pro
1261 1654 1320 1695 una
1342 1644 1429 1714 parte
1453 1634 1566 1709 haberi,
1595 1654 1670 1715 quas
1693 1636 1738 1700 illi

378 1741 492 1803 magna
514 1723 579 1785 scil.
599 1741 665 1783 cum
689 1724 805 1784 ratione
830 1724 937 1784 intres
954 1723 1129 1784 diviserant.
1177 1721 1240 1785 Cur
1260 1742 1331 1803 ergo
1346 1722 1465 1802 singula
1483 1723 1571 1802 signa
1588 1725 1635 1786 his
1659 1743 1736 1804 qua-

380 1810 520 1873 litatibus
543 1811 666 1885 tributa,
693 1830 767 1891 quas
791 1812 904 1894 habent
918 1814 996 1891 apud
1013 1813 1195 1888 astrologos,
1219 1830 1278 1873 non
1302 1813 1482 1874 contrariis?
1519 1810 1639 1875 Causae
1658 1814 1735 1876 duae

379 1900 585 1974 adducuntur3
607 1900 705 1978 prima
728 1920 766 1961 ex
789 1901 951 1980 imaginum
975 1908 1101 1962 natura:
1130 1898 1248 1963 Cancer
1270 1898 1348 1962 enirn
1372 1910 1404 1962 et
1426 1900 1553 1981 Scorpio
1576 1909 1608 1964 et
1630 1901 1737 1964 Pisces

380 1989 523 2070 aquatica
546 1998 617 2050 sunt
646 1990 807 2063 animalia3
840 1991 927 2068 signa
957 1991 1058 2071 itaque
1091 1990 1166 2051 haec
1199 2008 1295 2068 aquea
1327 1997 1399 2050 sunt
1429 1989 1544 2051 habita.
1591 1989 1736 2054 Vicissim

379 2076 486 2151 Aries,
510 2077 589 2148 Leo,
622 2075 808 2155 Sagittarius
833 2079 998 2157 (posterius
1031 2079 1140 2158 equus)
1173 2078 1316 2139 animalia
1348 2086 1419 2139 sunt
1451 2086 1576 2140 naturae
1609 2078 1736 2159 ignea03

378 2185 472 2246 quare
495 2166 626 2228 ethaeo
649 2167 738 2247 signa
761 2167 860 2246 ignea.
907 2168 958 2227 Ita
981 2187 1047 2228 cnm
1072 2168 1145 2229 haec
1169 2166 1244 2239 tria,
1268 2175 1331 2228 tum
1354 2166 1445 2228 etiam
1470 2165 1602 2241 Gemini,
1625 2167 1734 2248 Aqua·

376 2254 460 2327 rins,
492 2255 629 2316 mascula
651 2264 722 2316 suut
745 2256 857 2334 effigie,
888 2256 1020 2317 maribus
1045 2275 1114 2316 vero
1145 2255 1294 2335 copiosior
1317 2255 1408 2330 calor,
1433 2274 1524 2335 quare
1549 2263 1581 2316 et
1604 2254 1735 2331 Gemini,

376 2342 482 2418 Libra,
507 2342 658 2423 Aquarius
681 2344 782 2406 calore
805 2345 998 2424 participant.
1043 2344 1111 2405 Non
1137 2352 1306 2405 esttamen
1330 2344 1509 2406 universalis
1532 2344 1607 2406 haec
1625 2363 1733 2408 causa:

376 2450 448 2493 nam
471 2451 525 2494 cur
547 2452 604 2494 non
629 2432 765 2493 humidus
789 2433 952 2512 Aquarius,
977 2433 1084 2512 igneus
1107 2433 1223 2494 Taurus
1247 2439 1279 2493 et
1293 2430 1430 2495 Cancer?
1475 2433 1518 2495 Et
1540 2451 1593 2495 cur
1607 2433 1734 2511 Taurus,

376 2519 579 2601 Capricornus
604 2521 746 2583 feminina
769 2521 878 2600 rigna?
924 2522 1012 2584 Adde
1043 2522 1122 2603 quod
1153 2522 1358 2583 discesserunt
1390 2539 1427 2582 ex
1450 2521 1545 2602 signis
1568 2522 1631 2584 suis
1654 2522 1734 2585 ima·

376 2609 482 2691 giras:
506 2617 681 2672 manserunt
704 2618 804 2671 tamen
830 2610 993 2691 qualitates
1017 2611 1209 2690 exipsorum
1233 2610 1382 2689 dogmate.
1564 2614 1569 2621 ’

463 2699 631 2761 Audiamus
654 2698 757 2780 itaque
781 2700 1022 2762 Albunrasarem.
1069 2699 1201 2760 Primum
1224 2699 1274 2760 ille
1299 2698 1365 2760 huic
1389 2697 1467 2760 inter
1490 2698 1642 2761 elementa
1665 2697 1732 2762 dis·

374 2786 532 2851 tributioni
555 2787 779 2850 fundamentum
802 2789 888 2868 ponit
911 2789 1006 2850 minus
1029 2781 1086 2849 lide
1111 2788 1247 2867 dignum:
1277 2786 1500 2868 bipertitionem
1524 2787 1677 2868 signorum
1700 2788 1732 2851 in

373 2876 542 2939 masculina
564 2885 596 2937 et
618 2876 772 2938 feminina.
819 2874 921 2946 Quare
950 2885 1021 2939 suut
1047 2876 1174 2937 alteruis
1201 2876 1367 2937 masculina
1394 2884 1427 2938 et
1456 2875 1616 2951 feminina,
1647 2876 1732 2939 initio

373 2968 457 3028 facto
485 2965 524 3026 ab
547 2964 673 3027 Ariete?
717 2965 836 3027 Placuit
859 2983 964 3044 nempe
994 2965 1183 3041 auctoribus,
1214 2972 1248 3027 ut
1271 2964 1466 3027 Ptolemaeus
1489 2964 1550 3039 ait,
1575 2964 1734 3028 occasione

342 3124 347 3128 ,
371 3061 539 3135 perpetuae
562 3054 772 3116 alternationis
797 3055 874 3120 inter
897 3055 977 3116 diem
1001 3047 1184 3126 et'uootem,
1208 3061 1242 3115 ut
1264 3054 1361 3134 sigua,
1386 3072 1463 3133 quae
1478 3061 1566 3115 erant
1585 3054 1651 3134 pari
1674 3073 1733 3116 uu·

371 3162 457 3207 mero
483 3141 533 3217 12,
569 3142 597 3204 in
632 3138 651 3205 6
684 3142 934 3205 distribuerentur
956 3142 1121 3219 connubia,
1154 3142 1286 3224 marique
1310 3143 1491 3205 adhaereret
1522 3163 1578 3204 sua
1611 3142 1731 3208 femina

371 3234 490 3295 Forsan
513 3230 592 3292 euim
619 3230 658 3294 12
683 3251 741 3294 non
765 3231 951 3304 viderentur,
979 3230 1037 3293 nisi
1056 3250 1129 3293 sexu
1153 3232 1296 3312 contigua
1319 3230 1583 3310 distinguerentur.
1620 3230 1731 3294 Ratio-

372 3341 442 3383 nem
466 3318 639 3382 solidiorem
663 3341 735 3382 sane
761 3321 874 3382 nullam
897 3321 1025 3383 invenio.
1072 3320 1130 3382 Hic
1154 3328 1226 3383 sunt
1249 3339 1320 3400 ergo
1344 3320 1432 3400 sigua
1451 3319 1491 3383 12
1507 3319 1634 3383 alternis
1648 3340 1733 3382 mas-

371 3411 451 3485 cula,
476 3407 620 3469 feminea:
646 3419 716 3471 sunt
739 3420 771 3471 et
794 3410 944 3472 elementa
966 3406 997 3484 4,
1023 3429 1098 3491 quae
1123 3409 1241 3489 singula
1256 3409 1467 3472 distributione
1488 3428 1635 3490 exaequo
1650 3410 1735 3472 facta

371 3497 456 3561 trina
478 3496 537 3559 sibi
560 3498 649 3577 signa
671 3498 813 3560 vidicant
858 3499 924 3561 Aut
942 3498 1033 3578 igitur
1055 3495 1234 3579 3contigua
1253 3499 1352 3561 calida
1375 3517 1460 3571 esse,
1483 3507 1564 3573 aut,·
1583 3497 1653 3577 quia
1675 3498 1732 3561 hoc

372 3606 432 3649 non
454 3594 559 3666 potest
582 3588 634 3660 (ne
658 3588 799 3667 contigua
813 3587 902 3667 signa
919 3590 1053 3663 coeant),
1078 3586 1108 3648 in
1131 3588 1408 3667 compensationem
1431 3587 1524 3666 igitur
1547 3584 1566 3650 3
1588 3586 1733 3666 infigura

370 3675 526 3756 triangula
546 3693 601 3755 per
623 3676 777 3738 zodiacum
802 3676 922 3756 disponi
944 3674 1086 3756 oportuit
1125 3673 1202 3737 Cum
1224 3676 1317 3755 igitur
1331 3674 1421 3737 Aries
1444 3674 1572 3754 primum
1590 3682 1622 3735 et
1636 3692 1728 3754 prac-

371 3764 491 3845 cipunm
523 3763 638 3827 zodiaci
671 3765 788 3843 signum
821 3765 876 3833 sit,
910 3774 941 3827 et
972 3764 1050 3845 ignis
1073 3763 1247 3845 primarium
1275 3764 1318 3825 ait
1348 3764 1544 3838 elementum,
1573 3761 1729 3843 praeditus

372 3853 490 3927 calore,
518 3870 593 3933 quae
618 3861 666 3914 est
689 3853 819 3934 qualitas
843 3852 945 3914 activa
967 3854 1006 3915 ad
1029 3853 1123 3914 vitam
1147 3852 1274 3933 ideoque
1307 3852 1491 3924 masculina,
1523 3850 1614 3914 Aries
1637 3849 1732 3930 igitur

371 3950 495 4004 etcum
518 3958 554 4002 eo
578 3941 795 4022 triangulantia
809 3942 872 4003 Leo
897 3950 929 4001 et
952 3939 1139 4021 Sagittarius
1163 3950 1235 4003 sunt
1257 3940 1354 4021 ignea.
1391 3941 1429 4003 In
1443 3938 1539 4020 primo
1560 3939 1728 4021 quadrante

370 4028 549 4112 principium
564 4031 665 4104 Aries,
690 4029 719 4092 in
744 4030 874 4092 secundo
898 4030 1027 4092 medinm
1041 4030 1115 4106 Leo,
1140 4028 1171 4091 in
1195 4028 1286 4093 tertio
1309 4029 1376 4091 finis
1391 4026 1588 4111 Sagittarius.
1627 4024 1730 4098 Quar-

370 4128 421 4182 tus
445 4118 597 4199 quadrans
621 4119 758 4181 hiemalis
782 4127 865 4180 caret
889 4118 976 4197 signo
1001 4119 1098 4198 igneo.

461 4205 524 4269 Sed
548 4226 599 4269 cur
622 4209 681 4269 tria
704 4206 898 4269 succedentia
912 4207 1038 4282 Taurus,
1054 4207 1159 4285 Virgo,
1177 4205 1378 4286 Capricornus
1398 4214 1498 4267 terrea
1515 4204 1617 4286 potius
1640 4224 1730 4285 quam

371 4303 478 4370 aerea,
512 4314 578 4357 cnm
607 4302 659 4365 adr
682 4296 852 4358 immediate
877 4294 1022 4357 succedat
1044 4295 1126 4375 igni?
1159 4314 1281 4358 causam
1313 4294 1407 4356 refert
1430 4293 1613 4356 Albumasar
1636 4294 1730 4355 hanc:

370 4384 468 4448 calori
491 4384 610 4464 quidem
633 4385 782 4447 actionem
807 4403 874 4446 esse
898 4383 1085 4460 vivificandi,
1119 4383 1224 4465 frigori
1253 4402 1324 4446 vero
1354 4381 1458 4445 itidem
1482 4383 1649 4453 actionem,
1677 4381 1733 4444 sed

371 4471 574 4552 mortificandi
597 4482 629 4534 et
652 4473 871 4553 corrumpendi.
913 4472 1040 4535 Omnem
1063 4491 1134 4560 vero
1159 4472 1290 4535 activam
1313 4470 1490 4552 qualitatem
1514 4471 1640 4552 passiva
1663 4487 1731 4531 esse

370 4561 564 4625 nobiliorem:
585 4561 687 4641 itaque
712 4563 822 4638 Tauro,
846 4561 895 4642 qui
918 4563 1053 4641 proxime
1077 4561 1214 4642 sequitur
1227 4561 1373 4634 Arietem,
1397 4559 1529 4622 activam
1552 4559 1731 4641 qualitatem

371 4651 501 4713 alteram
526 4649 686 4730 obtigisse,
719 4651 815 4730 frigus
845 4669 950 4731 nempe
974 4661 1007 4712 et
1034 4650 1113 4713 inter
1136 4651 1285 4712 elementa
1307 4658 1438 4722 terram,
1469 4647 1591 4729 frigoris
1614 4646 1727 4708 sedem.

370 4741 479 4819 ltaque
503 4757 579 4820 quae
602 4740 755 4818 proportio
781 4747 830 4800 est
852 4739 934 4800 vitae
958 4739 998 4799 ad
1021 4747 1158 4815 mortem,
1182 4737 1241 4800 diei
1258 4738 1297 4799 ad
1316 4745 1444 4811 noctem,
1469 4737 1560 4799 maris
1583 4736 1622 4797 ad
1637 4733 1727 4797 femi·

369 4846 450 4903 nam,
474 4827 550 4890 haec
573 4845 689 4907 quoque
711 4828 871 4890 videbatur
893 4827 1004 4889 caloris
1026 4828 1066 4890 ad
1089 4826 1196 4906 frigus.
1242 4826 1321 4889 Nam
1335 4833 1368 4886 et
1385 4824 1497 4888 femina
1514 4824 1543 4888 in
1562 4821 1728 4904 generandi

368 4923 452 5019 actu·
464 4914 580 4997 aliquid
602 4914 667 4995 agit
690 4916 854 4998 (juvandus
876 4915 955 4978 enim
976 4921 1028 4980 est
1043 4916 1229 4978 Albnmasar
1250 4914 1360 4977 msere
1383 4913 1542 4988 laborans)
1564 4930 1621 4975 nec
1644 4927 1726 4975 mera

367 5021 548 5156 pmvCixnib
565 5002 765 5163 mnu,
795 5111 847 5157 cur
869 5091 957 5173 igneo
979 5092 1068 5173 riguo
1093 5098 1220 5156 ceuceu
1241 5090 1363 5156 awcedi
1385 5095 1541 5171 orportere
1563 5110 1584 5152 a
1606 5087 1726 5170 frigido.
1739 5111 1777 5154 2¹·
1829 5078 1831 5081 ’
