4584 6192
981 603 1065 672 caput
1081 603 1153 658 vm
1173 602 1198 656 8.
1704 611 1769 683 349

495 774 674 853 Huiusmodi
703 776 773 855 quid
804 776 946 839 credibile
972 787 1022 839 est
1049 780 1140 843 etiarn
1172 780 1252 843 circa
1275 781 1377 847 Solem
1411 787 1474 848 fieri
1506 807 1616 869 posse,
1649 789 1768 872 qnando

405 864 494 927 Luna
517 863 577 942 ipsi
601 863 797 943 interjicitur:
831 874 865 926 ut
888 866 952 928 sive
977 874 1044 939 aer,
1078 870 1142 931 sive
1173 871 1263 932 etiarn
1292 874 1436 937 aetherea
1468 878 1655 955 substantia,
1691 900 1767 961 quae

405 971 463 1013 non
488 959 538 1012 est
561 953 682 1013 omnino
706 954 795 1021 nihil,
825 955 879 1014 sed
903 976 987 1016 suam
1013 976 1129 1037 quoque
1159 959 1320 1023 densitatis
1348 965 1497 1027 rationem
1521 969 1626 1045 babet,
1652 990 1671 1030 a
1695 969 1767 1033 Sole

405 1042 560 1102 illustrata
582 1042 772 1121 splendorem
796 1043 966 1122 concipiat,
992 1048 1041 1123 qni
1066 1046 1137 1108 Sole
1169 1049 1321 1110 occultato
1351 1051 1446 1115 lucem
1471 1053 1608 1118 Solarem
1641 1077 1766 1138 reprae-

405 1137 527 1192 sentet:
553 1130 596 1192 uti
622 1149 714 1210 supra
737 1130 809 1192 mihi
833 1132 922 1194 rubor
944 1134 1063 1208 Lunae,
1090 1135 1216 1196 absente
1240 1136 1340 1200 Solari
1366 1141 1581 1220 illustratione,
1606 1148 1766 1226 genuinum

403 1218 510 1281 Lunae
542 1219 640 1281 lumen
669 1241 688 1281 a
718 1217 791 1281 Sole
824 1230 980 1302 acceptum
1013 1224 1284 1289 videbaturesse.
1331 1229 1366 1289 ld

404 1309 482 1369 enim
507 1326 545 1368 ex
567 1327 654 1388 prop.
680 1304 732 1370 23.
767 1309 875 1389 capitis
899 1312 924 1372 l.
959 1312 1064 1373 deduci
1098 1321 1200 1391 potest
1228 1315 1256 1376 in
1288 1315 1364 1378 hunc
1497 1298 1551 1364 rig.
1572 1296 1632 1347 ¹⁰⁰·

404 1398 534 1459 modum.
573 1396 692 1459 SitAB
716 1416 824 1477 corpus
840 1399 955 1473 Lunae,
976 1398 1043 1476 CA,
1058 1401 1114 1462 DB
1138 1403 1215 1463 radii
1239 1406 1365 1466 extremi
1409 1436 1418 1478 Ι
1450 1420 1471 1462 1
1510 1414 1525 1463 t
1724 1435 1747 1477 ῃ

404 1485 538 1565 corporis
567 1483 685 1547 Solaria
722 1486 958 1549 determinantes
987 1489 1093 1551 Lunae
1130 1492 1263 1553 umbram
1296 1493 1364 1562 ΑΕ,

403 1574 473 1648 BF,
507 1574 606 1654 sitque
632 1574 662 1636 G
692 1575 774 1636 locus
805 1575 834 1637 in
869 1578 1025 1656 superficie
1059 1578 1171 1640 Terrae
1203 1580 1232 1641 in
1266 1583 1366 1643 media

403 1662 508 1725 umbra
520 1663 635 1726 Lunae.
672 1662 843 1744 Ejiciantur
859 1663 918 1725 GK
934 1667 1110 1745 contingens
1130 1668 1233 1729 orbem
1248 1669 1363 1742 Lunae,

404 1761 434 1813 et
457 1750 535 1812 GHI
562 1753 714 1813 remotior.
763 1750 838 1814 Cum
871 1773 943 1834 ergo
972 1756 1000 1816 in
1027 1753 1057 1816 G
1090 1758 1225 1836 conspici
1256 1759 1364 1838 possit,

403 1840 543 1921 quicquid
575 1850 624 1903 est
656 1841 809 1903 aetheriae
843 1844 1032 1905 substantiae
1064 1847 1146 1907 ultra
1169 1846 1230 1907 ΚΑ
1259 1866 1365 1909 versus

402 1929 461 2002 ΙΗ,
485 1929 656 1991 illustretur
685 1950 756 1991 vero
785 1952 803 1990 a
827 1929 914 2006 Sole,
946 1933 1085 2013 quicquid
1114 1944 1163 1995 est
1196 1937 1276 1997 ultra
1300 1934 1363 2011 OE,

402 2036 474 2097 ergo
497 2018 649 2080 videbitur
669 2038 706 2079 ex
723 2017 753 2079 G
776 2020 888 2099 aliquid
904 2041 923 2081 a
937 2018 1010 2083 Sole
1034 2022 1227 2084 illustratum.
1262 2022 1364 2093 Quare

403 2107 440 2181 (Ι,
466 2102 526 2181 23)
551 2108 817 2169 communicabitur
842 2109 887 2170 illi
911 2111 1101 2172 substantiae
1131 2113 1222 2191 (quae
1243 2112 1364 2192 ponitur

401 2214 467 2259 esse
491 2196 604 2259 coloris
627 2197 761 2259 nonnihil
785 2198 955 2277 particeps)
981 2199 1094 2281 aliquid
1118 2202 1155 2261 de
1181 2202 1245 2262 luce
1270 2200 1362 2275 Solis,

400 2285 489 2365 idque
513 2285 647 2347 radiabit
670 2286 699 2347 in
723 2287 843 2366 plagam
868 2309 887 2348 a
910 2287 993 2350 Sole.
1033 2286 1119 2358 Quae
1144 2308 1215 2369 ergo
1239 2289 1361 2350 suntin

400 2374 501 2455 spatio
525 2374 586 2436 ΚΑ
618 2375 801 2454 particulae,
836 2375 941 2437 fortius
976 2377 1139 2441 radiabunt
1165 2378 1194 2439 in
1221 2376 1250 2439 G
1275 2397 1362 2458 quarn

399 2482 475 2543 quae
509 2470 582 2525 sunt
613 2464 644 2525 in
678 2464 778 2542 spatio
811 2465 872 2538 Ill,
905 2466 976 2545 quia
1012 2467 1083 2529 illae
1121 2466 1259 2528 rectioris
1292 2476 1363 2529 sunt

399 2551 577 2613 radiationis
617 2562 648 2613 et
686 2553 744 2632 ipsi
775 2551 828 2613 ΟΕ
860 2554 1023 2616 radiationi
1054 2554 1155 2617 Solari
1186 2555 1343 2635 propiores
1351 2575 1361 2630 ;

399 2639 474 2704 luc
499 2659 571 2701 vero
594 2640 741 2722 obliquior
765 2649 814 2702 est
836 2643 875 2704 ad
900 2641 964 2704 ΟΕ.

487 2727 606 2801 Quodsi
629 2750 705 2810 quae
726 2729 851 2793 Clavius
877 2732 905 2793 iu
930 2733 1036 2812 eclipsi
1062 2729 1245 2796 anni1567.
1274 2731 1359 2807 vidit,

398 2840 435 2883 ea
462 2819 587 2881 exboc
616 2839 726 2898 genere
757 2821 925 2883 allectionis
958 2830 1043 2883 sunt:
1077 2841 1203 2884 necesse
1233 2829 1295 2894 est,
1329 2830 1361 2882 et

398 2908 506 2972 Clario
521 2927 606 2970 suum
621 2908 744 2970 limbum
761 2908 891 2971 lucidum
916 2910 1061 2990 paulatim
1081 2930 1187 2973 versus
1208 2909 1361 2971 exteriora

397 2998 568 3061 dilatiorem
591 2998 688 3061 visum
712 3017 795 3073 esse,
819 3018 874 3060 nec
898 2999 1048 3080 exquisito
1073 3000 1202 3063 termino
1227 2999 1359 3062 exterius
1491 3030 1512 3071 1
1544 3026 1561 3068 a
1607 3030 1626 3075 ι

400 3105 558 3167 rnsrgnem.

488 3172 598 3247 Quidsi
628 3193 698 3238 vero
728 3174 853 3238 Clarius
877 3184 909 3237 et
932 3176 988 3239 hoc
1011 3185 1114 3256 neget,
1138 3174 1306 3257 videritque
1329 3175 1418 3255 plane
1442 3174 1571 3237 recisam
1597 3181 1628 3234 et
1652 3173 1756 3234 deter·
1795 3191 1800 3203 ¹

400 3265 547 3328 minatam
571 3264 647 3327 lucis
671 3266 822 3343 speciem?
846 3265 925 3327 Num
948 3265 1040 3327 etiam
1064 3266 1093 3327 in
1117 3265 1196 3326 hunc
1219 3272 1359 3328 eventum
1383 3264 1483 3344 parati
1508 3262 1633 3325 sumus?
1668 3261 1758 3325 Enim

399 3373 470 3417 vero
496 3353 522 3415 si
545 3354 602 3414 hoc
625 3354 780 3415 verissime
805 3354 903 3415 dicere
922 3356 1021 3433 possit
1038 3353 1181 3427 Clarius5
1206 3362 1268 3415 tum
1296 3355 1413 3416 demum
1436 3361 1469 3415 et
1493 3352 1589 3414 visum
1614 3370 1680 3413 esse
1698 3348 1756 3432 ipsi

400 3443 503 3507 Solem
527 3442 624 3521 ipsum
650 3442 732 3505 circa
762 3444 878 3504 Lunam
907 3444 1084 3519 concedam,
1109 3451 1141 3505 et
1165 3462 1274 3505 causas
1297 3443 1394 3522 magis
1419 3443 1548 3505 fortasse
1572 3442 1756 3522 geometrice

400 3551 489 3612 quam
522 3532 669 3619 hactenus
709 3532 882 3611 assignabo.
938 3533 1077 3607 Etenim,
1112 3532 1183 3613 quia
1216 3551 1309 3614 supra
1341 3531 1439 3612 capite
1468 3532 1530 3604 VI,
1560 3530 1634 3595 Nro.
1660 3526 1690 3594 9.
1721 3549 1756 3593 eo

400 3621 545 3684 audaciae
570 3639 635 3683 cum
659 3620 821 3683 Plutarcho
850 3622 1066 3699 processimus,
1101 3629 1134 3681 nt
1162 3621 1229 3682 ausi
1257 3620 1399 3684 fuerimus
1423 3621 1528 3683 Lunae
1557 3619 1756 3694 continentes,

400 3712 506 3785 maria,
530 3718 649 3771 montes
670 3719 701 3772 et
720 3710 816 3770 valles
835 3710 995 3784 ascribere,
1021 3710 1124 3789 quales
1143 3710 1220 3771 haec
1239 3718 1343 3772 nostra
1358 3709 1460 3771 Tellus
1479 3708 1588 3771 babet:
1614 3716 1757 3787 quantum

400 3806 553 3879 superest,
588 3806 622 3860 ut
645 3807 676 3860 et
700 3805 800 3860 adrem
824 3799 928 3859 Lunae
962 3798 1248 3874 circumfundamus,
1283 3798 1378 3879 qualis
1402 3797 1470 3859 huic
1497 3807 1620 3859 nostrae
1643 3796 1755 3859 Terrae

400 3887 597 3950 circumfusus
621 3888 693 3948 est?
730 3888 813 3949 Tunc
844 3887 939 3963 enirn,
973 3907 1028 3950 nec
1052 3888 1083 3949 id
1115 3896 1215 3949 tamen
1249 3886 1370 3960 crebro,
1394 3886 1447 3948 fiet
1469 3885 1518 3960 id,
1553 3885 1630 3965 quod
1664 3904 1756 3965 supra

399 3977 499 4056 capite
514 3976 586 4037 Vll.
610 3976 683 4038 Nro.
705 3972 735 4038 5.
761 3977 798 4037 de
822 3977 971 4039 Terrestri
996 3984 1066 4037 abre
1090 3975 1370 4047 demonstravimus,
1394 3983 1428 4037 ut
1450 3974 1526 4037 radii
1547 3975 1584 4036 ab
1609 3974 1755 4036 extremi-

357 4113 359 4120 .
400 4066 514 4126 tatibus
543 4062 624 4125 Solis
655 4065 834 4126 accedentes
864 4065 984 4128 Lunare
1009 4084 1116 4144 corpus
1147 4066 1285 4127 anfractu
1309 4064 1452 4145 quodam,
1476 4083 1530 4144 per
1557 4062 1755 4125 refractiones

399 4152 565 4215 inLunari
589 4159 673 4229 abre,
699 4154 895 4230 circumeant,
921 4156 1022 4236 sicque
1046 4154 1086 4215 ad
1109 4154 1207 4215 visum
1230 4162 1364 4215 nostrum
1388 4153 1524 4215 breviore
1549 4170 1623 4215 cono
1647 4152 1754 4214 termi-

398 4250 515 4304 nentur.
562 4242 605 4314 Ut
628 4241 658 4302 in
682 4231 839 4305 schemat!
859 4237 912 4320 95,
937 4245 962 4306 si
986 4243 1089 4305 oculus
1113 4241 1192 4304 inter
1214 4267 1241 4325 χ,
1266 4265 1290 4303 ro
1313 4249 1426 4322 puncta
1450 4241 1641 4303 consisteret.
1687 4242 1754 4303 Hoc

398 4330 500 4411 itaque
523 4338 614 4411 pacto
637 4350 696 4394 non
714 4332 819 4392 Lunae
844 4331 990 4394 diameter
1008 4333 1092 4413 justo
1116 4331 1222 4409 minor,
1247 4331 1301 4392 sed
1320 4330 1401 4393 Solis
1425 4330 1571 4392 diameter
1594 4340 1755 4411 appareret

393 4419 478 4499 justo
501 4419 607 4498 maJor.

485 4508 553 4569 Hoc
576 4508 673 4587 ipsum
697 4508 815 4589 quidem
838 4509 909 4569 milri
939 4509 1108 4588 suggessit,
1133 4526 1192 4569 nno
1215 4508 1323 4581 verbo,
1348 4525 1476 4586 magnus
1505 4505 1625 4586 quidam
1648 4505 1755 4569 harum

398 4596 508 4659 artium
527 4598 635 4671 fautor,
663 4607 766 4671 ,videri
786 4616 882 4677 partes
899 4609 996 4662 Lunae
1017 4612 1158 4661 extremas
1179 4606 1363 4676 pellucidas.“
1378 4603 1413 4672 ¹⁹)
1452 4594 1496 4657 At
1510 4613 1568 4655 non
1583 4593 1627 4655 ita
1646 4594 1754 4657 leviter

398 4686 519 4748 defendi
543 4686 598 4747 boc
621 4687 733 4766 potuit,
765 4705 853 4765 quam
878 4687 967 4748 facile
991 4685 1107 4747 dicitur.
1155 4684 1235 4746 Nam
1263 4685 1334 4765 quid
1361 4684 1452 4764 juvat
1483 4681 1650 4763 pellucidae
1673 4701 1752 4757 essu,

398 4775 423 4837 si
447 4775 581 4837 densiori
605 4783 676 4836 sunt
708 4775 899 4850 substantia,
930 4793 1019 4855 qnam
1043 4792 1118 4835 aura
1141 4773 1303 4848 aetherea,
1333 4780 1366 4834 et
1387 4773 1476 4834 Luna
1498 4771 1650 4833 rotunda?
1686 4770 1753 4833 Hoc

398 4864 475 4926 enirn
500 4864 527 4926 si
550 4865 612 4938 fiat,
637 4883 695 4925 non
720 4865 865 4926 directum
889 4864 982 4926 radiis
1006 4861 1164 4925 Solaribus
1188 4861 1246 4923 iter
1270 4869 1331 4936 est,
1356 4880 1412 4923 nec
1435 4861 1500 4923 sine
1523 4860 1677 4922 schemate
1701 4858 1753 4921 illo

399 4948 450 5015 95.
475 4954 634 5035 quicquam
658 4953 733 5015 certi
756 4953 958 5015 demonstrari
980 4959 1093 5033 potest.
1131 4951 1296 5013 Praeterea
1319 4948 1423 5030 quaeri
1446 4955 1561 5030 posset,
1585 4946 1612 5009 si
1634 4966 1754 5028 semper

398 5042 458 5104 sint
487 5042 640 5123 pellucida
671 5052 807 5105 extrema
830 5043 950 5117 Lunae,
980 5060 1032 5103 cur
1055 5059 1112 5102 uon
1136 5057 1257 5118 semper
1288 5037 1416 5100 circulus
1440 5037 1477 5098 de
1501 5035 1573 5099 Sole
1597 5035 1753 5118 supersit?

398 5129 479 5194 Malo
510 5131 613 5213 itaque
636 5130 740 5193 Lunae
771 5137 874 5193 adrem
905 5130 1053 5206 tribuere,
1084 5146 1145 5192 nou
1168 5126 1251 5193 alae
1274 5124 1505 5210 profunditatis,
1537 5132 1572 5187 ut
1592 5124 1752 5197 interdurn.
