4584 6192
467 609 512 678 ὦ
885 612 1391 676 umxepterianmquume

467 789 545 851 ortu
566 788 727 869 oculosque
751 787 865 866 ingenti
887 785 1037 846 claritatis
1061 786 1220 847 latitudine
1250 801 1393 865 occupat,
1417 801 1532 846 utnon
1561 788 1725 848 attendant
1750 807 1825 867 par-

467 898 537 939 rum
554 887 681 956 aspectu
704 875 909 954 corpusculum
934 875 1047 934 Lunae.
1086 875 1221 936 Indidem
1236 891 1267 936 et
1283 876 1486 953 tranquillitas
1507 874 1623 936 Oceani
1643 896 1698 937 seu
1719 877 1828 955 poium

469 986 541 1030 esse
563 965 674 1045 potuit.
720 965 799 1026 Nam
821 964 902 1023 circa
926 964 993 1023 illos
1016 962 1081 1022 dies
1111 964 1185 1023 nulli
1215 964 1304 1043 plane
1333 964 1451 1024 fuerunt
1483 975 1627 1043 aspectus
1660 971 1764 1025 aerem
1794 973 1829 1025 et

470 1054 568 1116 maria
589 1054 781 1132 instigantes.
827 1052 910 1111 Tunc
933 1070 1064 1110 oceanus
1086 1063 1234 1129 stagnans
1258 1052 1359 1112 radios
1375 1051 1457 1112 Solis
1481 1051 1580 1112 instar
1602 1052 1718 1131 speculi
1740 1061 1829 1115 recta

469 1162 590 1205 sursunt
614 1143 653 1202 ad
677 1143 792 1203 Lonam
815 1140 996 1218 repercussit
1020 1139 1192 1200 fortissime.
1231 1142 1295 1200 Ful.
1315 1138 1380 1201 257
1409 1141 1523 1200 omissa
1551 1149 1598 1201 est
1623 1143 1698 1201 haec
1721 1160 1827 1214 cansa,

469 1229 675 1311 tranquillitas
698 1227 812 1291 Oceani
836 1238 869 1286 et
891 1228 1058 1306 specularis
1082 1228 1295 1308 aequabilitas,
1328 1248 1382 1308 pro
1407 1248 1466 1307 qua
1488 1229 1550 1289 alia
1573 1230 1685 1307 posita
1719 1248 1828 1309 nempe

467 1320 599 1382 altitudo
614 1319 672 1379 loci
686 1337 739 1378 seu
757 1316 898 1395 speculae
913 1336 1002 1395 supra
1021 1336 1156 1377 crassam
1172 1318 1250 1377 aeris
1271 1320 1395 1389 faecem,
1415 1337 1491 1396 quae
1514 1317 1617 1377 nescio
1636 1338 1676 1378 au
1695 1317 1829 1390 ibidem

468 1408 518 1468 hic
540 1405 645 1468 nullibi
671 1416 753 1466 certe
776 1404 893 1483 puritas
917 1406 1005 1466 aeris.
1052 1404 1093 1464 Et
1116 1420 1204 1484 puto,
1238 1425 1274 1464 ex
1299 1407 1366 1483 ipsa
1398 1406 1529 1483 regionis
1562 1406 1710 1467 felicitate
1734 1413 1829 1486 atque

468 1496 624 1567 ubertate,
649 1505 682 1554 ut
706 1504 737 1554 et
755 1494 793 1554 de
809 1490 952 1565 Graecia,
977 1494 1113 1553 concludi
1135 1513 1226 1574 posse
1249 1495 1396 1572 puriorem
1421 1494 1481 1554 illic
1504 1513 1572 1553 csse
1596 1501 1713 1566 aerem,
1738 1513 1830 1574 quarn

468 1584 517 1646 lric
540 1582 570 1644 in
595 1581 769 1643 Germania.

557 1670 683 1732 hiemini
724 1689 770 1730 me
812 1668 842 1729 iu
874 1667 1030 1747 Scaliger«)
1065 1669 1193 1747 legisse,
1226 1669 1413 1729 ‹occidentale
1441 1670 1512 1729 litus
1544 1669 1669 1731 Africae
1708 1670 1830 1751 (quidni

469 1758 650 1838 Hispaniae)
683 1760 765 1819 nulla
798 1757 909 1818 tentari
941 1769 1046 1835 parte,
1076 1758 1155 1836 quod
1183 1777 1298 1819 mrsum
1329 1768 1377 1818 est
1410 1757 1551 1836 puritatis
1584 1759 1714 1837 siguum.
1762 1758 1829 1820 Sed

469 1847 577 1927 inquis,
603 1847 660 1908 hae
684 1865 795 1906 causae
819 1865 936 1923 semper
959 1859 1038 1920 suut,
1063 1865 1115 1907 cur
1139 1865 1210 1925 ergo
1230 1866 1287 1908 non
1311 1846 1433 1925 saepius
1453 1847 1571 1907 ridetur
1585 1847 1673 1907 Luna
1696 1847 1726 1907 iu
1751 1866 1829 1909 cuu-

463 1935 645 2012 jnuctinue?
669 1932 749 2005 Quia
764 1953 832 1995 raro
851 1934 1022 2013 conjunctio
1045 1934 1150 1995 incidit
1164 1935 1194 1995 iu
1213 1935 1377 2008 meridiem,
1397 1945 1429 1994 ut
1444 1955 1480 1993 er
1502 1936 1565 1997 alto
1587 1936 1685 2014 possit
1708 1936 1829 2015 inspici.

468 2025 532 2086 imo
555 2042 627 2085 reru
651 2042 706 2084 nec
729 2042 848 2102 semper
865 2033 953 2083 tauta
971 2032 1019 2084 est
1043 2023 1246 2102 tranquillitas
1267 2024 1357 2083 aeris.
1396 2024 1492 2082 Multa
1511 2024 1612 2102 itaque
1636 2035 1830 2099 concurrunt,

468 2132 548 2193 quae
572 2132 631 2174 nun
661 2112 784 2190 saepius
812 2112 856 2171 ita
879 2122 1066 2172 concurrunt.
1114 2113 1258 2173 Fortasse
1292 2122 1393 2172 umen
1428 2112 1548 2193 saepius
1582 2121 1769 2184 cerneretur,
1803 2113 1830 2175 si

468 2200 580 2263 attenti
613 2209 718 2261 essent
750 2200 896 2260 homiues.
947 2199 1051 2279 Negas
1081 2202 1178 2260 lumen
1210 2224 1227 2260 a
1252 2203 1346 2260 Terra
1376 2201 1599 2262 reverberatum
1633 2200 1764 2262 militare
1800 2202 1829 2262 iu

468 2289 677 2370 phaenomeuo
692 2288 796 2349 Lunae
811 2289 902 2366 juxta
917 2287 1030 2360 Solem,
1055 2289 1133 2368 quod
1153 2290 1281 2350 militare
1296 2288 1436 2349 concedis
1452 2288 1479 2347 in
1501 2289 1707 2367 phaenomeuo
1722 2289 1830 2351 Lunae

472 2377 528 2439 sub
552 2377 642 2451 Sole,
676 2377 807 2456 tegentis
831 2375 943 2436 Solem.
990 2377 1063 2436 Plus
1093 2377 1211 2455 iuquam
1242 2379 1301 2438 illie
1332 2377 1441 2437 militat
1471 2396 1559 2455 quam
1592 2377 1650 2438 hic.
1702 2376 1831 2447 Quare?

468 2463 549 2536 Quia
579 2483 647 2527 cum
674 2464 761 2525 Luna
789 2462 890 2525 Solem
924 2465 1010 2544 tegit,
1045 2466 1140 2525 Terra
1169 2485 1226 2526 uon
1251 2477 1298 2526 est
1332 2478 1395 2525 tam
1418 2465 1516 2539 clara,
1542 2477 1647 2545 utpote
1676 2475 1829 2547 exparte

470 2573 525 2633 per
549 2554 665 2615 Lunam
690 2552 854 2631 eclipsata,
888 2553 942 2614 sed
967 2564 1066 2615 tamen
1091 2562 1193 2632 potest
1227 2556 1378 2616 illustrare
1405 2563 1522 2632 partem
1555 2555 1659 2615 Lunae
1684 2555 1829 2616 tenebro-

470 2662 546 2704 sam.
599 2642 697 2702 hinlto
729 2643 826 2720 magis
860 2641 951 2719 igitur
983 2642 1076 2702 Terra
1106 2644 1196 2720 plena
1228 2645 1292 2704 luce
1326 2644 1425 2703 fruens
1456 2644 1569 2720 poterit
1602 2643 1706 2703 Lunae
1740 2652 1829 2704 teue-

469 2732 591 2792 brosnm
609 2729 861 2810 hemisphaerium
879 2729 1041 2791 illustrare.
1080 2730 1119 2790 Et
1137 2742 1252 2792 certum
1273 2741 1330 2803 est,
1350 2731 1500 2791 illustrare
1521 2732 1629 2791 saltem
1649 2732 1680 2792 in
1697 2740 1829 2806 tautum,

470 2826 504 2881 ut
527 2818 602 2880 haec
626 2818 789 2880 illustratio
813 2828 884 2897 post
907 2817 987 2879 Solis
1011 2839 1150 2886 occasum
1176 2821 1441 2882 animadvertatur.
1487 2820 1708 2881 Tantummodo
1733 2840 1829 2900 quae·

469 2909 553 2976 citur,
579 2927 617 2968 au
641 2907 733 2968 etiam
757 2908 786 2968 iu
819 2916 936 2968 tantum
961 2908 1059 2987 possit
1089 2909 1256 2984 illustrare,
1281 2923 1313 2969 ut
1343 2908 1504 2968 illustratio
1529 2909 1637 2968 dedic
1667 2910 1831 2971 cernatur?

558 2998 661 3075 Atque
685 2996 761 3056 haec
785 2996 822 3055 de
845 2996 902 3057 hac
927 2996 1114 3076 quaestione.

560 3086 653 3146 Porro
687 3092 719 3145 et
752 3085 789 3144 de
815 3082 972 3163 Cuperuici
1006 3086 1224 3165 hypothesibus
1256 3087 1372 3165 quaerit
1396 3086 1500 3164 Magn.
1525 3085 1589 3144 'lua
1619 3093 1651 3145 et
1683 3084 1831 3148 delectari

472 3174 606 3247 ridetur,
638 3192 686 3233 me
711 3172 739 3232 iu
773 3174 927 3234 sententia
954 3193 1084 3235 manere.
1131 3173 1257 3244 Quaerit
1292 3175 1383 3253 igitur
1413 3174 1638 3252 perhumaniter
1660 3175 1697 3236 de
1731 3175 1834 3237 causis

471 3262 605 3342 physicis
630 3272 661 3321 et
685 3260 919 3328 mathematicis,
944 3262 1051 3341 quibus
1076 3263 1222 3325 movear?
1259 3263 1324 3341 Ego
1349 3263 1468 3342 quidem
1497 3262 1575 3322 haud
1600 3263 1749 3340 grauatim
1775 3265 1833 3325 de-

472 3368 576 3428 promo
596 3369 665 3410 mea
689 3359 866 3428 argumenta
889 3352 937 3412 rel
962 3359 1066 3411 contra
1091 3352 1228 3424 hostem;
1261 3363 1377 3412 tantum
1408 3351 1493 3412 abest
1519 3359 1551 3412 ut
1576 3352 1732 3414 blanditiis
1756 3371 1833 3433 opus

472 3436 610 3511 lrabeam,
635 3456 731 3516 neque
756 3457 865 3517 sequor
889 3440 1013 3500 multum
1030 3439 1098 3499 illos
1113 3441 1219 3518 quihus
1240 3442 1267 3501 iu
1288 3460 1337 3501 ore
1356 3449 1421 3499 est:
1449 3440 1518 3512 ,odi
1542 3440 1698 3518 profanum
1723 3442 1832 3520 uulgus

471 3535 500 3587 et
518 3529 638 3598 arceo“,
665 3527 735 3587 item
756 3527 827 3587 illud
852 3528 1061 3589 chinricurum:
1089 3529 1226 3600 ,nonnisi
1251 3529 1319 3589 tiliis
1343 3527 1530 3607 sapientiae·
1547 3529 1610 3601 hc,
1636 3530 1705 3607 quin
1731 3530 1832 3609 potius

472 3615 626 3675 ultroneus
651 3624 682 3674 et
706 3614 892 3694 importunus
917 3617 1203 3697 intempestiuusque
1227 3618 1323 3678 adsim
1348 3617 1505 3696 perpetim.

559 3702 604 3763 Tu
629 3704 759 3764 fortasse
784 3704 920 3778 miraris,
956 3705 1018 3766 lieri
1050 3724 1141 3784 posse
1165 3715 1198 3766 ut
1221 3705 1408 3784 Cupernicus
1441 3705 1550 3766 homiui
1582 3705 1776 3768 considerato
1801 3719 1833 3768 et

471 3790 589 3853 modice
613 3790 770 3870 ingenioso
794 3793 945 3871 probetur.
984 3793 1049 3872 Ego
1074 3814 1144 3857 rero
1169 3795 1227 3872 ajo,
1253 3795 1344 3856 nihil
1369 3814 1449 3854 esse
1473 3814 1536 3874 per
1559 3796 1830 3857 omuesscien-

469 3880 563 3955 tias,
589 3882 687 3960 quod
711 3900 762 3941 me
788 3882 969 3961 impediat
993 3883 1058 3944 hoc
1091 3883 1333 3944 sentientem:
1368 3882 1472 3955 nihil,
1508 3882 1599 3963 quod
1625 3884 1685 3943 uel
1716 3883 1830 3946 ieris-

468 3970 561 4031 sime
587 3989 638 4030 me
661 3968 884 4031 absterreat
908 3971 1036 4032 abhuc
1057 3982 1187 4051 aperta
1211 3972 1427 4033 sententiae
1453 3991 1553 4033 meae
1577 3972 1829 4050 professione,

467 4070 625 4137 practer
661 4058 807 4119 unicam
845 4061 1120 4121 auctoritatem
1159 4059 1371 4133 Sacrorum,
1410 4081 1428 4119 a
1470 4059 1689 4140 quibusdam
1734 4063 1831 4123 male

468 4149 667 4210 detortam.

558 4235 607 4296 Ab
630 4236 687 4296 hac
711 4235 803 4315 igitur
826 4235 976 4313 incipiam.
1015 4236 1092 4296 Puto
1117 4236 1217 4314 igitur,
1242 4236 1350 4298 debere
1370 4257 1425 4298 uos
1450 4237 1598 4315 respicere
1618 4237 1657 4297 ad
1681 4236 1831 4301 intentum

468 4323 618 4384 homiuum
644 4324 750 4405 spiritu
774 4323 832 4385 Dei
857 4324 1089 4404 inspiratorum:
1115 4325 1163 4404 qui
1189 4326 1324 4405 nuspiam
1345 4326 1401 4387 hoc
1425 4332 1559 4404 egerunt,
1584 4334 1616 4386 ut
1638 4324 1776 4386 homiues
1801 4329 1830 4390 iu

468 4411 557 4473 rebus
594 4414 784 4475 naturalibus
818 4412 989 4484 erudirent,
1024 4421 1235 4495 praeterquam
1269 4415 1297 4475 in
1331 4414 1424 4494 primu
1458 4414 1557 4492 capite
1583 4412 1758 4489 Geneseos,
1793 4417 1831 4477 de

468 4504 690 4579 supranaturali
717 4521 813 4563 rerum
839 4508 916 4562 ortu.
965 4499 1116 4575 Ceterum,
1142 4513 1175 4564 ut
1198 4503 1307 4581 linguis
1337 4502 1460 4564 cuilibet
1483 4502 1565 4582 genti
1589 4503 1667 4563 uotis
1692 4509 1829 4578 utuntur,

467 4607 524 4650 unu
564 4588 732 4669 linguarum
768 4591 821 4650 sed
862 4590 1050 4668 colloquendi
1088 4593 1329 4671 sententiamque
1364 4591 1601 4653 communicandi
1638 4610 1749 4667 causa,
1785 4594 1831 4655 ita

467 4685 591 4740 utuntur
614 4679 652 4739 ad
680 4680 758 4741 idern
782 4679 929 4739 intentum
950 4678 1042 4739 etiam
1066 4682 1262 4760 conceptibus
1287 4681 1435 4741 homiuum
1456 4680 1492 4739 de
1512 4679 1601 4741 rebus
1626 4680 1828 4744 naturalibus.

466 4764 686 4830 Stultissimum
711 4786 815 4845 nempe
841 4775 889 4826 est
911 4768 1104 4846 postulatum,
1132 4781 1164 4829 ut
1188 4771 1297 4831 doceat
1320 4790 1374 4830 nos
1394 4769 1476 4828 Deus
1501 4768 1529 4828 iu
1548 4767 1662 4843 Sacris,
1686 4770 1830 4848 planetus

466 4873 523 4914 uon
547 4846 633 4917 staie
658 4864 710 4917 aut
733 4855 934 4927 retrocedere,
959 4856 985 4917 si
1002 4875 1072 4917 vere
1090 4878 1147 4919 nou
1173 4866 1257 4919 stant
1276 4867 1329 4919 aut
1351 4858 1554 4927 retrocedunt,
1579 4866 1632 4917 aut
1651 4864 1684 4918 ut
1707 4858 1830 4935 penitus

466 4942 538 5004 nihil
563 4943 731 5008 homiuibus
756 4944 873 5004 dehoc
901 4945 1106 5024 phaenomeno
1141 4948 1287 5027 loquatur.
1334 4948 1412 5009 Nam
1437 4946 1495 5006 etsi
1525 4947 1654 5006 futurum
1681 4955 1770 5027 puto,
1797 4959 1830 5009 ut

466 5031 594 5094 muudus
626 5035 788 5096 ueritatem
821 5032 917 5113 magis
950 5035 1104 5116 magisque
1138 5044 1287 5115 agnoscat
1317 5038 1366 5101 (ut
1394 5034 1531 5113 exemplo
1561 5035 1599 5094 de
1633 5033 1828 5113 antipodibus

466 5117 639 5188 didicimus)
673 5122 853 5202 tandemque
883 5124 1080 5188 communiter
1112 5124 1260 5187 stationes
1292 5126 1479 5204 planetarum
1509 5122 1537 5183 iu
1568 5123 1680 5185 Terrae
1713 5133 1827 5188 motum
