4584 6192
566 605 629 672 154
1025 605 1217 669 ammom
1234 609 1260 655 a
1279 605 1444 655 romu.

653 786 766 846 Verum
790 785 838 860 hic
863 802 970 863 operae
1002 783 1129 861 pretium
1154 797 1201 841 est
1224 781 1340 844 sidere.
1374 797 1517 861 quantum
1551 782 1774 843 incommodum
1804 783 1921 846 habeat

565 872 705 952 ignorata
727 873 920 934 theorematis
943 871 1167 931 demonstratio.
1204 870 1288 928 Haec
1308 871 1469 930 enimcum
1494 885 1633 931 auctores
1653 870 1772 950 aliquos
1795 872 1919 951 fugerit,

564 961 764 1034 factumest,
793 975 827 1020 ut
857 960 1034 1020 theoremati
1059 959 1123 1018 sine
1154 958 1331 1017 limitatione
1364 959 1522 1018 credentes
1546 959 1575 1019 in
1609 977 1754 1038 magnum
1786 978 1921 1023 errorem

566 1048 733 1109 inciderint.
770 1048 888 1109 Etenim
911 1061 1055 1126 quotquot
1078 1047 1133 1106 hoc
1149 1047 1236 1105 modo
1260 1046 1438 1106 observatae
1454 1063 1524 1106 sunt
1548 1047 1688 1127 eclipses,
1714 1067 1824 1109 omues
1849 1050 1920 1111 illae

566 1135 659 1196 multo
677 1137 805 1215 majores
820 1136 848 1194 in
867 1137 950 1196 coelo
973 1149 1145 1204 evenerunt,
1171 1153 1257 1211 quam
1282 1137 1421 1212 apparuit
1439 1136 1466 1193 iu
1486 1136 1580 1198 radio.
1606 1155 1711 1195 omnes
1736 1137 1921 1200 diametrum

564 1223 665 1283 Lunae
689 1226 718 1285 in
742 1225 825 1285 coelo
848 1223 939 1283 multo
962 1225 1103 1300 majorem
1127 1221 1333 1294 exhibuerunt,
1359 1242 1446 1300 quam
1467 1223 1496 1282 in
1520 1224 1617 1283 radio.
1656 1223 1737 1284 Hinc
1753 1234 1814 1298 est,
1841 1227 1921 1306 quod

564 1310 693 1389 phoenix
716 1313 766 1373 ille
794 1324 1044 1382 astronomorum,
1069 1309 1171 1389 Tycha
1195 1309 1312 1378 Bmhe,
1343 1311 1536 1370 mirabundus
1561 1312 1590 1370 in
1621 1312 1679 1372 has
1708 1325 1840 1374 coactus
1865 1316 1921 1376 fuit

561 1400 728 1478 angustias,
752 1410 785 1460 ut
807 1401 984 1460 diametrum
1008 1399 1111 1458 Lunae
1135 1397 1239 1474 quinta
1264 1417 1381 1476 semper
1404 1415 1490 1476 parte
1516 1401 1660 1459 minorem
1685 1420 1757 1461 esse
1781 1420 1920 1482 pronun-

562 1485 725 1549 clarentio
743 1487 1011 1567 conjunctionibus,
1036 1503 1122 1564 quam
1142 1501 1269 1562 apparet
1289 1485 1317 1543 in
1338 1487 1587 1562 oppositionibus,
1613 1490 1753 1567 quamvis
1779 1492 1921 1571 utrinque

560 1593 653 1653 aeque
676 1577 803 1638 anobis
827 1576 917 1636 absit.
963 1575 1030 1637 Xon
1055 1590 1155 1633 tamen
1179 1573 1321 1649 negarim.
1346 1574 1423 1632 alias
1447 1575 1539 1635 etiam
1564 1576 1691 1635 subesse
1716 1597 1843 1653 causas,
1868 1599 1921 1641 cur

561 1679 666 1723 revera
696 1665 829 1725 nonnihil
862 1663 958 1723 minor
994 1677 1139 1741 appareat
1173 1660 1276 1719 Lunae
1317 1661 1463 1722 diameter
1496 1663 1524 1721 in
1563 1665 1851 1743 conjunctionibus,
1884 1669 1921 1728 dc

558 1750 664 1830 quibus
686 1753 774 1814 infra.

645 1850 761 1910 Tantas
784 1848 994 1917 difficultates,
1024 1865 1100 1924 quae
1128 1845 1242 1904 aditum
1265 1845 1350 1905 ncbis
1374 1845 1413 1903 ad
1437 1846 1594 1923 eclipsium
1625 1851 1867 1927 praescientiam
1892 1863 1921 1913 et

560 1936 598 1996 ad
621 1947 761 2000 exactam
788 1947 888 1999 motus
914 1936 1019 1996 Lunae
1051 1933 1273 1992 restitutionem
1305 1933 1475 2005 obvallant,
1509 1953 1598 2012 spero
1628 1956 1675 1996 me
1705 1938 1755 1999 his
1786 1941 1920 2020 pagellis

557 2026 663 2086 toliere
696 2024 953 2088 demonstratione
986 2022 1183 2083 theorematis
1216 2020 1355 2098 expedita
1388 2037 1417 2079 et
1452 2024 1567 2099 apertis
1602 2043 1738 2086 errorum
1773 2029 1919 2102 fontibus,

557 2113 606 2192 qui
630 2116 701 2177 mihi
726 2135 763 2176 ex
787 2126 931 2175 accurata
961 2110 1200 2172 consideratione
1231 2108 1351 2189 deliquii
1377 2107 1494 2170 Solaris
1518 2113 1596 2191 quod
1622 2133 1701 2174 anno
1732 2111 1822 2179 1600
1846 2137 1919 2180 con·

558 2201 638 2281 tigit,
662 2223 730 2264 sese
754 2201 982 2282 conspiciendos
1006 2198 1211 2258 exhibuerunt.

644 2303 836 2357 Definitio.
878 2302 909 2355 in
929 2316 985 2353 una
1016 2297 1159 2366 superficie
1190 2296 1298 2347 lucente
1324 2312 1385 2346 esse
1415 2297 1542 2349 dicuntur
1572 2300 1664 2351 omnia
1692 2304 1739 2354 rei
1768 2307 1920 2360 earundem

556 2398 621 2435 rere
646 2385 690 2435 rel
719 2384 890 2437 diversarum
920 2378 1124 2448 superficierum
1151 2389 1268 2444 puncta,
1294 2390 1311 2426 a
1333 2375 1430 2443 quibus
1459 2378 1494 2427 ad
1524 2394 1608 2430 unum
1637 2380 1752 2450 aliquod
1784 2395 1920 2441 romonum

556 2471 686 2531 punctum
706 2464 798 2517 lineae
818 2470 913 2515 rectae
933 2459 995 2513 duci
1017 2469 1145 2526 possunt,
1174 2454 1317 2523 pyramida
1346 2455 1493 2516 facientes,
1523 2467 1676 2525 propterea
1698 2465 1773 2530 quod
1795 2465 1919 2535 pyramis

554 2542 606 2596 illa
626 2543 846 2612 perpendiculari
867 2542 951 2610 plano
972 2538 1052 2591 unico
1073 2535 1162 2587 secari
1184 2534 1358 2602 intelligitur.

643 2622 815 2676 Petatur:
837 2622 923 2674 Binas
943 2637 981 2672 ex
1001 2618 1097 2670 eodem
1118 2615 1227 2667 tumme
1249 2627 1349 2680 punctu
1375 2627 1451 2665 onas
1481 2615 1569 2667 lineas
1599 2617 1838 2684 illuminatoria.
1867 2626 1920 2678 etti

555 2716 655 2754 resera
676 2713 838 2755 concurrant
860 2702 888 2754 iu
908 2701 961 2753 hac
989 2713 1040 2750 sua
1062 2695 1184 2764 origine,
1212 2693 1233 2743 si
1261 2707 1352 2744 tamen
1381 2692 1523 2746 immanem
1548 2696 1675 2749 babeant
1709 2705 1921 2770 proportionem

554 2780 591 2833 ad
611 2781 698 2843 basin,
719 2797 775 2851 qua
796 2795 913 2851 utraque
934 2776 1114 2835 connectitur,
1136 2787 1194 2825 turn
1215 2772 1465 2840 aequidistantibus
1487 2777 1523 2825 ad
1546 2792 1657 2828 sensum
1679 2781 1874 2850 aequiparari.

643 2875 732 2954 Prop.
757 2877 782 2937 1.
828 2875 867 2937 Si
896 2874 1043 2935 unicum
1077 2868 1120 2927 ad
1153 2884 1297 2926 sensum
1330 2879 1505 2941 punctum
1539 2884 1664 2942 esset,
1701 2893 1720 2932 a
1751 2893 1822 2953 quo
1857 2877 1921 2937 lux

553 2978 814 3043 spargeretur,
839 2964 968 3026 radius
991 2960 1027 3020 in
1051 2955 1196 3036 pariete
1220 2967 1322 3013 recte
1348 2951 1499 3029 objecto
1524 2955 1687 3034 figuram
1710 2961 1921 3026 habiturus

553 3063 659 3113 esset
681 3051 837 3114 similem
862 3054 1071 3118 fenestrae,
1095 3060 1288 3122 perquam
1312 3051 1413 3100 recto
1437 3042 1576 3122 illapsu
1602 3046 1675 3107 fuit
1700 3048 1920 3128 ingressus;

554 3141 759 3220 eademque
791 3139 988 3219 proportio
1020 3136 1116 3195 foret
1148 3128 1418 3191 dimetientium
1453 3133 1622 3208 parietis
1655 3136 1851 3202 illustrati
1885 3153 1922 3203 et

553 3230 764 3303 fenestrae,
803 3249 893 3307 quae
924 3238 983 3287 est
1021 3222 1248 3283 discessuum
1284 3217 1477 3295 utriusque
1511 3222 1722 3286 alucente
1763 3239 1920 3307 puncto.

551 3316 611 3378 Est
637 3313 690 3382 99.
715 3331 745 3377 et
773 3317 844 3379 100.
869 3315 957 3395 primi
980 3309 1165 3374 l'itellionis.

707 3422 760 3487 rig.
779 3422 822 3494 tt.
1066 3414 1171 3475 Paries
1194 3413 1241 3472 rel
1265 3412 1385 3489 planum
1414 3425 1480 3470 esto
1504 3411 1638 3488 ABCD,
1674 3431 1821 3495 punctum
1846 3442 1921 3485 sero

976 3503 1119 3567 lucensi]
1144 3503 1172 3561 in
1196 3499 1324 3569 sublimi,
1350 3514 1379 3558 et
1405 3500 1538 3560 fenestra
1562 3505 1765 3585 cujuscunque
1791 3512 1920 3589 figurae,
1948 3525 1950 3529 '

977 3593 1136 3674 quaejam
1165 3590 1204 3648 sit
1229 3586 1322 3657 l'Gil,
1347 3589 1425 3647 inter
1448 3603 1604 3667 utrumque
1631 3594 1816 3673 interjecta;
1846 3601 1923 3662 des-

977 3683 1085 3743 cendat
1109 3698 1181 3739 vero
1204 3676 1459 3755 perpendicularis
1474 3696 1529 3755 per
1547 3698 1656 3759 corpus
1681 3687 1921 3763 translucidum,

979 3782 1012 3831 ut
1035 3767 1145 3838 adrem,
1171 3766 1247 3824 exE
1268 3766 1296 3824 in
1322 3775 1477 3842 utrumque
1498 3764 1573 3825 etO
1598 3783 1735 3831 centrum
1761 3774 1923 3838 fenestrae

978 3861 1003 3919 f
1006 3856 1066 3918 GH
1089 3867 1120 3915 et
1143 3856 1264 3932 planum
1287 3850 1371 3912 ΑΒΕ
1376 3853 1403 3912 D
1427 3872 1502 3931 «quae
1527 3854 1568 3914 sit
1591 3855 1646 3916 El.
1694 3859 1773 3922 Dico
1797 3877 1923 3945 partem

979 3942 1146 4024 superficiei
1171 3940 1285 4003 ancl)
1317 3941 1500 4001 illustratam
1531 3942 1619 4003 abE
1648 3960 1762 4023 puncto
1797 3954 1922 4015 lucente

980 4034 1150 4095 habituram
1174 4031 1298 4107 liguram
1323 4029 1448 4088 similem
1474 4031 1626 4091 fenestrae
1650 4034 1754 4111 FGH,
1786 4040 1846 4102 hoc
1872 4053 1923 4104 est

981 4122 1084 4183 itidem
1108 4118 1287 4196 triangulum
1311 4117 1339 4176 in
1364 4120 1547 4194 praesentia.

1069 4205 1306 4268 Demonstratio.
1348 4203 1423 4265 Cum
1447 4206 1537 4284 igitur
1560 4217 1625 4268 tota
1651 4212 1735 4289 regio
1760 4215 1922 4279 fenestrae

981 4296 1066 4359 FGll
1082 4308 1113 4355 et
1129 4294 1228 4354 omnia
1247 4294 1312 4372 ejus
1335 4308 1445 4370 puncta
1468 4295 1527 4353 siut
1552 4297 1640 4356 obtin
1664 4311 1777 4375 puncto
1804 4305 1922 4367 lucenti

980 4386 1077 4447 Encc
1094 4382 1281 4461 interjectum
1302 4399 1428 4460 opacum
1448 4383 1609 4470 quippiam,
1633 4387 1746 4449 cadent
1761 4390 1793 4452 in
1815 4397 1923 4457 omnia

980 4475 1055 4535 haec
1087 4481 1198 4550 puncta
1231 4471 1306 4530 radii
1339 4463 1377 4529 en¹
1407 4469 1432 4529 E
1468 4468 1560 4549 (Cap.
1585 4473 1610 4545 1,
1636 4471 1683 4536 2).
1731 4475 1838 4547 Quare
1875 4484 1921 4545 nic

926 4607 929 4614 .
980 4564 1071 4625 etiam
1087 4579 1140 4638 per
1159 4559 1273 4618 infinita
1294 4565 1403 4636 puncta
1423 4560 1591 4636 marginum
1607 4563 1760 4625 fenestrae
1776 4568 1922 4632 infinitae

749 4701 769 4722 ‚,
979 4653 1124 4712 ducentur
1161 4645 1257 4706 lineae
1294 4657 1395 4707 rectae
1438 4647 1603 4709 radiantes.
1664 4651 1790 4717 Habeat
1828 4656 1923 4721 FGll

712 4723 735 4736 ”
788 4730 800 4740 ”
980 4741 1115 4801 fenestra
1138 4736 1334 4795 terminantes
1358 4734 1453 4794 lineas
1483 4749 1585 4797 rectas
1613 4749 1817 4821 quotcunque.
1869 4745 1923 4810 Sit

584 4813 588 4824 ¹
978 4848 1037 4888 una
1061 4843 1163 4886 earum
1187 4821 1253 4893 FG,
1277 4823 1396 4883 termini
1421 4822 1512 4899 igitur
1536 4824 1623 4901 hujus
1647 4827 1746 4890 lineae
1766 4832 1793 4893 F
1817 4841 1851 4895 et
1878 4834 1946 4912 G..

550 4922 659 5002 quibus
684 4940 722 4983 ex
746 4919 773 4980 E
798 4929 1015 4981 connectuntur
1038 4916 1114 4975 duae
1143 4921 1264 4972 rectae:
1294 4930 1384 4990 quare
1409 4910 1509 4982 (Eucl.
1534 4912 1590 4986 XI,
1616 4912 1652 4986 2)
1676 4916 1702 4975 F
1704 4915 1763 4979 GE
1788 4910 1923 4986 suntin

547 5012 653 5072 eadem
677 5008 846 5089 superficie.
883 5008 926 5069 Et
949 4997 1050 5077 (Eucl.
1081 5002 1137 5072 xl,
1168 5000 1198 5070 1)
1223 5000 1322 5059 omnia
1345 5007 1456 5077 puncta
1480 4999 1635 5075 linearum,
1660 5003 1733 5078 EM,
1749 5007 1820 5084 ΕΚ,
1847 5031 1922 5075 rec·

547 5109 645 5162 tarum
668 5106 701 5159 et
724 5105 914 5177 quotcunque
937 5096 977 5156 ab
999 5092 1027 5152 E
1050 5088 1239 5152 descendunt
1262 5087 1290 5147 in
1314 5088 1338 5147 F
1340 5086 1368 5147 G
1392 5099 1464 5148 sunt
1487 5088 1516 5149 in
1540 5109 1600 5150 uua
1623 5087 1795 5171 superficie.
1843 5097 1923 5164 Jam
