4584 6192
979 620 1060 686 capue
1076 622 1131 673 XV·
1263 695 1269 714 ἢ
1659 620 1719 690 671

382 797 539 860 dimidium
564 792 631 860 id‘:
659 796 717 858 hoc
741 796 873 859 additum
897 798 935 859 ad
958 793 1019 863 50⁰
1044 796 1104 875 12‘,
1128 799 1217 862 efficit
1239 796 1301 863 50⁰
1322 796 1390 864 28‘:
1422 808 1511 883 atque
1532 801 1610 864 hanc
1633 802 1728 865 centri

381 887 487 949 dicunt
507 886 698 949 altitudinem
721 886 778 947 visi
801 905 855 967 per
877 895 1020 964 extrema,
1045 908 1104 950 nou
1126 908 1180 970 per
1203 907 1245 950 se.

473 976 536 1038 Sed
559 975 630 1056 qnid
653 975 795 1037 immoror
818 976 911 1051 hisce,
936 997 1002 1039 curn
1024 978 1143 1040 videam
1165 978 1304 1058 ignorare
1326 976 1491 1055 hominem,
1514 977 1585 1060 quid
1608 979 1652 1057 sit
1671 979 1727 1041 ob·

382 1066 516 1128 servatio
540 1073 795 1139 astronomorum,
826 1065 932 1127 nedum
955 1075 991 1128 ut
1011 1086 1141 1147 uuquam
1170 1068 1235 1148 ipse
1265 1067 1478 1128 observaverit.
1523 1068 1625 1147 Negat
1647 1068 1726 1130 enim
1809 1094 1811 1096 >

382 1156 467 1217 Solis
491 1163 625 1216 centrum
647 1153 742 1215 videri
765 1173 866 1234 posse,
890 1155 949 1216 nisi
972 1156 1111 1237 aquilinis
1136 1156 1240 1218 oculis.
1278 1156 1326 1218 Ac
1345 1174 1411 1217 cum
1433 1154 1498 1235 ipse
1513 1156 1597 1218 hisce
1613 1164 1726 1233 careat,

382 1244 519 1325 sequitur
542 1243 647 1305 Solem
670 1242 796 1323 abipso
820 1262 969 1325 nunquam
1000 1244 1200 1307 observatum.
1247 1244 1351 1307 Talem
1372 1244 1523 1306 homiuem
1546 1265 1604 1307 non
1628 1246 1729 1309 decuit

382 1333 413 1393 in
436 1334 582 1396 Paduauo
606 1341 693 1394 coetu
717 1332 823 1393 docere
847 1351 893 1407 ea,
917 1353 993 1415 qnae
1010 1334 1140 1396 somniat
1162 1335 1200 1396 de
1217 1334 1315 1397 Stella
1328 1335 1416 1395 Nova
1440 1341 1470 1394 et
1493 1334 1602 1396 ceteris
1626 1342 1728 1398 astro·

381 1423 526 1498 nomiois;
551 1421 605 1483 sed
628 1421 745 1483 discere
768 1442 786 1481 a
809 1421 985 1484 doctissimo
1008 1432 1105 1497 coetu,
1128 1443 1205 1505 quae
1227 1424 1372 1485 hactenus
1395 1422 1553 1503 ignoravit.
1729 1422 1732 1430 '

469 1512 545 1591 Ejus
569 1510 688 1592 quidem
711 1508 816 1571 libmm
840 1511 877 1573 de
892 1511 982 1573 rebus
997 1512 1181 1573 coelestibus
1203 1520 1308 1574 contra
1330 1510 1557 1573 mathematicos
1581 1510 1725 1592 scriptum

381 1608 413 1661 et
434 1600 570 1663 Parisiis
586 1600 765 1679 impressum
788 1608 899 1680 quanto
922 1619 988 1662 cum
1012 1602 1166 1663 stomacho
1189 1602 1322 1681 legerim,
1346 1600 1406 1663 dici
1428 1601 1479 1661 vix
1500 1607 1611 1680 potest.
1650 1600 1728 1663 Erat

381 1697 482 1751 autem
505 1689 677 1751 necessario
701 1688 844 1768 legendus
873 1688 903 1750 iu
925 1690 1055 1769 gratiam
1076 1684 1258 1771 patroni.²')
1304 1690 1331 1753 Ο
1355 1690 1493 1770 egregias
1517 1689 1728 1769 occupationes

382 1779 503 1858 generis
525 1778 662 1839 humaui!
686 1777 765 1858 quod
787 1777 836 1838 hic
860 1779 1007 1853 aedificat,
1032 1779 1110 1841 alter
1125 1780 1227 1855 diruit,
1251 1779 1320 1861 quia
1343 1779 1500 1841 aedificare
1522 1798 1581 1839 non
1604 1777 1726 1854 didicit;

380 1868 498 1929 scilicet
519 1875 553 1928 nt
576 1866 689 1947 aliquid
713 1885 823 1946 operae
846 1867 962 1948 locique
985 1869 1117 1949 supersit
1143 1868 1234 1950 tertio
1263 1869 1302 1930 ad
1324 1868 1582 1930 reaedificandum.
1630 1866 1728 1938 Quam

382 1975 439 2036 ego
463 1957 568 2018 lubens
591 1955 640 2016 hic
663 1956 798 2017 exclamo
816 1975 913 2017 meum
936 1957 1011 2018 illud
1034 1976 1071 2017 ex
1086 1958 1208 2019 Persio:
1252 1958 1280 2021 O
1293 1977 1389 2021 curua
1401 1957 1570 2030 bominum,
1594 1977 1612 2018 o
1627 1976 1728 2037 quoa·

378 2054 447 2108 tum
470 2053 515 2107 est
537 2046 573 2106 ia
593 2045 686 2106 reboo
707 2040 863 2119 inune.²⁹)
909 2045 970 2108 Sed
993 2047 1067 2107 haec
1090 2046 1245 2109 hacteuus.
1291 2046 1412 2109 Dictum
1436 2046 1514 2107 enim
1537 2046 1727 2108 demonstra·

379 2144 502 2215 tumque
536 2140 583 2194 est
606 2152 660 2194 nec
683 2132 839 2215 quicquam
870 2143 1023 2196 mussante
1053 2136 1277 2215 imperitissimo
1299 2135 1496 2215 philosopho,
1527 2135 1647 2196 stellam
1670 2152 1728 2195 non

378 2232 513 2285 mutasse
536 2223 633 2283 locum
657 2222 757 2303 aliqua
780 2222 905 2284 notabili
927 2225 1076 2303 particula
1099 2225 1135 2287 de
1160 2219 1267 2306 5²¹ia‘·
1309 2225 1379 2286 Jam
1401 2243 1559 2304 pergamus
1582 2222 1684 2285 altius.

474 2312 607 2393 Cumque
635 2311 700 2373 Soli
729 2312 897 2373 tribuantur
927 2314 1038 2374 usitate
1069 2310 1100 2375 3‘
1128 2314 1337 2394 parallaxeos3
1369 2313 1439 2394 quia
1471 2308 1555 2375 1200
1584 2311 1727 2373 semidia-

383 2402 491 2464 metris
515 2402 626 2463 Terrae
650 2421 668 2461 a
691 2402 786 2462 Terra
808 2409 947 2462 censetur
976 2403 1097 2477 abesse,
1128 2411 1254 2485 suntque
1277 2404 1335 2463 hae
1359 2399 1389 2464 3‘
1411 2421 1483 2483 pars
1505 2401 1728 2463 undevicesima

384 2492 424 2552 de
449 2488 507 2554 57:
531 2490 629 2551 divisa
645 2490 709 2569 jam
729 2490 850 2551 inventa
865 2489 1014 2570 parallaxi
1036 2491 1232 2571 longitudinis
1255 2484 1353 2574 ⁵²¹l2‘
1375 2510 1429 2572 per
1450 2486 1500 2564 19,
1522 2489 1625 2570 prodit
1637 2490 1729 2570 paulo

387 2580 487 2642 minus
511 2576 551 2641 3‘.
592 2578 645 2641 Sol
669 2579 771 2659 itaque
795 2578 821 2639 si
848 2576 933 2642 1200
957 2580 1187 2642 semidiametris
1211 2581 1339 2642 aTerra
1354 2581 1458 2653 distat,
1483 2579 1660 2641 observatus
1681 2578 1730 2641 his

387 2668 542 2731 2sitibus
572 2667 678 2748 quibus
707 2668 798 2728 stella
827 2676 875 2728 est
902 2667 1077 2744 observata,
1107 2676 1241 2731 mutasse
1271 2671 1368 2731 locum
1395 2669 1479 2729 visus
1508 2676 1591 2729 esset
1611 2686 1665 2748 per
1687 2663 1729 2743 θ’,

385 2758 576 2839 quantumvis
599 2756 755 2837 quiescens
779 2775 812 2817 se
828 2757 894 2837 ipso
918 2758 948 2818 in
971 2758 1075 2819 eodem
1098 2759 1193 2838 gradu
1217 2767 1249 2820 et
1266 2758 1379 2820 minuto
1402 2756 1526 2819 zodiaci.
1572 2756 1618 2819 At
1640 2756 1730 2818 stella

387 2854 494 2908 nostra
517 2866 574 2907 nou
597 2846 725 2907 mutavit
747 2845 844 2907 locum
867 2864 921 2926 per
945 2843 992 2922 3‘3
1017 2848 1087 2928 quia
1110 2847 1168 2909 etsi
1191 2847 1333 2909 nonnulla
1356 2846 1536 2909 incertitudo
1560 2845 1599 2907 ob
1621 2864 1730 2908 causas

389 2936 540 2998 indicatas
564 2943 613 2996 est
635 2934 664 2995 iu
689 2935 962 3010 observationibus,
987 2944 1087 2997 tamen
1111 2945 1142 2998 et
1166 2936 1289 2999 Octobri
1313 2944 1344 2997 et
1365 2935 1528 2998 Februario
1550 2934 1688 3015 utrinqne
1711 2955 1730 2996 a

390 3024 567 3107 quibusdam
598 3022 696 3084 stellis
729 3023 914 3103 deprehensa
941 3033 990 3086 est
1017 3025 1046 3086 in
1074 3019 1131 3087 17⁰
1153 3021 1208 3088 lc
1230 3032 1269 3100 l,
1300 3024 1436 3107 utrinque
1460 3045 1479 3086 a
1501 3024 1677 3106 quibusdam
1699 3023 1730 3086 in

392 3110 451 3176 17⁰
473 3110 528 3176 42‘
550 3113 597 3173 vel
622 3108 676 3175 43‘
700 3119 737 3184 ,ἃ
776 3113 819 3174 Et
840 3131 877 3173 ne
901 3112 1067 3190 existimes,
1091 3115 1203 3177 factum
1225 3115 1283 3176 hoc
1306 3132 1373 3176 esse
1396 3113 1474 3189 ideo,
1498 3112 1650 3194 quianon
1673 3112 1730 3175 iis·

390 3204 458 3264 dem
473 3203 612 3283 utrinque
636 3201 734 3263 stellis
759 3221 859 3262 snmus
882 3202 939 3277 usi,
964 3222 1032 3264 ecce
1047 3205 1177 3285 Byrgins
1196 3224 1317 3265 mensus
1341 3211 1389 3265 est
1410 3202 1534 3266 Octobri
1557 3202 1595 3264 ab
1617 3201 1731 3284 Aquila

385 3288 448 3356 45⁰
471 3288 524 3354 ‘13‘
532 3311 539 3351 :
572 3291 639 3370 Ego
669 3310 741 3351 vero
765 3309 886 3352 mensus
917 3310 982 3352 sum
1003 3292 1168 3355 Februario
1197 3294 1234 3355 ab
1257 3293 1361 3354 eadem
1384 3292 1496 3375 Aquila
1523 3298 1594 3372 post
1617 3299 1735 3354 certam·
1801 3371 1807 3375 ἡ

386 3381 601 3443 correctionem
624 3379 726 3440 itidem
748 3375 808 3442 45⁰
830 3373 892 3442 43‘.
1095 3369 1102 3393 “

479 3469 654 3531 Memineris
677 3476 791 3543 autem,
823 3469 853 3529 in
875 3469 933 3530 hac
956 3469 1214 3549 argumentatione
1235 3469 1436 3551 praesupponi
1458 3468 1641 3551 hypotheses
1663 3467 1729 3530 usi·
1844 3488 1847 3491 ⁴

387 3566 489 3632 tatas,
513 3576 589 3638 quae
612 3559 736 3618 Terram
758 3558 861 3620 dicunt
884 3566 982 3633 stare,
1006 3560 1131 3622 fixamm
1155 3560 1313 3641 sphaeram
1336 3559 1478 3621 converti.
1524 3557 1589 3620 Aut
1612 3556 1637 3618 si
1661 3557 1728 3637 quis

389 3647 491 3710 estin
516 3647 665 3708 sententia
690 3646 862 3727 Copemici:
895 3666 960 3708 eum
989 3647 1046 3709 hac
1070 3650 1188 3730 quidem
1217 3647 1474 3727 argumentatione
1496 3665 1583 3708 nsum
1605 3663 1729 3706 necesse

388 3744 448 3810 est,
470 3754 581 3815 ponere
605 3735 688 3796 sidus
717 3745 800 3796 certa
827 3737 955 3817 quadam
982 3737 1127 3799 distantia
1155 3737 1271 3797 affixum
1295 3735 1423 3797 Telluri:
1459 3735 1502 3797 sic
1524 3743 1558 3796 ut
1585 3753 1651 3795 eam
1679 3752 1730 3794 se·

389 3834 499 3907 quatur
522 3824 668 3905 quomodo
700 3826 777 3903 apud
801 3826 950 3886 Braheum
979 3826 1066 3888 orbes
1095 3833 1257 3908 sequnntur
1279 3824 1398 3899 Solem,
1429 3824 1508 3905 apud
1532 3823 1730 3903 Copemicum

384 3934 458 3976 vero
481 3916 568 3976 Luna
590 3914 748 3974 Tellurem.
1600 3936 1603 3941 ·

478 4003 561 4065 Idem
584 3987 655 4063 'vero
677 4002 810 4082 probabo
825 4001 916 4062 etiam
940 4001 1038 4078 aliter,
1063 4004 1146 4066 sidus
1163 4002 1254 4064 altius
1273 4021 1340 4063 esse
1356 4002 1458 4064 Lunae
1483 3999 1616 4063 sedibus.
1651 3999 1731 4063 Nam

387 4093 416 4155 si
439 4093 525 4155 Luna
553 4092 657 4153 eodem
686 4092 830 4172 temporis
858 4099 1008 4154 momento
1038 4100 1068 4155 et
1089 4093 1120 4154 in
1141 4092 1288 4155 Bohemia
1316 4091 1398 4153 etin
1421 4090 1522 4153 Frisia
1544 4091 1729 4165 observatur,

385 4182 517 4243 diversis
549 4181 668 4243 videtur
699 4181 775 4242 locis
809 4180 863 4242 sub
894 4181 1017 4244 zodiaco
1024 4202 1033 4258 ;
1066 4190 1100 4244 ut
1128 4182 1212 4262 prins
1244 4182 1281 4242 de
1308 4201 1382 4243 naso
1409 4188 1441 4242 et
1468 4179 1577 4261 pollice
1607 4179 1728 4241 dictum.

385 4269 485 4333 Verbi
508 4270 620 4349 gratia,
643 4270 785 4332 intersint
807 4264 846 4332 6⁰
866 4270 970 4332 circuli
991 4272 1107 4352 magni:
1140 4270 1173 4332 hi
1194 4271 1319 4333 totidem
1341 4270 1404 4331 iere
1426 4269 1550 4332 minutis
1571 4268 1731 4332 variabunt

386 4359 606 4439 aspectabilem
628 4359 741 4433 locum,
771 4360 796 4421 si
820 4359 899 4421 circa
922 4360 1065 4423 verticem
1087 4360 1179 4423 fuerit
1199 4360 1293 4423 Luna.
1342 4359 1417 4423 con
1439 4358 1531 4439 igitur
1552 4377 1612 4420 non
1635 4358 1677 4421 sit
1699 4353 1730 4421 6‘

386 4448 558 4511 differentia
589 4448 667 4510 inter
695 4468 779 4510 meas
809 4457 840 4511 et
865 4448 998 4513 Fabricii
1028 4450 1270 4513 observationes:
1302 4449 1392 4529 igitur
1421 4448 1542 4510 humilis
1572 4466 1641 4510 esse
1670 4466 1730 4511 uon

382 4537 486 4620 potuit
507 4537 582 4599 haec
606 4537 705 4599 stella.
1682 4565 1685 4572 ·

478 4628 592 4688 Verum
615 4626 743 4707 puerilia
767 4634 836 4689 sunt
858 4628 919 4689 ista
941 4627 1131 4703 diastemata,
1153 4645 1229 4710 qnae
1250 4644 1305 4707 pro
1328 4643 1406 4688 novo
1422 4624 1519 4687 sidere
1535 4625 1729 4706 expendimus
1759 4703 1761 4708 ,

386 4718 550 4797 hactenus,
584 4716 652 4777 dum
682 4718 713 4778 in
741 4717 855 4778 usitata
887 4717 1037 4780 sententia
1069 4717 1105 4778 de
1138 4717 1238 4798 quiete
1266 4715 1398 4778 Telluris
1428 4733 1591 4778 manemus.
1636 4714 1682 4777 At
1703 4713 1730 4776 si

388 4804 616 4886 Copemicanos
640 4805 850 4868 immensitatis
874 4806 1001 4888 abyssos
1017 4806 1194 4887 aperiamus,
1222 4807 1305 4868 Deus
1326 4804 1414 4880 bone,
1438 4811 1580 4887 quantam
1601 4803 1633 4866 in
1655 4804 1729 4866 alti·

384 4895 522 4957 tudinem
546 4895 630 4957 sidus
652 4896 709 4956 hoc
732 4895 918 4957 elevabitur?
1140 4945 1142 4948 .

476 4986 574 5046 Neruo
605 4985 772 5059 existimet,
803 4985 920 5046 inanem
950 5003 1018 5046 esse
1045 4984 1123 5045 huno
1152 4983 1300 5059 laborem,
1331 5001 1369 5044 ex
1398 4980 1547 5045 sententia
1570 4979 1746 5062 Copemici-

388 5072 504 5154 aliquid
527 5075 742 5135 demonstrare.
789 5074 903 5137 Credat
923 5073 1011 5148 mihi,
1039 5093 1097 5135 nou
1120 5080 1235 5135 tantum
1258 5073 1361 5153 gliscit
1381 5071 1457 5134 baec
1480 5069 1644 5145 sententia,
1674 5068 1728 5132 sed

385 5164 479 5244 plane
512 5163 697 5225 convalescit
728 5162 807 5243 apud
837 5162 1044 5244 philosophos.
1095 5163 1160 5224 Nec
1186 5162 1308 5238 mimm,
1342 5179 1407 5223 omn
1437 5178 1492 5242 pro
1523 5178 1560 5222 ea
1590 5157 1728 5222 certatim
