4584 6192
978 566 1061 632 capos
1077 567 1122 618 rv.
1144 566 1185 617 ro.
1696 561 1763 629 ato
1813 540 1815 545 ’

404 740 589 821 superficiem
613 742 727 804 Terrae
755 743 968 817 incumbimus,
1003 746 1079 805 adeo
1102 751 1136 805 ut
1159 746 1249 823 plana
1273 743 1360 804 nobis
1384 752 1541 823 appareat.
1589 743 1679 805 Addo
1704 761 1761 823 ego

405 832 443 890 ad
467 828 641 893 Cleomedis
664 831 885 904 refutationem,
909 833 987 914 quod
1010 832 1037 895 si
1060 853 1119 913 qua
1142 853 1179 895 ex
1202 841 1302 897 monte
1327 833 1428 913 aliquo
1452 832 1649 911 despicimus,
1674 832 1705 893 id
1729 833 1764 894 lit

406 919 492 983 lincis
521 920 602 982 iutra
632 920 841 983 libramentum
875 940 971 1003 aquae
1004 922 1264 985 descendentibus.
1318 920 1362 982 At
1392 921 1418 982 si
1447 922 1503 983 hoc
1534 922 1761 1002 phaenomenon

406 1007 458 1080 (ds
480 1027 539 1089 quo
565 1009 648 1089 jam)
671 1009 757 1071 nobis
781 1011 951 1091 contingat,
980 1012 1108 1073 visorias
1136 1011 1233 1074 lineas
1263 1011 1400 1089 utrinque
1430 1029 1523 1090 supra
1551 1010 1763 1072 libramentum

406 1116 500 1177 aquae
531 1097 596 1171 (cui
625 1099 791 1177 parallelus
819 1108 946 1180 apparet
975 1101 1103 1163 visibilis
1133 1101 1270 1174 horizon)
1300 1106 1421 1181 oportet
1449 1099 1572 1161 elevari.
1620 1099 1765 1163 Testatur

346 1187 353 1196 '
406 1185 482 1247 enim
505 1186 689 1248 Maestlinus
717 1187 747 1249 in
775 1189 923 1250 consimili
956 1189 1060 1268 eclipsi
1093 1208 1185 1269 snpra
1217 1191 1352 1269 allegata
1375 1196 1407 1249 et
1438 1187 1516 1250 huno
1547 1188 1644 1267 ipsum
1674 1187 1764 1250 Plinii

408 1276 504 1337 locum
519 1277 685 1357 explicans,
710 1277 825 1338 duobus
841 1278 983 1355 gradibus
999 1280 1150 1340 elevatum
1166 1278 1263 1341 visum
1283 1286 1440 1357 utrumque
1460 1277 1603 1338 luminare
1627 1276 1763 1339 alternis.

497 1363 680 1430 cleomedes
713 1365 804 1445 igitur
842 1366 928 1428 initio
968 1369 1044 1429 hanc
1076 1368 1167 1429 Plinii
1205 1366 1408 1429 narrationem
1443 1366 1471 1426 in
1510 1365 1630 1429 dubium
1662 1373 1763 1428 vocat.

406 1465 474 1528 Quid
502 1463 536 1528 ri,
560 1453 671 1535 inquit,
695 1465 835 1527 dicamus,
872 1466 1015 1521 confictam
1046 1485 1107 1521 esse
1142 1467 1328 1521 narrationem
1358 1464 1513 1534 hujusmodi
1543 1466 1580 1518 ab
1616 1465 1763 1536 aliquibus,

406 1561 518 1615 querum
538 1545 659 1600 studium
680 1553 751 1609 erat,
773 1546 930 1617 astrologos
953 1555 982 1600 et
1002 1547 1182 1617 philosophos
1209 1565 1272 1610 eos,
1295 1546 1341 1618 qui
1361 1563 1392 1598 se
1413 1545 1477 1600 huic
1498 1544 1667 1615 inquisitioni
1687 1544 1762 1601 dedi·

405 1625 519 1688 simut
540 1626 569 1679 in
589 1625 787 1680 dubitationem
809 1625 1001 1696 conjiceret*l
1039 1626 1083 1687 At
1108 1626 1301 1707 cleomedem
1323 1625 1507 1686 incredulum
1526 1624 1709 1686 Maestlinus
1732 1632 1765 1686 et

405 1712 508 1794 'tycho
530 1732 591 1774 non
615 1714 709 1775 semel
733 1713 761 1773 in
787 1713 1048 1776 observationibus
1067 1714 1129 1777 suis
1150 1716 1257 1776 fortius
1280 1712 1534 1775 constrinxerunt.
1571 1714 1637 1775 Nec
1653 1712 1762 1791 injuria

405 1802 531 1863 miratur
553 1802 746 1874 Maestlinus,
771 1802 919 1864 affirmare
944 1801 1135 1865 Cleomedern
1161 1804 1306 1883 potuisse,
1332 1813 1436 1867 nullum
1454 1827 1574 1882 unquam
1592 1811 1764 1881 professione

408 1892 708 1947 mathematicumhoc
728 1909 747 1946 a
767 1910 796 1945 se
818 1892 904 1947 visum
933 1894 1042 1962 scriptis
1069 1895 1214 1966 reliquisse
1241 1900 1391 1948 testatum:
1421 1892 1544 1963 quamvis
1566 1907 1584 1946 a
1606 1892 1763 1955 Chaldaeis,

408 1972 557 2045 Aegyptiis
578 1973 732 2042 ceterisque
754 1973 871 2042 eclipses
893 1990 985 2027 omnes
1008 1978 1144 2045 usquead
1161 1975 1312 2028 Cleomedis
1334 1981 1457 2027 aetatem
1479 1972 1582 2026 fruerint
1602 1978 1762 2027 annotatae.

408 2052 626 2113 Verumtamen
642 2049 821 2113 cleomedes
845 2059 876 2113 et
900 2052 928 2112 in
953 2053 1008 2112 lroc
1033 2054 1192 2126 laboravit,
1217 2052 1362 2139 quomodo
1379 2051 1477 2111 Plinio
1497 2070 1554 2112 sua
1576 2051 1649 2112 fides
1670 2050 1764 2112 reliu-

410 2148 549 2221 queretur
571 2149 604 2201 et
627 2160 719 2201 causa
741 2139 940 2219 phaenomeni
961 2140 988 2201 iu
1009 2141 1106 2202 visum
1127 2143 1332 2211 conterretur3
1357 2140 1440 2219 isque
1459 2140 1508 2200 vel
1527 2159 1564 2200 ex
1588 2158 1764 2219 repercussu

409 2251 428 2290 a
448 2229 527 2290 nube
551 2228 635 2290 iacto
659 2230 706 2290 vel
731 2249 769 2290 ex
792 2229 972 2291 refractione
993 2230 1173 2291 acrassiore
1194 2236 1263 2291 aere
1288 2229 1444 2291 falleretur
1467 2237 1499 2289 et
1516 2247 1570 2308 pro
1591 2228 1663 2290 Sole
1683 2226 1766 2291 Solis

409 2317 519 2379 idolum
542 2316 736 2397 inspexisset.
783 2317 948 2399 Utrumque
971 2321 1089 2381 modum
1113 2339 1206 2399 supra
1227 2317 1439 2380 ventilavimus
1463 2336 1518 2379 nec
1541 2316 1660 2379 omnino
1682 2316 1763 2396 reje-

411 2406 502 2469 cimus
537 2406 569 2468 iu
602 2406 834 2468 retractionibus
866 2407 1006 2490 insolitae
1039 2407 1265 2488 magnitudinis.
1319 2408 1433 2468 Verum
1462 2406 1597 2486 legitima
1621 2413 1653 2468 et
1678 2425 1763 2468 com-

410 2496 536 2558 muniter
571 2495 662 2557 obvia
693 2515 785 2557 causa
817 2496 1025 2575 phaenomena
1058 2498 1125 2559 huic
1164 2497 1291 2569 sufficit,
1328 2495 1469 2557 retractio
1507 2514 1613 2575 nempe
1646 2494 1766 2557 luminis

410 2584 564 2665 utriusque
589 2584 744 2646 luminaris
768 2583 796 2645 in
822 2585 977 2664 superficie
1001 2585 1095 2660 atris,
1122 2586 1172 2668 qui
1195 2587 1306 2647 Terrae
1335 2583 1588 2646 circumfunditur.
1635 2584 1765 2666 Retrac-

411 2674 506 2736 tioues
528 2669 623 2753 igitur
642 2681 674 2734 et
696 2673 766 2734 olim
786 2673 923 2734 initalia
947 2675 1047 2735 tuere:
1074 2676 1175 2736 ethos
1195 2673 1400 2736 testimonium
1424 2673 1631 2753 exceptionem
1655 2673 1765 2735 nullam

410 2761 550 2824 admittit.
600 2761 771 2843 Sequuntur
799 2761 990 2841 conjecturae
1021 2763 1242 2826 imbecilliores.
1289 2764 1481 2825 Ptolemaeus
1504 2761 1556 2824 lib.
1581 2762 1636 2823 ΙΙΙ.
1661 2760 1766 2841 Magni

410 2844 569 2931 operis”)
594 2852 739 2925 affirmat,
771 2868 862 2929 saepe
890 2852 995 2912 eodem
1020 2852 1067 2912 die
1092 2873 1110 2914 a
1133 2873 1166 2913 se
1191 2853 1237 2914 bis
1270 2850 1491 2932 aequinoctium
1522 2850 1714 2913 observatum
1738 2849 1766 2912 iu

411 2939 535 3002 armillis
556 2939 784 3002 Alexandrinis.
824 2938 951 3018 Culpam
975 2942 1094 3003 confert
1117 2942 1145 3003 in
1171 2942 1261 3003 situm
1285 2940 1475 3003 instrumenti
1501 2940 1576 3001 adeo
1600 2940 1766 3020 collapsum

410 3029 476 3090 iude
500 3048 520 3088 a
541 3028 690 3109 principio
715 3028 930 3090 collocationis.
976 3031 1088 3091 Verum
1114 3031 1327 3110 Hipparchum,
1346 3030 1402 3110 ,qui
1425 3028 1546 3108 propior
1572 3027 1630 3090 tuit
1651 3028 1767 3109 primae

411 3117 599 3180 collocationi
624 3117 728 3197 etqui
752 3117 864 3178 eisdem
886 3116 912 3177 in
938 3118 1063 3180 armillis
1088 3120 1279 3200 aequinoctia
1297 3139 1330 3180 se
1350 3119 1530 3180 observasse
1551 3126 1683 3180 testatus
1706 3126 1765 3193 est,

411 3225 477 3267 eum
500 3206 622 3286 inquam
645 3207 838 3267 Ptolemaeus
862 3205 891 3265 in
912 3207 1037 3268 eandem
1061 3209 1181 3288 culpam
1204 3207 1309 3270 trahit.
1351 3223 1570 3289 annonamque
1593 3217 1640 3274 32.
1667 3216 1767 3273 tertiae

412 3307 557 3360 uuundmo
578 3305 727 3375 Calippum
746 3304 865 3374 periodi,
887 3307 930 3360 dio
953 3308 999 3362 27.
1022 3308 1121 3362 mensis
1144 3308 1256 3371 mechir,
1286 3298 1435 3359 referente
1458 3297 1646 3371 Ptolemaeo,
1672 3304 1767 3375 aequi-

412 3386 529 3441 necdum
558 3385 720 3440 observavit
740 3384 768 3438 in
788 3402 884 3440 mane:
914 3396 945 3440 at
973 3405 1037 3441 vero
1067 3388 1192 3442 armillae
1213 3387 1422 3442 Alexandrinae
1453 3387 1580 3458 utrinque
1611 3386 1769 3457 aequaliter

411 3475 583 3530 illuminatae
605 3484 671 3529 sunt
696 3475 766 3528 hora
786 3474 839 3527 diei
860 3476 965 3545 quinta,
1013 3464 1174 3528 Concludit
1198 3485 1268 3545 ergo
1292 3467 1499 3539 Ptolemaeum
1533 3477 1608 3531 intra
1647 3476 1766 3547 quinqua

410 3566 494 3618 horas
514 3582 569 3619 uon
590 3563 745 3617 consentire
767 3574 911 3635 utramque
937 3565 1154 3620 annotationem.
1201 3556 1243 3616 Et
1267 3554 1398 3617 inculcat
1421 3555 1538 3635 quidem
1563 3554 1767 3635 Hipparchus,

410 3661 471 3700 eam
491 3643 714 3698 observationem
736 3661 797 3697 esse
819 3646 958 3715 optimam,
982 3664 1051 3716 quae
1073 3664 1122 3716 per
1144 3645 1266 3700 armillas
1287 3648 1338 3699 liat
1358 3646 1582 3699 Alexandrinas:
1615 3662 1676 3699 eam
1697 3643 1769 3698 enim

411 3742 471 3779 esse
484 3723 582 3779 horam
597 3722 655 3778 veri
670 3724 845 3794 aequinoctii,
867 3724 895 3778 in
910 3742 965 3796 qua
979 3733 1096 3796 utraque
1113 3727 1238 3779 armillae
1253 3726 1411 3795 superficies
1427 3744 1463 3779 ex
1479 3743 1566 3796 aequo
1589 3725 1767 3779 illuminetur.

412 3802 507 3883 Igitur
529 3802 589 3865 etsi
614 3802 677 3862 fieri
701 3801 819 3881 quidem
842 3811 955 3881 potest,
981 3814 1013 3865 ut
1032 3805 1106 3865 haec
1131 3804 1291 3865 dissonans
1315 3803 1571 3883 aequinoctiorum
1595 3800 1768 3865 observatio
1841 3877 1843 3882 Ι

412 3913 432 3952 a
459 3890 534 3953 vitio
565 3889 759 3952 instrumenti
792 3891 928 3952 extiterit
967 3911 1096 3973 veraque
1130 3892 1221 3954 fuerit
1255 3891 1421 3954 Ptolemaei
1459 3891 1628 3954 incusatio:
1666 3909 1768 3952 verum

411 3989 511 4042 tamen
536 3982 568 4041 et
590 3978 648 4040 hoc
672 3985 728 4054 est,
753 3978 810 4040 hac
835 3987 1017 4061 tempestate
1041 4003 1060 4043 a
1083 3981 1223 4063 Tychone
1247 3982 1347 4043 Brahe
1371 3979 1548 4060 saepissime
1572 3998 1625 4060 per
1648 3998 1768 4041 correc-

411 4065 531 4131 tissima
545 4073 578 4129 et
601 4066 837 4147 exquisitissime
857 4070 1006 4131 collocata
1029 4071 1228 4131 instrumenta
1242 4071 1321 4131 idem
1341 4069 1433 4133 fuisse
1453 4076 1639 4139 annotatum,
1664 4067 1769 4129 eodem

411 4155 459 4218 die
492 4154 692 4219 scilicet.bis
725 4157 957 4237 aequinoctium.
1004 4160 1094 4220 Mane
1129 4158 1225 4234 enim,
1260 4159 1390 4220 nondum
1422 4160 1555 4220 instante
1589 4156 1771 4239 aequinoctii

410 4245 493 4307 verni
524 4249 694 4318 momento,
720 4243 773 4306 Sol
808 4244 907 4307 oriens
931 4247 969 4308 ob
1000 4246 1197 4308 retractiones
1231 4248 1321 4309 altior
1353 4255 1482 4328 apparet
1509 4253 1541 4309 et
1568 4247 1638 4326 polo
1668 4245 1770 4309 mundi

409 4331 546 4408 vicinior,
571 4339 607 4396 ut
628 4331 768 4395 videatur
789 4333 850 4414 jam
873 4334 902 4396 ia
927 4343 1101 4414 aequatore,
1126 4336 1255 4398 comsit
1278 4337 1375 4397 adhuc
1389 4336 1419 4397 in
1444 4343 1558 4409 austro,
1582 4343 1654 4415 post
1676 4335 1769 4399 meri-

411 4422 500 4499 diem,
524 4419 575 4484 ubi
595 4417 651 4483 Sol
674 4429 724 4483 est
746 4442 765 4482 a
788 4422 969 4485 refractione
994 4424 1078 4498 liber,
1104 4432 1170 4485 esto
1191 4432 1224 4486 ut
1243 4424 1309 4504 jam
1332 4424 1528 4506 compleverit
1550 4425 1770 4488 semicirculum

410 4509 598 4591 hybernum:
623 4515 693 4571 tuuc
716 4510 819 4590 itaque
844 4511 992 4574 denuost
1015 4531 1084 4574 vere
1109 4520 1140 4574 et
1155 4514 1193 4574 ad
1217 4515 1315 4575 visum
1338 4514 1368 4576 in
1393 4522 1554 4595 aequatore
1578 4513 1646 4590 erit.
1686 4511 1770 4575 Con-

411 4595 535 4661 trarium
568 4596 759 4660 sentiendum
793 4605 840 4661 est
873 4600 909 4661 de
943 4600 1109 4663 autumnali
1146 4602 1348 4683 aequinoctio.
1404 4604 1554 4664 incertum
1591 4600 1683 4681 igitur
1712 4607 1769 4668 est,

411 4709 432 4749 a
453 4681 527 4749 v'rtio
557 4683 748 4749 instrumenti
772 4706 811 4762 an
835 4707 854 4747 a
882 4689 1112 4752 retractionibus
1141 4690 1317 4753 deducenda
1347 4711 1440 4753 causa
1463 4691 1520 4763 sit,
1549 4709 1601 4752 cur
1629 4697 1769 4753 auctores

411 4775 460 4838 bis
481 4771 704 4880 aequinoctium
728 4774 807 4837 idem
830 4795 863 4839 se
887 4776 998 4839 vidisse
1023 4778 1285 4859 persuaderentur.

497 4857 609 4926 Ducam
633 4862 755 4945 aliquid,
787 4865 866 4945 quod
889 4865 976 4946 hujus
1000 4865 1118 4948 quidem
1142 4867 1201 4929 loci
1225 4887 1283 4930 uon
1308 4873 1356 4928 est
1377 4866 1538 4946 proprium,
1572 4866 1768 4929 differendum

409 4951 513 5035 patius
535 4945 565 5014 iu
589 4949 825 5034 disputationem
849 4953 886 5014 de
910 4955 979 5016 anni
1003 4955 1130 5017 ratione.
1157 4954 1237 5027 Quid
1261 4956 1287 5018 si
1311 4973 1438 5036 namque
1462 4956 1537 5018 haec
1560 4956 1627 5017 sola
1650 4956 1768 5018 refrac-

498 5095 532 5173 0)
548 5099 640 5160 luent
653 5101 683 5159 iu
696 5066 804 5160 (tmen
824 5111 906 5161 textu
924 5106 1018 5161 marus
1038 5104 1105 5161 mire
1125 5107 1296 5177 depravatus
1310 5112 1373 5172 erat
1387 5109 1424 5164 ab
1444 5107 1596 5178 interprete
1609 5107 1721 5165 huna
1731 5105 1769 5175 θ’)
