4584 6192
1052 600 1134 665 ceput
1151 599 1194 650 x1.
1731 598 1803 667 ²8⁶3

442 790 545 833 omnes
569 773 645 834 radii
679 773 872 836 circumcirca
894 793 948 854 per
977 777 1069 838 horas
1092 771 1135 839 24
1158 775 1188 836 in
1216 774 1420 855 pavimentum
1452 776 1601 851 incidunt,
1635 777 1732 839 sectio
1755 785 1804 840 est

442 860 558 940 ellipsis
583 864 622 937 (Ι,
651 856 716 936 13).
763 863 831 925 Nisi
856 864 911 925 snb
934 865 1005 944 polo
1028 866 1105 944 ipso,
1129 864 1180 925 nbi
1204 866 1279 926 haec
1303 864 1398 927 sectio
1422 873 1470 926 est
1493 866 1621 927 circulus
1644 866 1683 941 (I,
1708 863 1756 937 4).

529 950 591 1014 Ubi
615 969 686 1013 vero
702 948 755 1013 Sol
781 953 900 1028 occidit,
923 955 1046 1033 planum
1069 953 1234 1015 horizontis
1254 971 1312 1015 uon
1336 971 1439 1014 omnes
1463 954 1557 1016 totins
1576 953 1678 1015 circuli
1701 956 1802 1018 radios

441 1038 556 1121 excipit
579 1045 652 1114 (non
676 1040 755 1101 enim
778 1042 863 1110 illos.
893 1042 943 1122 qni
966 1051 1037 1105 sunt
1060 1043 1140 1103 infra
1170 1041 1372 1115 horizontem)
1397 1049 1429 1103 et
1451 1050 1500 1105 eet
1521 1042 1689 1122 parallelon
1713 1044 1800 1106 alicui

440 1129 550 1210 plano,
585 1130 664 1210 quod
686 1147 741 1210 per
763 1130 908 1193 verticem
931 1132 998 1192 coni
1029 1133 1150 1194 ductum
1180 1130 1269 1193 basin
1293 1131 1358 1209 ejus
1382 1140 1486 1202 secat,
1522 1132 1663 1194 circulum
1695 1149 1802 1213 nempe

441 1217 500 1280 diei
534 1218 692 1281 naturalis.
739 1217 821 1299 Ergo
846 1222 884 1293 (I,
913 1218 968 1295 12)
993 1222 1090 1282 sectio
1123 1222 1198 1282 haee
1230 1229 1277 1281 est
1310 1220 1492 1300 hyperbole,
1525 1221 1617 1283 etad
1646 1221 1802 1283 vitandam

440 1307 647 1369 confusionem
679 1306 828 1386 ingemino
861 1308 936 1383 tibi,
971 1311 1049 1389 quod
1083 1309 1269 1371 continuatio
1302 1308 1453 1385 ellipsium
1486 1309 1515 1370 in
1549 1309 1721 1391 pavimento
1748 1329 1803 1392 per

441 1403 539 1458 toturn
564 1397 642 1458 diem
667 1404 752 1457 creet
775 1397 899 1476 figuram
922 1397 1111 1479 hyperboles.

529 1486 613 1546 Idem
638 1504 740 1546 verum
766 1494 815 1546 est
838 1487 874 1547 de
899 1488 1142 1548 extremitatibus
1161 1505 1215 1548 seu
1233 1485 1320 1546 nodis
1344 1503 1545 1564 gnomonum:
1570 1485 1713 1565 quisunt
1735 1487 1801 1550 loco

441 1575 603 1635 fenestrae.
650 1574 692 1635 Et
715 1581 747 1635 nt
772 1575 800 1635 in
825 1582 929 1636 nostra
959 1594 1079 1637 camera
1103 1577 1161 1637 duo
1186 1573 1252 1635 coni
1281 1574 1443 1636 luminares
1474 1573 1638 1637 verticibus
1667 1575 1800 1651 coibant,

439 1664 486 1724 ita
508 1663 539 1723 in
564 1661 731 1724 sciotericis
754 1682 846 1725 conus
869 1663 1024 1726 luminaris
1041 1683 1116 1726 cono
1140 1662 1293 1725 umbratili
1313 1664 1352 1724 ad
1376 1682 1529 1725 commune
1554 1663 1710 1742 gnomonis
1733 1664 1800 1745 sig-

440 1771 509 1812 num
528 1752 673 1831 jungitur.
712 1748 799 1822 Quod
820 1752 922 1813 nescio
941 1755 1036 1815 ausit
1055 1753 1297 1815 animadversum
1313 1772 1332 1813 a
1347 1752 1543 1831 scriptoribus
1563 1751 1799 1815 sciotericorum.

531 1839 666 1920 Cumque
697 1840 726 1901 in
757 1849 861 1902 nostro
892 1841 1011 1904 climate
1045 1861 1149 1904 omnes
1187 1841 1357 1920 hujusmodi
1394 1841 1492 1902 lineae
1526 1843 1587 1903 sint
1617 1841 1800 1924 hyperbolae

441 1931 584 2007 (excepto
609 1948 674 1989 cum
699 1927 752 1990 Sol
777 1930 996 2010 aequinoctium
1020 1932 1153 2000 conficit,
1187 1938 1257 1992 tune
1282 1929 1360 1990 enim
1383 1930 1442 1991 iter
1474 1929 1625 2009 ellipsium
1648 1939 1697 1991 est
1720 1930 1801 1992 linea

442 2025 543 2091 recta,
580 2017 711 2078 omniurn
748 2018 977 2099 hyperbolarum
1016 2020 1244 2092 obtusissima),
1284 2018 1417 2079 notanda
1447 2028 1497 2081 est
1527 2019 1631 2080 etiam⁴
1656 2018 1801 2080 habitudo

441 2105 591 2185 ellipsium
623 2106 810 2168 radiosarum
835 2108 873 2167 ad
897 2108 1090 2188 hyperbolem
1121 2127 1216 2169 suam.
1263 2107 1376 2169 Notum
1399 2115 1448 2169 est
1471 2126 1508 2168 ex
1540 2107 1801 2182 antecedentibus,

442 2194 467 2255 si
492 2214 532 2255 ex
555 2203 659 2257 centro
685 2195 835 2257 fenestrae
861 2197 1037 2258 demittatur
1059 2195 1327 2277 perpendicularis,
1352 2197 1430 2275 qnod
1450 2214 1523 2258 axes
1543 2198 1611 2269 (seu
1633 2196 1801 2275 vulgariter

440 2284 592 2362 longiores
628 2284 782 2357 diametri)
814 2285 942 2346 omnium
976 2287 1120 2366 ellipseon
1149 2284 1307 2365 porrigant
1329 2304 1397 2346 sese
1421 2286 1461 2346 ad
1484 2286 1513 2347 id
1546 2292 1689 2365 punctum
1710 2285 1799 2367 pavi·
1898 2300 1907 2315 ·

440 2373 543 2447 menti,
568 2373 597 2433 in
623 2374 701 2452 qnod
734 2373 989 2453 perpendicularis
1014 2394 1051 2437 ex
1076 2374 1236 2435 fenestella
1268 2372 1383 2437 incidit.
1428 2374 1692 2453 perpendicularis
1720 2374 1811 2453 enim,

440 2469 471 2521 et
495 2460 598 2522 radius
623 2468 654 2522 et
678 2462 744 2522 axis
769 2462 910 2540 ellipseos
934 2463 964 2524 in
988 2465 1091 2524 eodem
1108 2471 1179 2524 sunt
1201 2463 1292 2541 plano
1315 2462 1471 2525 verticalis
1494 2462 1608 2535 circuli.
1646 2463 1696 2524 Ad
1720 2462 1799 2524 idem

438 2569 510 2611 vero
534 2558 676 2629 punctum
701 2550 800 2610 tendit
822 2551 914 2612 etiam
938 2552 1004 2612 axis
1028 2551 1222 2634 hyperboles,
1253 2569 1341 2629 qnam
1366 2560 1471 2614 creant
1493 2553 1617 2631 ellipses
1640 2552 1704 2631 ejus
1727 2550 1797 2613 diei.

437 2638 521 2717 Ergo
555 2639 628 2699 data
660 2638 843 2719 hyperbolae
875 2641 974 2719 specie
999 2650 1031 2702 et
1065 2660 1139 2713 axe,
1169 2639 1311 2702 daturin
1335 2659 1371 2702 eo
1394 2648 1546 2722 punctum,
1571 2660 1591 2701 a
1614 2659 1671 2720 quo
1695 2658 1798 2702 omnes

439 2728 589 2807 ellipsium
614 2746 687 2788 axes
711 2729 923 2801 extenduntur,
947 2737 1087 2791 secantes
1108 2728 1315 2809 hyperbolem.

527 2816 730 2878 Problema
751 2817 870 2878 XXlII.
918 2819 1074 2898 Tempus
1107 2818 1276 2896 phasium
1306 2837 1348 2878 ex
1376 2817 1659 2880 continuatione
1689 2816 1798 2898 ellip-

441 2905 527 2965 sium
552 2906 701 2967 elicere.
750 2904 866 2967 Charta
896 2907 1020 2968 immota
1043 2907 1072 2968 in
1096 2907 1302 2986 pavimentum
1335 2914 1435 2968 strata
1465 2906 1569 2988 excipe
1597 2906 1661 2967 sive
1685 2913 1799 2969 anneta

438 2994 666 3074 hyperbolicum
690 2994 748 3055 iter
772 2996 947 3057 alterutrius
962 2997 1010 3057 vel
1030 2995 1184 3075 utriusque
1208 2994 1330 3057 verticis
1353 2995 1504 3074 ellipseos,
1529 2995 1616 3057 simul
1631 2995 1798 3057 etdnctnm

439 3084 505 3143 axis
531 3082 647 3161 aliquot
671 3082 827 3162 ellipseon.
873 3083 953 3145 Nam
977 3085 1052 3145 hora
1082 3083 1250 3145 meridiana
1280 3084 1346 3145 axis
1376 3084 1518 3163 ellipseos
1542 3085 1570 3145 iu
1600 3083 1659 3146 iter
1686 3084 1797 3166 hyper·

436 3173 567 3233 bolicum
590 3178 691 3233 rectus
714 3171 828 3247 incidit,
853 3192 939 3234 mane
965 3183 996 3234 et
1017 3172 1137 3252 vesperi
1161 3172 1375 3251 obliquissirne.
1425 3173 1526 3235 Dueta
1548 3174 1650 3253 itaque
1674 3172 1795 3233 contin-

438 3269 528 3339 gente
559 3260 763 3340 hyperbolen,
795 3262 901 3322 metire
932 3263 1072 3341 angulum
1098 3262 1165 3322 axis
1199 3261 1324 3340 elliptici
1353 3281 1480 3324 cumea
1510 3263 1632 3324 factum.
1679 3260 1795 3323 Deinde

438 3370 489 3410 sen
515 3349 624 3410 circino
649 3369 702 3410 seu
726 3350 842 3410 calculo
866 3352 1016 3413 constitue
1040 3369 1145 3411 conum
1171 3350 1235 3429 ejus
1259 3349 1318 3412 diei
1345 3351 1567 3431 sectionemque
1592 3350 1657 3430 ejus
1681 3351 1795 3433 hyper-

437 3438 575 3512 bolicam,
601 3446 635 3498 et
657 3446 799 3516 punctum
823 3439 929 3500 vertici
954 3441 1020 3502 coni
1043 3439 1332 3519 perpendiculariter
1365 3441 1546 3521 subjectum,
1581 3440 1660 3519 quod
1684 3440 1743 3501 erit
1764 3439 1795 3502 in

437 3547 493 3588 axe
518 3526 720 3607 hyperboles:
754 3536 895 3606 punctum
920 3528 993 3590 item
1016 3527 1215 3610 hyperbolen,
1251 3529 1330 3609 apud
1355 3530 1433 3609 quod
1457 3531 1584 3610 angulus
1616 3530 1794 3590 observatus

436 3617 650 3677 constituitur:
676 3616 801 3695 denique
825 3624 967 3695 puuctum
991 3618 1020 3678 in
1046 3616 1112 3677 basi
1136 3617 1218 3690 coni,
1255 3616 1283 3678 in
1309 3619 1388 3698 quod
1412 3639 1431 3679 a
1453 3618 1566 3680 vertice
1596 3618 1687 3678 dueta
1710 3624 1797 3678 recta

436 3706 464 3765 in
488 3713 632 3785 punctum
656 3705 833 3786 hyperboles
858 3705 1010 3767 inventum
1033 3705 1150 3767 incidit.
1196 3707 1296 3767 Arcus
1320 3707 1397 3768 enim
1420 3707 1499 3768 inter
1519 3708 1575 3767 hoe
1599 3715 1740 3785 punctum
1763 3710 1796 3765 et

437 3795 633 3873 altissimum,
669 3814 722 3854 seu
747 3794 775 3853 id
804 3813 858 3873 per
888 3796 966 3873 quod
997 3794 1152 3856 verticalis
1182 3814 1237 3873 per
1265 3803 1401 3857 centrum
1433 3795 1516 3857 basis
1549 3796 1640 3856 dueta
1672 3792 1794 3867 transit,

436 3884 560 3945 metitur
584 3882 728 3961 temporis
753 3882 945 3944 intervallum
968 3884 1047 3945 inter
1070 3883 1224 3944 meridiem
1248 3892 1279 3944 et
1301 3883 1419 3962 phasin.

526 3971 723 4031 Durationem
759 3971 851 4032 etiam
885 3973 1028 4051 temporis
1053 3980 1084 4034 et
1113 3972 1228 4033 minuta
1251 3973 1298 4033 vel
1329 3972 1393 4033 sine
1426 3970 1579 4050 horologio
1608 3968 1741 4032 metieris
1765 3970 1796 4031 in

435 4061 513 4122 hunc
538 4061 678 4120 modum:
704 4062 729 4120 si
755 4060 917 4139 marginem
942 4063 1080 4122 dextrum
1103 4060 1262 4123 lateralem
1296 4062 1437 4141 ellipseos
1464 4061 1529 4139 jam
1552 4060 1691 4139 signatae
1715 4060 1795 4142 stylo

434 4149 692 4230 comprehendas,
727 4150 935 4229 tantisperque
958 4160 1081 4225 teneas,
1111 4150 1180 4211 dnm
1204 4150 1352 4212 luminosa
1382 4149 1497 4229 ellipsis
1522 4149 1634 4230 stylum
1658 4155 1797 4211 transeat

435 4246 466 4301 et
490 4238 616 4300 sinistro
640 4238 774 4317 margine
806 4239 916 4319 stylum
940 4246 1067 4319 tangat,
1099 4258 1134 4299 eo
1159 4247 1310 4302 momento
1341 4238 1512 4302 memineris
1543 4256 1631 4300 axem
1654 4236 1795 4319 ellipsoos

434 4337 551 4403 notare,
577 4336 609 4387 st
632 4328 711 4409 stylo
736 4327 946 4389 transitionem
970 4330 1009 4389 ad
1038 4328 1176 4390 dextrum
1205 4328 1286 4389 latus
1310 4330 1420 4403 facere,
1454 4335 1485 4390 et
1508 4326 1552 4389 sic
1575 4346 1702 4408 semper.
1747 4326 1797 4389 Ex

435 4435 559 4478 numero
593 4416 833 4477 continuatarum
866 4416 1014 4495 ellipsinm
1048 4417 1175 4478 habebis
1206 4424 1336 4497 tempus.
1395 4418 1476 4480 Nam
1509 4434 1617 4495 corpus
1650 4416 1731 4478 Solis
1764 4414 1794 4477 in

433 4524 571 4587 apogaeo
593 4505 730 4584 praecise
753 4507 865 4585 gradus
900 4506 1054 4568 dimidium
1090 4514 1232 4585 occupat,
1267 4508 1316 4586 qui
1346 4506 1469 4569 metitur
1496 4507 1612 4567 minuta
1636 4505 1698 4567 fere
1723 4504 1792 4566 duo.

432 4595 545 4676 Figura
567 4612 639 4655 vero
663 4595 805 4673 ellipseos
830 4595 858 4654 in
882 4596 973 4674 plano
996 4595 1085 4675 paulo
1111 4603 1159 4655 est
1183 4596 1309 4675 amplior
1338 4600 1475 4676 (propter
1504 4594 1658 4655 foraminis
1681 4592 1791 4673 ampli·

431 4685 582 4757 tudinem)
606 4701 643 4743 ea
667 4684 772 4762 figura,
798 4702 874 4762 quae
898 4702 951 4764 per
976 4685 1106 4745 foramen
1132 4685 1234 4763 puncti
1258 4684 1463 4766 magnitudine
1488 4691 1651 4745 crearetur.

521 4772 661 4851 Exempli
693 4790 786 4832 causa
819 4792 896 4833 anno
933 4769 1027 4836 1598.
1062 4771 1114 4835 25.
1144 4773 1233 4834 Febr.
1270 4777 1317 4836 vel
1351 4774 1380 4837 7.
1411 4773 1534 4847 Martii,
1575 4791 1642 4834 cum
1674 4768 1792 4833 idoneis

431 4861 638 4924 instrumentis
673 4861 856 4922 destituerer
881 4869 912 4922 et
934 4863 1049 4922 coelum
1080 4861 1211 4923 nubilum
1235 4882 1282 4923 me
1306 4865 1343 4924 de
1368 4862 1555 4923 observando
1578 4879 1654 4940 pene
1679 4862 1790 4940 despe-

431 4970 497 5012 rare
518 4951 673 5031 jussisset,
698 4949 859 5011 subtecto
884 4958 983 5011 tamen
1010 4950 1050 5011 fui
1075 4960 1107 5011 et
1130 4950 1236 5013 rimam
1259 4952 1392 5014 incertae
1417 4952 1530 5012 formae
1554 4958 1586 5011 et
1609 4948 1813 5029 quantitatis

431 5059 621 5120 aperueram,
654 5038 863 5100 occasionibus
897 5040 1152 5120 qualibuscunque
1181 5040 1324 5103 intentus.
1373 5038 1449 5102 Cum
1474 5040 1539 5119 jam
1562 5039 1695 5100 notabile
1720 5038 1791 5120 quid

431 5129 583 5204 deficeret,
607 5128 714 5189 umbra
737 5128 842 5190 stabat
873 5129 1009 5209 praecise
1034 5128 1073 5190 ad
1096 5128 1258 5194 dextram:
1289 5136 1357 5193 erat
1378 5147 1454 5191 unus
1477 5135 1531 5190 aut
1555 5128 1635 5190 alter
1657 5127 1789 5209 digitus:
