4584 6192
1891 543 2088 609 caput
2120 544 2187 596 v.
2225 540 2276 595 s.
3330 540 3468 610 249

901 717 1352 799 Propositio
1396 718 1604 780 XVII.
1690 717 1767 779 Si
1815 718 2071 781 oculus
2116 719 2320 781 ultra
2365 722 2756 784 terminum
2985 720 3093 786 rig.
3132 717 3223 771 ⁸⁰·

735 808 1361 869 intersectionum
1417 806 1973 885 propositionis
2025 805 2127 872 15.
2179 829 2216 869 a
2262 810 2480 889 globo
2527 829 2756 872 remo-

735 905 1024 967 veatur,
1094 894 1447 975 quicquid
1504 902 1678 974 post
1740 895 2041 974 globum
2107 897 2309 959 ultra
2374 900 2755 961 terminum
2962 905 2998 949 E
3167 901 3227 973 ff*

738 986 1068 1046 ultimum
1132 984 1782 1057 intersectionum,
1849 1003 2032 1064 quas
2080 985 2218 1045 hae
2267 986 2461 1048 oculi
2509 988 2755 1048 radia·
3131 973 3167 1077 s

736 1073 980 1135 tiones
1029 1092 1172 1135 non
1219 1071 1639 1153 parallelae
1688 1072 2012 1146 faciunt,
2063 1074 2524 1149 collocatur,
2591 1076 2755 1155 ejus
3070 1081 3127 1133 π’

737 1163 972 1239 imago
1013 1180 1290 1224 everso
1327 1160 1479 1223 situ
1528 1170 1848 1242 apparet
1885 1161 1950 1222 in
2001 1163 2408 1242 superficie
2446 1163 2754 1242 globi.*)
3078 1145 3147 1229 nn

739 1250 826 1313 Sit
869 1248 1113 1313 EGHF
1176 1248 1426 1330 globus,
1495 1258 1702 1311 centro
1750 1251 1816 1324 1,
1885 1250 2033 1312 DIA
2099 1252 2272 1325 axiS,
2337 1253 2393 1314 in
2462 1273 2531 1313 eo
2580 1252 2648 1327 T,
2697 1254 2756 1314 Β
3022 1201 3167 1365 fssq

739 1339 967 1401 termini
1015 1338 1510 1401 intersectionum
1558 1338 2002 1418 parallelorum,
2052 1338 2119 1410 S,
2159 1342 2224 1401 M
2274 1341 2512 1403 termini
2557 1342 2752 1404 inter·

740 1429 1066 1489 sectionum
1097 1446 1212 1489 non
1244 1427 1690 1507 parallelorum.
1738 1427 1845 1487 sed
1875 1446 2079 1489 earum
2125 1430 2551 1505 radiationum,
2600 1449 2752 1510 quae
2866 1425 2934 1517 ᾖ

739 1536 806 1578 ex
846 1517 907 1578 D
954 1515 1243 1589 veniunt,
1312 1515 1509 1595 sitque
1556 1516 1614 1577 D
1662 1515 1907 1589 oculus,
1974 1516 2085 1578 NP
2131 1536 2228 1578 res
2284 1518 2579 1588 visibilis.
2653 1519 2752 1580 ille

741 1604 1018 1667 remotior
1084 1623 1261 1685 quam
1310 1604 1450 1677 TR,
1518 1604 1668 1665 haec
1729 1623 1907 1684 quam
1953 1604 2100 1666 AM.
2196 1607 2348 1668 Dico
2396 1607 2507 1669 NP
2560 1607 2754 1670 visum
2842 1517 2886 1757 ζ

741 1694 802 1755 iri
864 1712 1147 1755 eversam
1213 1691 1272 1754 in
1333 1693 1443 1755 ΡΗ
1507 1692 1839 1771 superficie.
1948 1692 2227 1767 Etenim,
2294 1695 2432 1775 quia
2495 1714 2593 1757 res
2660 1704 2756 1757 est

739 1791 899 1844 extra
950 1781 1480 1855 intersectionem,
1538 1780 1687 1843 nulli
1746 1780 1930 1860 igitur
1989 1781 2139 1842 radii
2203 1783 2278 1844 ad
2327 1783 2439 1845 NP
2486 1792 2757 1847 extrema

740 1890 809 1933 ex
848 1872 909 1933 D
957 1870 1226 1944 venient,
1278 1869 1374 1948 qui
1425 1888 1541 1930 non
1589 1870 1748 1931 inter
1794 1867 1860 1938 S,
1891 1869 1958 1930 M
2002 1870 2124 1930 sint
2171 1872 2504 1935 intersecti.
2554 1874 2753 1936 Inter-

739 1968 940 2021 secent
1005 1958 1087 2033 ii,
1155 1959 1256 2038 qui
1318 1964 1592 2019 extrema
1657 1958 2194 2038 comprehendunt,
2253 1980 2390 2023 sese
2441 1960 2497 2022 in
2546 1962 2642 2034 A,
2693 1970 2754 2022 et

739 2049 852 2111 sint
916 2046 1242 2123 DFEAP,
1305 2044 1648 2121 DHGAN,
1716 2046 1900 2126 igitur
1962 2065 2069 2125 per
2126 2042 2186 2110 6.
2252 2049 2649 2129 praemissam
2698 2049 2755 2110 N

740 2137 1048 2216 putabitur
1094 2136 1154 2197 in
1200 2135 1261 2198 Η
1306 2144 1368 2196 et
1414 2135 1465 2196 P
1509 2136 1567 2198 in
1615 2136 1668 2196 F
1703 2135 1971 2197 haerere.
2047 2135 2265 2217 Sicque
2317 2147 2589 2199 extrema
2635 2139 2755 2199 situ

739 2233 1103 2288 commutato
1172 2231 1489 2304 apparent.
1604 2227 1693 2286 At
1759 2223 1897 2304 quia
1962 2223 2143 2286 etiam
2210 2246 2364 2306 quae
2426 2226 2581 2288 inter
2643 2226 2757 2289 NP

739 2314 1092 2391 interjectae
1132 2320 1273 2375 sunt
1317 2318 1546 2392 parte-S,
1595 2312 1756 2375 ultra
1782 2312 1851 2372 M
1888 2321 2152 2374 remotae
2191 2322 2348 2387 sunt,
2399 2314 2759 2377 videbuntur

742 2403 918 2465 radiis
985 2403 1146 2464 inter
1191 2402 1319 2476 DF,
1371 2400 1490 2462 ΒΗ
1553 2400 1922 2463 intermediis
1971 2410 2033 2463 et
2092 2422 2227 2465 sese
2292 2423 2402 2483 per
2447 2399 2505 2467 9.
2575 2423 2756 2482 prae-

741 2493 982 2554 missam
1026 2498 1172 2571 post
1216 2490 1279 2552 A
1323 2489 1634 2564 secabunt,
1687 2490 1847 2551 intra
1892 2499 2092 2552 tamen
2131 2492 2200 2552 M
2245 2492 2582 2555 terminum.
2659 2494 2760 2553 Ita

742 2601 870 2642 sese
917 2586 1239 2656 secantes,
1295 2585 1504 2659 partes
1552 2597 1784 2660 quoque
1840 2578 2157 2642 interiores
2207 2600 2415 2643 omnes
2463 2588 2756 2643 evertent.

743 2670 823 2731 Ut
865 2669 955 2731 ita
1001 2687 1104 2731 res
1150 2676 1286 2731 tota
1330 2686 1544 2729 everso
1592 2667 1714 2729 situ
1763 2675 2075 2747 appareat.

909 2767 1343 2823 Corollaria.
1435 2768 1486 2822 1.
1559 2768 1729 2821 Patet
1787 2765 1943 2831 hinc,
2005 2770 2163 2822 oculo
2206 2769 2256 2822 D
2315 2769 2534 2839 longius
2595 2770 2764 2823 etiam

744 2849 980 2903 distante
1022 2864 1188 2920 quam
1215 2848 1329 2911 ΒΤ,
1373 2847 1418 2900 si
1451 2856 1636 2901 tamen
1666 2845 1761 2901 NP
1804 2847 1972 2900 fuerit
1998 2847 2143 2902 inter
2169 2848 2284 2912 SM,
2330 2848 2533 2918 partim
2574 2867 2766 2903 everso

747 2930 848 2983 situ
889 2929 971 2996 (in
1014 2927 1279 2983 extremis
1321 2923 1542 2996 nempe)
1587 2926 1762 2980 visum
1807 2926 1888 2990 iri,
1934 2928 2136 2997 partim
2181 2927 2260 2991 (et
2306 2928 2358 2980 in
2402 2923 2769 2996 intermediis)

748 3008 848 3063 situ
886 3014 1081 3064 recto:
1126 3014 1187 3062 et
1226 3010 1459 3061 eandem
1500 3008 1671 3061 etiam
1722 3005 2074 3072 circularem,
2130 3007 2297 3077 juxta
2337 3009 2407 3070 X,
2454 3008 2546 3061 43.
2594 3008 2767 3062 Vitel-
3018 2965 3042 3149 l

751 3090 938 3144 lionis:
982 3088 1175 3159 itaque
1218 3090 1464 3142 confuse.
3024 3127 3026 3129 .
3159 3075 3183 3237 χ

918 3170 976 3224 2.
1053 3169 1260 3231 Quodsi
1315 3168 1394 3221 sic
1452 3173 1709 3221 manente
1767 3165 1960 3230 oculo,
2018 3166 2116 3220 NP
2171 3167 2246 3220 sit
2303 3168 2471 3221 etiam
2532 3167 2676 3221 intra
2734 3167 2773 3222 S
3014 3157 3018 3178 '
3070 3181 3127 3225 M

752 3250 984 3305 citimum
1024 3248 1433 3303 intersectionis
1477 3247 1782 3310 terminum,
1828 3254 1954 3300 tota
1994 3252 2186 3300 erecta
2224 3247 2516 3303 videbitur.
3183 3241 3195 3301 ἰ

918 3330 974 3384 3.
1076 3328 1136 3383 si
1211 3345 1343 3382 vero
1403 3326 1596 3383 oculus
1655 3326 1806 3381 intra
1863 3327 1960 3381 ΤΒ
2019 3327 2123 3388 sit,
2186 3327 2671 3382 intersectionibus
2720 3327 2778 3381 in
2938 3309 2982 3353 Ἡ
3007 3309 3243 3401 -ἸΙῙ

753 3409 1014 3465 infinitum
1073 3409 1498 3463 excurrentibus
1561 3414 1623 3461 et
1680 3406 1956 3476 aliquibus
2016 3425 2091 3460 ex
2151 3407 2310 3461 oculo
2378 3407 2778 3462 radiationibus
2983 3409 3223 3501 —23

756 3490 1106 3559 paralleliter
1146 3489 1437 3543 refractis:
1492 3488 1538 3542 si
1580 3494 1711 3541 tunc
1751 3503 1840 3541 res
1884 3486 1939 3540 in
1981 3503 2092 3541 axe
2144 3488 2313 3541 fuerit
2354 3488 2465 3541 sita
2506 3494 2566 3542 et
2606 3488 2781 3542 minor

762 3720 962 3774 infinito
1020 3720 1203 3783 absit,
1265 3718 1529 3772 terminus
1595 3717 1809 3771 citimus
1867 3723 1957 3771 est
2004 3716 2256 3786 proxime
2316 3718 2543 3787 globum
2595 3718 2649 3772 in
2692 3720 2732 3772 Ι.
2816 3721 3013 3790 Itaque
3074 3736 3290 3774 rursum
3349 3719 3476 3770 dum

761 3801 972 3854 radians
999 3816 1041 3854 a
1065 3798 1396 3854 brevissima
1434 3797 1702 3851 distantia
1732 3798 1787 3851 in
1828 3796 2097 3851 infinitam
2136 3796 2409 3866 provenit,
2453 3797 2716 3851 terminus
2746 3798 2835 3851 hic
2877 3799 3102 3854 citerior
3144 3800 3219 3853 ab
3261 3796 3477 3851 infinita

762 3883 821 3933 ad
861 3879 1247 3933 brevissimam
1304 3878 1624 3932 distantiam
1678 3877 1960 3931 decrescit.
2043 3878 2165 3931 Non
2207 3884 2399 3946 potest
2453 3885 2640 3931 autem
2680 3878 2823 3942 fieri,
2886 3886 2952 3934 ut
2992 3879 3175 3933 causis
3219 3876 3475 3931 continue

762 3960 1131 4014 crescentibus
1174 3960 1405 4012 effectus
1447 3958 1720 4011 interdum
1762 3962 2004 4020 crescat,
2060 3962 2176 4010 tum
2218 3956 2571 4010 imminuatur
2612 3957 2827 4012 iterum.
2908 3959 3065 4030 Ergo
3106 3959 3275 4028 plane
3319 3954 3474 4009 initio

762 4039 1030 4094 minimum
1072 4046 1303 4109 oportet
1339 4055 1482 4101 esse,
1526 4040 1632 4091 fine
1674 4038 1989 4091 maximum.
2075 4037 2360 4090 Collocato
2401 4036 2576 4106 igitur
2630 4038 2884 4092 radiante
2924 4056 3101 4108 prope
3142 4039 3216 4100 F,
3261 4035 3475 4089 citimus

761 4120 1016 4174 terminus
1077 4119 1295 4189 quidem
1338 4124 1429 4171 est
1486 4118 1688 4187 aliquis
1731 4125 1792 4170 et
1831 4117 2001 4186 longe
2044 4133 2081 4170 a
2119 4116 2292 4187 globo
2354 4117 2603 4179 distans,
2668 4120 2764 4171 sed
2806 4126 2992 4172 tamen
3054 4116 3313 4189 longius,
3369 4114 3476 4171 imo

752 4199 949 4254 infinito
991 4200 1209 4253 distans
1252 4200 1327 4252 ab
1366 4198 1560 4252 ultimo
1602 4196 1866 4260 termino,
1910 4198 2004 4266 qui
2052 4196 2173 4265 jam
2215 4214 2326 4250 uon
2366 4204 2454 4250 est
2509 4197 2806 4260 terminus,
2864 4214 2985 4253 cum
3030 4215 3140 4251 non
3195 4196 3474 4259 terminet,

756 4280 1083 4334 sectionibus
1135 4279 1193 4333 in
1249 4278 1517 4332 infinitum
1577 4277 2020 4331 excurrentibus.
2117 4277 2241 4330 Non
2303 4283 2489 4329 tamen
2540 4277 2645 4330 hoc
2702 4279 2825 4331 vult
2887 4277 3271 4340 corollarium,
3334 4278 3476 4347 quod

756 4360 998 4414 radiante
1041 4360 1097 4413 in
1139 4360 1184 4413 F
1225 4358 1439 4412 citimus
1482 4357 1557 4411 sit
1595 4357 1858 4411 remotior
1900 4372 2064 4426 quam
2104 4355 2359 4410 radiante
2402 4356 2459 4409 in
2499 4357 2541 4411 1.
2626 4357 2769 4411 Nam
2811 4358 2868 4412 in
2910 4360 2936 4411 1
2976 4364 3216 4427 uterque
3262 4356 3477 4410 citimus

755 4447 805 4492 et
845 4440 1076 4494 ultimus
1120 4438 1176 4492 in
1218 4438 1485 4492 infinitum
1528 4438 1771 4492 abeunt:
1818 4436 1872 4489 in
1912 4437 1957 4489 1?
1997 4436 2191 4489 ultimo
2226 4435 2349 4503 jam
2391 4441 2743 4500 vanescente,
2788 4437 3004 4491 citimus
3057 4444 3244 4491 tamen
3286 4440 3477 4491 manet

757 4518 800 4572 in
836 4527 998 4573 certa
1037 4518 1324 4573 distantia.
1409 4519 1713 4587 Comparat
1761 4516 1936 4586 igitur
1991 4516 2344 4569 corollarium
2384 4515 2473 4569 hic
2522 4522 2785 4585 punctum
2827 4519 2872 4571 F
2914 4534 3023 4571 non
3085 4532 3207 4570 cum
3256 4513 3475 4586 punctis

762 4598 807 4661 F,
848 4601 890 4664 1,
934 4600 1032 4654 sed
1074 4616 1198 4653 cum
1238 4615 1301 4651 se
1343 4597 1718 4667 superioribus
1762 4595 1914 4650 tertii
1957 4596 2197 4666 generis.

921 4678 1289 4734 corollarium
1332 4678 1555 4732 tertium
1598 4684 1687 4730 est
1728 4693 1802 4730 ex
1844 4674 2160 4744 praemissis
2203 4682 2261 4728 et
2304 4675 2605 4729 oculariter
2658 4674 2933 4730 declarari
2975 4683 3178 4745 potest
3219 4674 3276 4728 in
3316 4672 3473 4726 sche-

759 4767 890 4813 mate
933 4759 1031 4815 80.
1115 4758 1175 4813 Si
1216 4758 1361 4812 enim
1403 4759 1494 4811 FE
1536 4765 1596 4811 et
1634 4758 1742 4810 HG
1784 4756 1895 4809 sint
1935 4755 2225 4824 paralleli,
2279 4764 2445 4809 erunt
2495 4756 2763 4826 aequales
2805 4756 2901 4818 1D‚
2946 4756 3049 4818 IA,
3105 4753 3245 4827 quia
3285 4752 3476 4823 aequi-

761 4854 960 4893 erurum
999 4840 1171 4902 ΓΒΗ,
1214 4840 1389 4900 EAG,
1433 4838 1597 4892 bases
1641 4838 1756 4898 FB,
1799 4836 1903 4888 EG
1946 4836 2226 4904 aequales,
2270 4843 2333 4888 et
2374 4835 2570 4905 anguli
2610 4836 2683 4897 D,
2724 4840 2773 4888 A
2819 4835 2890 4888 ob
2931 4834 3305 4889 resi-actiones
3348 4847 3474 4885 eas-

764 4918 867 4971 dem
904 4919 959 4973 in
1001 4921 1061 4983 F,
1105 4920 1190 4982 H,
1236 4925 1298 4972 et
1335 4919 1402 4981 Ε,
1449 4919 1514 4971 G.
1599 4918 1752 4970 Tunc
1813 4914 1986 4984 igitur
2044 4915 2214 4968 etiam
2269 4916 2347 4969 IR
2413 4914 2520 4984 ipsi
2578 4915 2641 4969 IS
2701 4915 2955 4985 aequalis
3011 4914 3120 4968 erit
3191 4909 3267 4982 (si
3306 4913 3373 4975 Β,
3416 4910 3473 4976 S,

733 5047 736 5054 .
768 4996 919 5053 citimi
957 5000 1070 5054 sint
1110 4995 1373 5062 termini),
1416 5005 1480 5051 et
1517 4999 1606 5062 IT,
1648 4997 1733 5051 IM
1777 4994 1846 5059 (si
1891 4996 1952 5057 T,
1996 4996 2054 5049 M
2095 4990 2302 5063 ultimi)
2345 5001 2405 5047 et
2445 4995 2682 5066 denique
2723 4994 2835 5057 ΒΤ,
2878 4994 2979 5049 SM
3019 4994 3305 5064 aequales.

920 5074 978 5148 ¹⁶)
1020 5077 1190 5150 Cogit
1243 5095 1330 5132 me
1377 5094 1468 5132 res
1530 5078 1655 5147 ipsa
1714 5075 2056 5144 distinguere
2113 5075 2258 5128 inter
2319 5074 2737 5127 intel-sectiones
2792 5091 2902 5128 non
2958 5074 3360 5144 parallelorum
3410 5077 3490 5126 et·
