4584 6192
990 561 1073 625 crpus
1089 560 1132 611 xl.
1675 558 1740 626 335

378 745 411 799 et
432 735 556 817 eclipsis
579 736 610 801 in
633 757 757 815 occasu,
782 738 809 801 si
832 737 914 801 Solis
938 738 1059 818 eclipsis
1083 738 1122 799 ab
1145 745 1213 801 ortu
1244 738 1375 817 incipere
1407 737 1509 801 debet.
1554 736 1686 801 Rursum
1711 740 1737 801 si

378 827 417 889 ab
439 845 552 889 occasu
575 827 723 901 desinere,
745 828 849 890 Lunae
873 828 1064 889 latitudinem
1087 828 1136 888 vel
1160 827 1430 906 septentrionalem
1458 834 1644 890 crescentem
1669 846 1739 890 esse

379 923 507 997 oportet,
531 916 637 998 eclipsi
660 918 690 978 in
716 936 835 989 occasu,
858 917 907 978 vel
931 917 1156 979 meridionalem
1180 925 1375 990 crescentem,
1401 916 1508 997 eclipsi
1531 916 1562 977 iu
1585 924 1663 980 ortu.

465 1003 529 1067 Sed
553 1006 632 1086 quod
655 1007 827 1086 parallaxes
852 1006 979 1080 attinet,
1004 1026 1098 1087 penes
1122 1025 1197 1085 quas
1222 1014 1270 1066 est
1292 1006 1480 1085 principatus
1504 1024 1629 1078 causae,
1661 1024 1737 1068 con·

377 1094 540 1157 siderauda
560 1102 632 1156 sunt
646 1115 691 1169 ea,
717 1115 793 1176 quae
817 1095 918 1175 capite
941 1113 1019 1156 nono
1035 1103 1104 1156 sunt
1128 1096 1345 1168 demonstrata,
1371 1105 1402 1155 et
1421 1094 1609 1175 inspicienda
1632 1094 1738 1157 tabula

378 1182 538 1263 Coperuici
552 1184 729 1264 angulorum
744 1184 951 1246 horizontalis.
978 1190 1030 1266 (De
1049 1191 1134 1242 Revol.
1155 1191 1223 1241 Geel.
1242 1192 1275 1253 fl,
1296 1189 1351 1250 lo.)
1382 1182 1508 1245 Oriente
1523 1182 1616 1262 igitur
1630 1182 1736 1245 Ariete

375 1273 524 1353 incipiunt
547 1273 648 1351 anguli
673 1292 809 1336 crescere
832 1292 926 1353 usque
950 1274 978 1334 in
996 1273 1128 1347 Libram,
1154 1274 1269 1335 oriente
1291 1272 1407 1335 Cancro
1432 1279 1573 1334 crescunt
1595 1271 1735 1335 maxime.

376 1362 458 1423 Tunc
482 1361 575 1441 igitur
597 1362 764 1441 parallauis
789 1362 958 1424 latitudinis
983 1362 1131 1424 decrescit
1163 1362 1313 1438 maxime,
1342 1370 1374 1424 et
1396 1362 1484 1422 Luna
1507 1379 1681 1442 quocunque
1706 1362 1735 1423 in

375 1451 461 1529 signo
485 1469 577 1530 super
599 1450 784 1513 horizontem
799 1470 923 1513 versans
947 1451 1108 1513 visibiliter
1122 1452 1151 1513 in
1176 1452 1412 1530 septentrionem
1428 1451 1531 1523 fertur,
1556 1449 1736 1528 plusquam

376 1558 445 1601 vero
469 1548 553 1601 motu
577 1539 607 1601 in
632 1548 782 1614 austrum,
808 1547 841 1601 et
864 1541 957 1601 multo
979 1539 1048 1619 plus
1072 1540 1098 1601 si
1123 1542 1214 1602 etiam
1238 1560 1309 1601 vero
1340 1549 1423 1602 motu
1447 1538 1603 1600 ascendat.
1652 1539 1735 1601 'lunc

376 1628 478 1707 igitur,
504 1626 577 1690 Sole
601 1646 708 1690 versus
731 1647 870 1691 occasum
889 1629 1039 1690 existente
1056 1628 1084 1689 in
1107 1648 1203 1708 parva
1227 1630 1331 1709 eclipsi
1355 1627 1492 1701 australi,
1517 1626 1662 1708 possibile
1687 1636 1736 1691 est

374 1716 438 1779 heri
462 1718 542 1797 quod
566 1717 804 1797 proponebatur,
839 1726 873 1778 ut
896 1717 950 1780 Sol
974 1718 1012 1780 ab
1037 1726 1105 1780 ortu
1128 1718 1253 1798 incipiat
1283 1718 1419 1780 deficere.
1468 1715 1589 1780 Contra
1607 1723 1734 1796 septen·

372 1804 512 1868 trionalis
534 1825 630 1885 parva
652 1807 775 1886 eclipsis
799 1825 903 1869 versus
928 1816 1024 1869 ortum
1049 1807 1184 1869 existens
1207 1807 1321 1886 poterit
1344 1807 1383 1868 ab
1406 1824 1515 1868 occasu
1538 1804 1667 1885 impleri.

462 1892 581 1957 Contra
608 1895 723 1957 oriente
748 1895 933 1976 Capricorno
958 1917 976 1957 a
999 1897 1093 1957 Libra
1116 1896 1145 1957 in
1171 1896 1308 1957 Arietem
1336 1895 1478 1958 minuitur
1501 1895 1627 1973 angulus
1651 1892 1735 1955 hori-
1798 1951 1808 1960 .

372 1982 480 2057 contis,
505 1994 633 2063 angetur
654 1985 840 2062 parallauis,
865 1985 952 2046 Luna
979 1985 1090 2046 visibili
1115 1992 1197 2046 motu
1231 1986 1325 2046 fertur
1348 1986 1378 2046 iu
1403 1993 1548 2046 austrum.
1594 1982 1733 2062 Eclipses

331 2100 335 2109 ¹
372 2090 444 2152 ergo
467 2074 723 2153 septentrionales
746 2074 776 2135 in
802 2074 969 2154 quadrante
993 2073 1134 2135 orientali
1165 2074 1332 2135 existentes
1361 2073 1505 2152 incipient
1529 2072 1567 2133 ab
1586 2080 1654 2133 ortu
1678 2072 1733 2132 de-

372 2162 480 2223 licere:
507 2163 657 2224 australes
681 2163 711 2223 iu
735 2162 876 2225 orientali
906 2164 1074 2243 quadrante
1106 2163 1144 2223 ab
1168 2181 1279 2225 occasu
1303 2162 1450 2223 desinent.
1490 2162 1607 2222 Verum
1629 2167 1733 2223 tamen

373 2249 447 2312 haec
481 2268 576 2313 causa
602 2261 663 2313 tam
698 2259 747 2313 est
778 2251 923 2325 evidens,
954 2260 986 2314 ut
1010 2252 1039 2313 in
1068 2252 1133 2331 ipso
1166 2271 1242 2330 pene
1273 2252 1396 2313 meridie
1426 2250 1529 2312 valeat
1561 2249 1732 2329 adjumento
1768 2249 1773 2258 '

371 2348 549 2401 ceterarum.
586 2341 664 2403 Nam
687 2339 718 2401 in
742 2341 864 2402 meridie
888 2341 1027 2403 celeriter
1042 2342 1129 2402 Luna
1152 2341 1335 2420 retroagitur
1353 2358 1407 2419 per
1426 2339 1509 2401 visus
1528 2337 1731 2418 phantasiam.

371 2427 476 2508 ltaque
501 2428 565 2490 fere
595 2438 713 2491 tantum
736 2430 765 2490 iu
799 2431 1035 2509 septentrionem
1069 2430 1232 2491 ascendere
1250 2430 1403 2503 ¹videtur,
1437 2428 1465 2489 in
1490 2426 1585 2508 siguis
1614 2426 1733 2508 quidem

373 2516 500 2579 idoneis.

455 2604 548 2668 Anno
574 2600 669 2670 1599.
705 2603 754 2669 12.
780 2607 828 2667 vel
857 2602 910 2668 22.
933 2606 1008 2668 Julii
1041 2626 1127 2669 mane
1160 2606 1190 2668 iu
1223 2607 1289 2686 ipso
1323 2612 1430 2668 exortu
1453 2601 1536 2667 Solis
1567 2602 1650 2666 visus
1683 2611 1732 2667 est

372 2694 495 2772 exiguus
522 2694 658 2757 delectus
682 2695 800 2773 Pragae
824 2715 843 2755 a
866 2696 1006 2777 Tychone
1030 2695 1059 2756 in
1091 2697 1155 2775 ipso
1187 2715 1263 2777 pene
1294 2696 1407 2758 vertice
1441 2692 1576 2774 corporis
1600 2691 1730 2757 Solaria.

457 2781 537 2845 Cum
559 2783 650 2863 igitur
672 2784 760 2845 Luna
792 2784 911 2863 quidem
934 2803 1005 2845 vero
1029 2794 1112 2846 motu
1144 2785 1335 2847 descenderit
1366 2802 1473 2845 versus
1500 2781 1610 2844 nodum
1634 2782 1731 2845 deve-

371 2871 505 2948 hentem,
540 2880 574 2933 at
596 2880 702 2934 contra
724 2890 778 2951 per
800 2872 883 2934 visus
913 2874 1104 2952 phantasiam
1135 2874 1293 2953 plurimum
1316 2874 1346 2935 in
1370 2872 1606 2952 septentrionem
1635 2872 1729 2935 fuerit

371 2969 485 3035 evecta,
508 2961 632 3023 minutis
655 2961 824 3023 latitudinis
848 2963 1065 3041 parallaxibus,
1089 2964 1198 3043 quippe
1213 2963 1327 3024 oriente
1343 2963 1465 3024 Leone:
1490 2961 1582 3040 igitur
1606 2961 1732 3023 minima

370 3048 538 3123 inclinatio,
563 3050 630 3111 finis
654 3051 813 3113 adortum
846 3052 1007 3130 spectavit.
1054 3053 1089 3113 In
1113 3051 1284 3113 climatibus
1318 3051 1409 3130 igitur
1440 3049 1642 3124 australibus,
1678 3050 1728 3112 ubi

371 3138 463 3200 minor
487 3139 633 3212 deiectus,
657 3158 782 3202 necesse
808 3150 855 3201 est
870 3140 907 3201 ab
928 3160 1036 3202 occasu
1061 3141 1184 3203 stetisse
1209 3140 1359 3202 deiectum
1375 3139 1553 3220 aprincipio
1569 3138 1607 3199 ad
1626 3139 1725 3201 finem.

370 3227 458 3289 Anno
487 3223 582 3290 1593.
614 3225 668 3290 20.
691 3228 766 3290 Maii
797 3228 961 3291 Servestae
995 3229 1176 3291 observatus
1208 3239 1256 3290 est
1279 3228 1334 3292 Sol
1365 3230 1403 3289 ad
1436 3229 1511 3290 duos
1546 3227 1658 3307 digitos
1689 3229 1728 3291 ab

368 3315 445 3377 iufra
468 3316 615 3390 deficere3
645 3318 794 3396 vergebat
825 3319 963 3380 delectus
992 3318 1077 3381 initio
1110 3337 1216 3398 parum
1240 3318 1279 3379 ad
1308 3318 1479 3389 sinistram,
1512 3316 1540 3377 in
1564 3317 1621 3377 fine
1649 3317 1728 3396 plus.

370 3402 479 3484 Coepit
510 3404 602 3485 igitur
625 3406 664 3468 ab
688 3415 771 3481 ortu,
802 3407 890 3468 Luna
921 3414 1005 3468 motu
1041 3408 1210 3468 latitudinis
1243 3408 1273 3468 in
1312 3406 1547 3488 septentrionem
1581 3406 1728 3468 enitente.

368 3493 514 3555 Hucnuae
536 3494 611 3556 nihil
633 3495 732 3557 visun
756 3503 805 3557 est
828 3497 963 3570 delicere,
988 3503 1022 3558 ut
1045 3497 1179 3558 calculos
1203 3505 1323 3576 tempus
1347 3495 1481 3558 ostendit
1504 3494 1534 3556 h.
1560 3494 1590 3557 2.
1615 3490 1681 3557 402.

453 3584 546 3646 Auno
572 3580 665 3647 1588.
694 3580 745 3647 16.
769 3585 927 3646 Februarii
957 3586 1101 3647 Hueonae
1131 3593 1203 3665 post
1233 3586 1338 3647 horam
1375 3586 1401 3647 1.
1426 3581 1481 3648 322
1515 3583 1649 3645 meridiei
1674 3582 1728 3646 Sol

369 3670 493 3733 deficere
516 3672 636 3752 coepit;
660 3672 735 3734 hora
757 3670 788 3733 2.
814 3670 868 3737 51¹
892 3674 992 3735 desiit.
1031 3675 1181 3754 Principio
1206 3674 1342 3735 defectus
1368 3673 1500 3753 pingitur
1523 3672 1643 3733 circiter
1666 3668 1728 3734 362

368 3760 520 3821 avertice
544 3762 583 3823 ad
607 3762 745 3824 dextram
777 3762 948 3824 declicare:
984 3764 1033 3843 qui
1062 3782 1129 3825 cum
1159 3764 1351 3831 ascenderet,
1385 3762 1423 3823 ad
1448 3761 1594 3823 verticem
1624 3769 1725 3822 tamen

369 3847 483 3911 Solaria
517 3850 654 3930 corporis
683 3870 740 3913 non
772 3852 916 3929 pervenit.
961 3852 1042 3914 Nam
1065 3853 1094 3914 in
1119 3853 1176 3913 dne
1210 3851 1364 3914 inclinatio
1397 3869 1502 3913 versus
1535 3850 1672 3911 dextram
1695 3858 1728 3912 et

369 3956 504 4000 occasrun
525 3939 662 4019 pingitur
685 3939 783 4001 adhuc
811 3939 849 4003 12
874 3949 928 4002 aut
955 3937 1020 4003 152.
1065 3940 1229 4004 Oriebatur
1250 3942 1326 4003 Leo.
1371 3941 1477 4002 Lunae
1500 3957 1573 4000 vera
1597 3937 1726 4001 latitudo

369 4025 495 4089 borealis
521 4028 718 4090 decrescebat
725 4047 734 4102 ;
766 4029 804 4090 ad
828 4030 925 4091 visum
949 4040 1048 4091 tamen
1072 4032 1139 4109 plus
1169 4031 1337 4109 augebatur
1369 4029 1491 4091 minutis
1519 4027 1726 4107 parallaxibus

370 4113 543 4179 latitudiuis.
592 4115 709 4180 Contra
731 4136 784 4197 per
816 4119 1004 4181 incrementa
1027 4139 1138 4199 magna
1167 4121 1360 4199 parallaxeos
1393 4116 1588 4198 longitudinis
1612 4119 1725 4197 (auge-

370 4200 451 4267 batur
474 4205 554 4267 euim
577 4215 608 4267 et
632 4207 738 4268 titulus
762 4217 851 4269 aucto
876 4209 986 4287 angulo
1011 4208 1175 4271 horizontis
1196 4218 1227 4270 et
1249 4209 1348 4289 portio
1370 4210 1406 4270 de
1430 4209 1528 4282 titulo,
1554 4206 1623 4285 quia
1638 4207 1726 4268 Luna

371 4295 557 4440 odonagesimo
582 4297 764 4377 propinqua)
789 4296 877 4358 Luna
900 4299 929 4359 in
954 4307 1036 4359 motu
1061 4298 1099 4359 ab
1128 4316 1237 4360 occasu
1261 4299 1291 4359 iu
1315 4303 1413 4359 ortum
1441 4296 1600 4377 plurimum
1624 4304 1724 4360 retar-

389 4382 502 4446 matur.

448 4470 513 4535 Sed
532 4490 647 4552 nequa
669 4478 767 4534 restet
786 4472 944 4548 dubitatio,
960 4492 1029 4536 ecce
1054 4474 1236 4554 computabo
1259 4473 1478 4547 inclinationes,
1505 4473 1609 4553 quales
1628 4473 1724 4537 videri

377 4562 529 4636 oportuerit
559 4560 598 4623 ad
631 4560 807 4640 principium
840 4571 872 4623 et
904 4564 1001 4624 tinem.
1049 4565 1120 4624 Fuit
1153 4562 1206 4625 Sol
1239 4565 1269 4626 iu
1301 4560 1339 4626 7⁰
1370 4561 1422 4625 17⁴
1454 4568 1502 4636 it,
1533 4559 1572 4624 72
1599 4559 1654 4625 20⁴
1682 4569 1721 4638 Χ,

380 4651 497 4712 sensio
521 4658 609 4713 recta
631 4645 715 4714 3392
737 4648 779 4724 0‘,
806 4647 889 4715 3392
913 4649 953 4726 3¹,
986 4651 1133 4714 distantia
1163 4653 1337 4732 temporalis
1361 4674 1380 4713 a
1403 4652 1569 4714 meridiano
1593 4646 1656 4714 23⁰
1677 4649 1719 4726 θ’,

381 4729 423 4796 122
451 4735 515 4803 452.
563 4738 646 4818 Ergo
679 4740 818 4802 ascensio
851 4749 933 4803 recta
964 4761 1002 4802 nr.
1028 4761 1053 4805 c.
1088 4737 1127 4804 22
1150 4741 1193 4813 0‘,
1226 4739 1287 4805 212
1318 4738 1382 4805 482.
1429 4740 1555 4804 Coelum
1587 4740 1721 4803 mediant

383 4817 407 4881 ²⁸
427 4828 474 4890 ll‘
497 4828 544 4906 Υ,
571 4823 633 4891 232
655 4823 711 4890 342
734 4828 780 4905 Υ,
805 4849 928 4910 quorum
952 4831 1083 4893 borealis
1107 4832 1269 4893 declinatio
1293 4827 1332 4894 0⁰
1354 4828 1419 4903 52¹,
1443 4826 1482 4895 92
1504 4829 1564 4905 122,
1590 4829 1719 4893 altitudo

385 4914 425 4985 l⁰li
452 4914 513 4981 55⁰
545 4914 612 4981 55‘.
659 4915 742 4996 Ergo
775 4919 1001 4981 culminaotinm
1032 4929 1207 5000 punctorum
1240 4921 1368 4983 altitudo
1400 4915 1461 4983 552
1489 4917 1530 4995 32,
1564 4914 1626 4983 462
1653 4915 1718 4983 432.

386 4994 504 5069 briuutur
526 5024 600 5069 vero
627 5000 664 5068 12
686 5002 741 5069 56⁴
766 5013 805 5083 tl,
835 5005 891 5071 15⁰
914 5005 946 5072 6¹
971 5014 1008 5084 ll,
1035 5011 1192 5072 ethorum
1221 5010 1429 5090 quadrangula
1452 5009 1481 5070 in
1513 5008 1717 5089 nonagesimo.

388 5085 446 5155 luter
465 5116 537 5177 ergo
559 5113 671 5175 nonag.
697 5104 727 5156 et
752 5098 919 5160 culminans
943 5094 1003 5161 292
1025 5096 1091 5174 452,
1117 5096 1178 5161 212
1199 5096 1262 5162 322.
1309 5101 1387 5161 Hinc
1410 5099 1558 5161 distantia
1581 5116 1717 5181 nonage-

420 5197 496 5248 ιηιω
509 5203 591 5251 open.
611 5202 639 5241 rr.
1471 5205 1503 5255 25
