4584 6192
928 568 1049 618 derebus
1069 568 1170 631 Opticis.
1554 628 1556 632 ,
1684 564 1727 633 85

364 740 394 792 2⁰
413 740 438 789 2⁴
457 738 529 799 w,
548 744 586 792 ita
604 751 641 799 ut,
660 745 761 793 tametsi
779 742 950 809 parallarisiu
970 747 1081 790 austmm
1100 742 1136 790 vol
1156 743 1261 791 maxime
1281 744 1422 798 tetenderit,
1442 746 1578 808 etquidem
1597 747 1664 795 circa
1678 742 1727 795 ⁰0⁰

366 816 397 863 sb
413 814 554 870 horizonte,
573 813 643 863 nulls
661 821 744 863 tamen
764 813 806 864 Sol
826 829 855 862 ex
874 820 944 876 parte
967 813 1092 867 defecerit,
1113 814 1145 861 da
1164 814 1208 861 hat
1226 827 1283 861 mun
1308 815 1367 863 aber
1388 816 1484 863 inuam
1502 817 1580 878 ipsam
1597 830 1644 881 gar
1662 818 1725 866 wohl

364 884 414 934 und
433 884 575 934 erkeutlicb
589 900 620 933 au
634 884 762 934 derselben
775 884 834 933 Zeit
846 899 886 933 um
900 884 992 948 Mittag
1004 883 1121 948 genehen,
1142 883 1193 933 also
1207 884 1264 933 dass
1280 885 1510 949 jedermanniglicb‚
1531 887 1604 944 docti,
1624 888 1725 945 indocti,

364 954 406 1005 ssiu
425 955 580 1005 disceruireu
599 955 718 1004 konuteu.
752 955 789 1003 Ist
808 955 838 1004 dc
857 970 882 1003 re
901 960 973 1018 gesta
995 968 1041 1017 gar
1063 955 1120 1003 lrein
1139 955 1246 1004 dubium.
1267 956 1334 1004 daun
1354 956 1513 1019 geschrieben
1530 957 1641 1007 worden:
1661 958 1726 1023 quod

367 1033 418 1076 tote
437 1025 535 1076 Servilia
553 1035 606 1074 tum
626 1027 714 1075 viderit
733 1027 828 1075 Lunam
857 1028 923 1075 circa
947 1028 1026 1088 ipsam
1051 1026 1185 1074 meridiem.
1224 1026 1322 1075 Audere
1343 1026 1479 1076 Umsttude
1505 1027 1573 1076 kann
1591 1028 1632 1077 ich
1653 1030 1725 1078 ieine

364 1099 538 1160 penetriereu,
567 1097 635 1145 daun
665 1097 758 1151 allein.
787 1098 850 1159 quod
877 1112 907 1145 ex
935 1097 1025 1144 tabulis
1053 1102 1103 1144 tum
1135 1099 1250 1160 temporis
1279 1105 1388 1161 aequata
1417 1099 1541 1147 anomalia
1561 1097 1624 1148 Solis
1654 1102 1726 1149 fuerit
1759 1144 1766 1156 ,

367 1161 387 1215 d'
408 1163 459 1216 ³5⁰
478 1166 505 1213 7⁴
526 1165 580 1215 ltr‘
601 1175 627 1217 et
645 1168 732 1217 Lunae
752 1160 771 1215 ³¹
795 1165 844 1217 57¹¹
864 1164 904 1214 10¹
926 1164 987 1214 47¹⁴.

429 1238 502 1288 Bitte
521 1238 566 1287 der
582 1238 647 1288 Hert
673 1239 742 1287 wolle
761 1239 808 1287 den
828 1237 927 1287 Sacheu
947 1241 991 1286 mit
1011 1238 1086 1286 Fleiss
1112 1238 1309 1302 necligedenken
1328 1240 1378 1288 und
1402 1242 1447 1289 mir
1469 1238 1583 1289 bieriiber
1601 1243 1654 1291 sein
1675 1241 1724 1291 Be·

365 1308 462 1359 deuken
480 1309 534 1358 und
552 1311 676 1358 rationem
695 1312 802 1373 opticam
822 1309 930 1358 erbffueu
948 1308 998 1357 und
1015 1309 1201 1357 demonstriren.
1236 1310 1309 1358 Diess
1328 1310 1487 1359 Phaenomeu
1507 1313 1539 1359 ist
1559 1311 1623 1366 dem.
1644 1312 1725 1361 daron

365 1378 464 1430 Vitellio
482 1380 534 1429 und
553 1379 694 1429 Iibeiuhold
721 1380 865 1443 disputireu,
892 1382 928 1428 nit
947 1380 1042 1444 gleich,
1072 1381 1131 1428 aber
1157 1381 1219 1428 doch
1238 1383 1275 1429 nit
1294 1396 1320 1429 so
1344 1396 1389 1445 gar
1418 1382 1560 1430 uuthulich.
1599 1383 1665 1432 Aber
1682 1382 1725 1432 des

365 1450 444 1500 licrru
463 1453 529 1499 ratio
548 1451 644 1499 militirt
665 1452 689 1500 iu
712 1452 803 1501 diesem
819 1451 994 1500 Phaenomeno
1013 1466 1058 1515 gar
1077 1452 1121 1499 uit.
1151 1451 1207 1499 ll'ill
1227 1452 1278 1499 also
1296 1453 1348 1501 sein
1366 1452 1501 1501 Bedenlreu
1520 1455 1565 1501 mit
1581 1453 1725 1517 Veriangen

368 1527 488 1571 ervaneu
507 1522 558 1570 und
579 1522 643 1571 blcib
662 1522 714 1571 lme
735 1537 871 1586 aageueme
892 1521 982 1570 Dienst
1001 1537 1031 1569 zu
1051 1513 1167 1570 erweis'en
1187 1522 1269 1586 willig.

450 1592 531 1641 Paulo
550 1600 613 1655 post.
635 1592 659 1641 d.
681 1591 723 1640 2¹.
743 1593 836 1648 Martii,
856 1593 999 1642 ilerwartus
1020 1595 1189 1641 transmittens
1208 1593 1316 1655 Keplero
1337 1595 1407 1650 ,sein
1426 1593 1517 1648 Zettel,
1542 1608 1569 1641 so
1590 1608 1616 1642 er
1634 1594 1725 1643 wieder

366 1662 489 1728 begehrt'*
510 1664 631 1727 prioribus
657 1664 742 1712 addit:
769 1663 850 1713 Soriel
871 1663 911 1712 die
932 1664 1102 1727 quaestionem
1129 1663 1236 1720 betrifft,
1264 1680 1307 1712 our
1325 1663 1397 1714 Luna
1415 1670 1470 1726 post
1496 1664 1597 1727 eclipsin
1617 1661 1648 1723 Θ
1670 1681 1722 1714 cer·

368 1742 444 1790 uitur,
465 1734 500 1782 ist
514 1736 561 1782 mir
579 1735 738 1799 eingefallen,
756 1736 786 1784 ob
800 1750 826 1782 es
842 1734 966 1784 vielleicbt
983 1735 1059 1783 daher
1077 1734 1150 1798 tolga,
1171 1734 1227 1782 dass
1242 1737 1267 1783 in
1285 1736 1339 1797 ipsa
1355 1734 1490 1785 medietate
1505 1734 1618 1784 defectus
1633 1735 1725 1784 Solaris

370 1806 431 1854 urea
449 1805 548 1855 oculum
574 1815 685 1854 uestrum
709 1806 828 1855 tenebrae
854 1806 954 1854 obortae
979 1813 1055 1854 etwas
1078 1806 1164 1869 lauger
1189 1806 1240 1854 also
1260 1807 1284 1854 in
1303 1806 1357 1855 loco
1380 1805 1526 1863 rerbleibeu,
1554 1807 1591 1853 itu
1611 1813 1646 1862 ut,
1672 1808 1724 1855 sive

371 1876 477 1925 ὐίωιιιιιι
503 1875 586 1925 Solem
610 1877 635 1924 in
661 1876 846 1940 praecedentia,
876 1878 927 1925 sive
956 1877 1066 1925 dicamus
1090 1876 1191 1925 Terram
1218 1878 1243 1924 iu
1272 1877 1448 1939 consequentia
1476 1878 1566 1925 moveri
1593 1883 1661 1924 motu
1679 1892 1724 1925 suo

371 1945 459 2005 diurna
479 1947 554 1995 Luna
572 1954 627 2010 post
646 1948 748 2010 eclipsin
767 1947 830 1997 Solis
849 1961 878 1995 ex
900 1947 1007 1996 tenebris
1031 1954 1154 2006 cernatur,
1174 1947 1275 2009 perinde
1293 1949 1329 1995 uti
1352 1948 1440 1996 stellae
1458 1949 1483 1995 in
1508 1946 1628 2009 profundo
1649 1955 1723 2010 puteo

371 2017 485 2067 adeatur.
523 2016 600 2066 Halte
623 2018 704 2074 datur,
732 2019 796 2066 diess
818 2034 862 2079 sey
887 2018 952 2067 auch
975 2019 1018 2066 des
1037 2018 1117 2066 Herm
1137 2017 1264 2081 Meinung.
1304 2019 1336 2066 Es
1362 2019 1444 2066 wirrde
1469 2018 1521 2067 sich
1547 2019 1606 2067 aber
1625 2019 1670 2067 auf
1684 2018 1723 2068 die

371 2090 513 2208 proposiltJam
532 2096 558 2136 et
562 2090 603 2207 &in
632 2091 768 2137 novissimis
787 2091 848 2137 meis
867 2089 944 2137 literis
973 2095 1190 2138 commemoratam
1219 2090 1389 2153 quaestionem
1414 2090 1452 2137 nit
1480 2088 1613 2152 applieiren
1632 2089 1722 2138 lasseu.

480 2160 544 2208 amit
586 2174 608 2207 c.
1576 2187 1578 2191 .

452 2247 548 2309 Quibus
567 2248 681 2297 rescribit
699 2247 881 2309 Keplerus:

819 2334 937 2396 Nobilis
962 2341 993 2393 et
1017 2334 1176 2411 Magnifice
1202 2334 1269 2395 Vis.

866 2425 980 2483 Fauter
1003 2422 1225 2483 colendissime.

453 2512 577 2573 Literas
602 2520 670 2572 tuas
695 2507 726 2571 8.
752 2510 844 2571 biart.
870 2511 1010 2591 scriptas,
1039 2507 1087 2572 16.
1114 2513 1208 2591 ejusd.
1234 2510 1347 2589 accepi.
1393 2509 1647 2573 Jucuudissirnam
1671 2531 1721 2572 re-

381 2619 472 2661 censes
495 2600 654 2662 historiam
679 2601 715 2659 de
739 2599 826 2661 Luna
851 2600 879 2661 in
904 2600 1027 2659 meridie
1047 2600 1122 2660 visa
1158 2600 1253 2660 Vides
1273 2620 1319 2661 me
1343 2598 1415 2660 nibil
1441 2600 1497 2660 nisi
1522 2599 1626 2661 titulos
1650 2620 1722 2679 pro·

382 2688 444 2749 iteri
477 2689 609 2751 locorum
638 2689 846 2750 communium.
899 2688 979 2749 Ecce
1013 2688 1090 2748 enirn
1120 2689 1319 2749 clarissimum
1352 2688 1604 2766 experimentum,
1637 2689 1722 2767 cujus

383 2776 520 2838 scientiam
544 2796 654 2857 magno
682 2777 875 2838 redemissent
900 2778 937 2837 ad
971 2778 1174 2838 exornandum
1199 2778 1316 2838 librum.
1364 2775 1414 2837 Sic
1444 2778 1650 2856 Brenggerus,
1685 2797 1723 2837 ex

384 2883 427 2944 quo
448 2885 542 2926 meum
567 2867 673 2927 librum
700 2866 781 2943 legit,
808 2866 871 2944 ipse
896 2885 1011 2945 quoque
1037 2866 1193 2926 materiam
1219 2867 1336 2927 confert
1359 2866 1397 2925 ad
1426 2865 1508 2926 illum
1534 2865 1721 2943 amplifican-

385 2954 448 3028 dum,
472 2954 666 3032 deprehensis
692 2955 783 3014 multo
806 2955 941 3033 pluribus
964 2953 1126 3031 opticorum
1153 2955 1302 3015 erroribus
1320 2955 1400 3015 circa
1423 2953 1588 3015 doctrinam
1613 2963 1721 3032 catop-

372 3040 472 3103 *mam
496 3056 527 3103 et
552 3044 649 3105 locum
673 3043 823 3121 imaginis,
849 3062 936 3121 quarn
962 3062 1017 3120 ego
1043 3041 1119 3120 Cap.
1145 3044 1200 3103 lll.
1226 3042 1293 3104 libri
1318 3043 1375 3103 mei
1400 3043 1496 3119 tetigi.

456 3132 585 3210 Tempus
610 3150 734 3193 necesse
760 3141 808 3192 est
832 3131 924 3191 fuisse
950 3151 1027 3191 anuo
1055 3129 1149 3204 1555,
1167 3129 1235 3192 “·21.
1262 3132 1333 3191 Feb.
1359 3131 1387 3191 h.
1416 3127 1519 3208 10¹)23
1553 3137 1623 3189 aute
1657 3129 1722 3207 ejus

387 3218 430 3277 diei
458 3221 610 3281 meridiem
642 3220 698 3281 fuit
736 3220 935 3293 novilunium,
971 3221 1023 3279 sed
1060 3220 1222 3280 secundum
1253 3221 1403 3299 Tychonis
1438 3219 1583 3282 calculum
1614 3218 1642 3279 h.
1674 3216 1720 3279 lt.

389 3306 504 3369 lovanii.
555 3310 654 3369 Locus
690 3328 726 3367 ex
760 3308 867 3369 Stadio
901 3308 928 3368 in
957 3302 1090 3369 11'046‘
1121 3309 1221 3379 testu
1252 3305 1306 3370 12⁰
1333 3304 1387 3370 46¹
1412 3314 1470 3380 κ),
1503 3308 1557 3369 sed
1588 3306 1723 3388 Tychoni

390 3394 488 3457 circiter
514 3396 572 3459 12⁰
595 3395 649 3458 22⁴
674 3404 711 3469 it.
760 3399 792 3456 ln
817 3416 852 3456 eo
876 3397 1035 3474 igiturest
1059 3397 1204 3457 dissimile
1229 3396 1284 3457 boc
1309 3398 1535 3475 plraenomenou
1551 3395 1622 3469 illis,
1648 3415 1723 3475 quae

390 3482 492 3545 Vitellio
516 3487 610 3546 refert
634 3486 699 3556 (lib.
725 3482 755 3546 4.
780 3504 865 3566 prop.
892 3483 949 3555 77)
974 3496 1004 3545 et
1028 3485 1213 3547 Reiuholdus
1230 3483 1399 3546 Commeat.
1423 3485 1452 3546 in
1477 3486 1566 3547 Purb.
1591 3502 1619 3561 p.
1641 3485 1675 3544 T.
1692 3483 1723 3548 ii.

389 3573 499 3649 quodhi
523 3572 627 3634 Solem
651 3582 762 3635 tectum
787 3593 854 3633 esse
875 3574 1015 3635 referunt.
1055 3574 1119 3635 lllic
1137 3573 1238 3634 Solen]
1257 3575 1343 3635 Luna
1368 3594 1424 3635 nou
1450 3574 1537 3649 texit,
1562 3574 1615 3634 sed
1635 3574 1725 3653 juxta

389 3662 474 3722 seut:
497 3663 596 3723 simile
621 3663 649 3722 in
674 3662 746 3736 hoc,
777 3662 854 3742 quod
879 3682 1000 3723 causam
1032 3662 1144 3723 habeut
1172 3663 1309 3724 eandem.
1357 3663 1462 3742 ltaque
1487 3663 1603 3734 nescio,
1636 3678 1723 3740 quarn

390 3747 491 3811 obrem
524 3770 618 3812 cauea
642 3771 661 3811 a
683 3770 729 3810 me
763 3752 858 3811 allata
880 3751 963 3829 Mag.
997 3751 1078 3810 Tuae
1112 3770 1170 3811 nou
1201 3751 1339 3812 videatur
1371 3752 1477 3812 similis
1511 3751 1607 3812 veri‘
1632 3748 1723 3809 Certe

390 3832 446 3917 Cap.
462 3840 515 3900 Vl.
533 3839 571 3900 N.
592 3838 624 3900 11
655 3839 845 3918 apertissime
869 3840 1023 3913 concludo,
1048 3839 1141 3900 videri
1171 3849 1414 3912 consentaneum,
1440 3840 1467 3899 in
1493 3839 1558 3919 ipso
1582 3838 1724 3916 conjunc-

390 3923 460 3988 tionis
482 3927 609 3989 articulo
635 3929 663 3988 in
688 3928 763 3990 coeli
792 3928 889 3988 rnedio
922 3936 1092 3989 versantem
1123 3928 1240 3988 Lunam
1269 3928 1349 3989 cerni
1381 3947 1471 4006 posse
1498 3928 1588 4007 juxta
1612 3924 1724 3986 Solem.

391 4011 421 4073 n
437 4016 593 4096 qualenam
616 4017 785 4095 exemplum
810 4026 866 4089 est,
893 4017 969 4094 quod
994 4035 1030 4076 ex
1056 4015 1146 4077 Corn.
1174 4015 1302 4077 Gemma
1331 4018 1382 4077 fol.
1408 4012 1472 4077 256
1497 4014 1621 4087 adduxi,
1646 4031 1723 4073 nun·

391 4103 441 4178 quid
462 4105 551 4184 plane.
577 4106 648 4178 tale,
674 4106 761 4184 quale
781 4106 836 4165 hoc
857 4105 1014 4166 nostrum?
1038 4105 1173 4185 suspicor
1191 4106 1278 4179 enirn,
1303 4106 1448 4166 momoria
1472 4107 1588 4184 lapsum
1608 4103 1645 4162 de
1668 4102 1725 4162 hoc

391 4187 438 4267 ipso
458 4194 662 4273 phaenorneuo
687 4193 756 4254 anni
785 4191 867 4256 1555
892 4193 973 4272 loqui
997 4193 1138 4255 voluisse.
1162 4195 1282 4273 ¹ltaque
1303 4193 1369 4256 dico
1393 4194 1498 4256 iisdem
1515 4192 1625 4263 verbis,
1649 4210 1725 4272 quae

392 4288 441 4342 sunt
463 4283 513 4344 fol.
539 4278 614 4356 256,
640 4283 757 4343 Lunam
780 4283 878 4343 visam
902 4301 970 4342 esse
994 4301 1029 4341 eo
1055 4282 1176 4355 lumine,
1210 4283 1288 4362 quod
1312 4303 1330 4342 a
1358 4282 1452 4343 Terra
1476 4281 1566 4343 fuerit
1589 4288 1727 4343 mutuata

392 4366 457 4447 cique
480 4370 622 4450 majorem
656 4372 788 4449 rigorem
812 4371 850 4431 ab
875 4382 1000 4432 externa
1031 4371 1131 4450 aliqua
1163 4390 1255 4431 causa
1279 4379 1311 4431 et
1343 4370 1510 4431 adventitia
1535 4370 1627 4430 fuisse
1651 4388 1726 4429 cou-

393 4453 511 4522 ciliatum.
558 4459 644 4520 Haec
668 4459 721 4532 ibi,
745 4460 904 4539 quaejam
929 4458 1095 4538 explicabo.
1144 4457 1246 4521 Causa
1270 4459 1322 4520 illa
1354 4458 1521 4520 adventitia
1555 4460 1628 4530 (nou
1652 4474 1726 4517 sane

393 4546 449 4606 satis
478 4548 533 4609 hoc
569 4548 688 4626 proprie
728 4548 851 4615 dicitur)
893 4548 947 4608 fuit
988 4548 1180 4609 vastissimus
1214 4546 1355 4609 Oceanus
1392 4548 1558 4608 interfusus
1590 4545 1724 4616 Africae,

393 4627 507 4717 Europae
531 4648 563 4698 et
588 4636 756 4697 Americae.
804 4640 910 4716 ltaque
935 4637 1037 4697 Lunae
1063 4637 1090 4698 in
1116 4636 1191 4697 coeli
1216 4638 1312 4698 medio
1337 4635 1470 4698 versanti
1495 4634 1627 4697 Seviliae
1651 4651 1726 4693 cou-

395 4718 486 4802 liugere
510 4733 572 4787 tam
598 4726 699 4786 valida
730 4725 892 4787 illustratio
921 4722 1034 4803 potuit,
1060 4727 1137 4805 quod
1163 4725 1190 4785 in
1218 4725 1388 4803 regionibus
1417 4721 1646 4786 mediterraneis
1669 4739 1726 4781 non

395 4806 551 4891 leporem.
600 4815 706 4897 Aquae
737 4814 815 4875 enirn
848 4814 915 4892 plus
948 4814 1097 4875 claritatis
1131 4814 1293 4874 refundunt
1321 4832 1408 4892 quarn
1434 4821 1547 4881 terrae,
1580 4804 1615 4891 ui·
1635 4809 1727 4887 probo

396 4902 575 4977 menimento
600 4922 665 4963 meo
688 4898 773 4964 N.9
808 4902 899 4982 (Cap.
926 4902 1009 4975 Vl).
1057 4903 1129 4963 Alia
1160 4922 1253 4963 causa
1281 4902 1449 4963 adventitia
1482 4901 1545 4961 siue
1580 4918 1639 4977 qua
1669 4916 1728 4958 non

396 4981 437 5047 frit
456 4990 585 5054 fortasse
609 4991 798 5070 profunditas
824 4990 903 5052 acris
919 5000 950 5051 et
974 4991 1138 5052 subtilitas.
1177 4992 1255 5051 nan
1279 5010 1373 5069 penes
1397 5010 1451 5052 uos
1476 4999 1509 5050 nt
1531 4996 1563 5049 et
1586 4988 1614 5047 in
1630 4987 1729 5048 Ponto

396 5076 503 5142 letatur
526 5079 713 5142 Aristoteles
736 5085 790 5142 air
813 5079 954 5153 crassior,
979 5079 1070 5141 etiam
1095 5098 1162 5141 curn
1179 5087 1228 5140 est
1250 5099 1396 5154 serenum,
1421 5077 1523 5140 radios
1543 5075 1624 5138 Solis
1644 5083 1729 5137 cem·
