4584 6192
996 555 1078 622 capae
1096 556 1140 610 111.
1161 557 1186 609 2.
1706 559 1768 626 1¹15
1848 574 1851 582 ’

412 737 515 800 veniat
538 736 576 798 sd
601 737 799 816 superficiem.
847 734 949 807 Quare
973 735 1066 797 etiam
1090 735 1119 796 in
1151 734 1327 800 conoidiboe
1359 736 1489 815 speculis
1517 739 1653 819 exenrplo
1677 757 1769 819 prse-

411 835 482 888 eunt
505 825 661 899 (Alhazen
686 825 737 889 lib.
762 824 792 901 5,
817 826 944 887 Vitellio
969 824 1019 886 lib.
1046 824 1081 897 7)
1105 824 1382 906 perpendicularem
1407 845 1444 886 err
1468 845 1499 887 re
1523 827 1553 886 in
1582 829 1768 906 superficiem

411 914 547 977 concidis
569 915 684 993 speculi
709 914 851 989 ducendi,
877 915 955 996 quod
980 932 1067 974 secus
1090 912 1193 974 habet.
1241 913 1325 975 Nihil
1348 914 1428 975 enim
1457 913 1585 977 interest
1608 917 1646 977 ad
1669 917 1768 978 locum

411 1002 563 1083 imaginis,
588 1003 670 1083 quali
694 1003 849 1083 superficie
882 1002 1035 1082 speculum
1060 1001 1101 1061 rei
1125 1009 1308 1081 opponatur,
1343 1021 1409 1063 cum
1433 1002 1566 1064 rationes
1593 1006 1767 1067 formandae

411 1092 551 1171 imaginis
580 1110 683 1152 omnes
707 1111 744 1152 ex
768 1094 820 1154 illa
847 1101 935 1171 parte
966 1089 1080 1169 speculi
1114 1098 1295 1163 sumantur,
1321 1090 1433 1170 inqua
1460 1100 1532 1153 sunt
1555 1093 1626 1155 bina
1657 1103 1769 1173 puncta

411 1199 640 1261 repercussuum
670 1181 744 1242 lucis
769 1182 808 1243 ad
836 1180 923 1241 binos
956 1180 1068 1241 oculos.
1116 1179 1151 1239 In
1176 1178 1232 1238 hac
1261 1179 1351 1258 igitur
1382 1181 1496 1259 speculi
1519 1191 1622 1260 parte,
1656 1201 1716 1244 non
1740 1182 1768 1244 iu

413 1270 478 1350 ipsa
500 1268 743 1349 perpendiculari
768 1290 805 1330 ex
830 1289 872 1341 re,
901 1288 995 1330 causa
1024 1268 1116 1341 inest,
1147 1286 1200 1327 cur
1230 1267 1313 1328 locus
1345 1267 1483 1346 imaginis
1506 1269 1535 1330 in
1562 1270 1615 1332 illa
1637 1289 1768 1351 perpen-

410 1357 536 1420 diculari
556 1358 607 1419 sit.
647 1359 752 1439 ltaque
777 1369 847 1420 tunc
871 1366 970 1419 mente
996 1356 1165 1435 intelligere
1185 1363 1313 1434 oportet,
1338 1358 1505 1419 continuari
1528 1359 1675 1421 rationem
1699 1379 1769 1422 cur-

412 1446 527 1519 vitatis,
554 1465 632 1526 quae
656 1465 862 1527 repercussum
887 1448 1001 1507 lecerat
1025 1444 1053 1505 in
1078 1463 1195 1505 omnem
1220 1444 1373 1518 ambitum,
1399 1454 1430 1506 et
1450 1465 1539 1526 super
1554 1448 1630 1509 hanc
1654 1449 1767 1528 sphae-

412 1554 474 1597 ram
498 1534 707 1613 imaginariam
731 1537 839 1606 ducere
865 1536 957 1597 etiam
981 1541 1101 1613 oportet
1124 1533 1400 1611 perpendicularem
1421 1554 1458 1595 ex
1472 1554 1504 1596 re
1523 1554 1576 1615 pro
1601 1537 1768 1599 definiendo

413 1626 476 1686 loco
507 1624 659 1703 imaginis.
706 1624 750 1686 Ut
780 1632 946 1704 appareat,
981 1630 1125 1703 quantum
1155 1622 1185 1682 in
1218 1622 1326 1683 effectu
1360 1623 1517 1686 discrimen
1542 1625 1583 1687 sit
1615 1626 1769 1706 utriusque

412 1712 593 1781 sententiae,
619 1732 693 1793 cape
717 1713 773 1774 hoc
797 1713 976 1792 exemplum.

500 1799 552 1863 Sit
574 1802 671 1863 sectio
695 1802 869 1882 parabolica
893 1799 1057 1863 communis
1072 1798 1166 1859 sectio
1191 1799 1305 1878 speculi
1327 1798 1470 1861 coniciet
1491 1800 1627 1880 planitiei
1651 1803 1768 1865 refrac-

414 1889 508 1951 toriae
543 1889 612 1970 (per
653 1890 853 1952 definitionem
890 1889 1050 1969 paraboles
1084 1889 1163 1965 apud
1197 1889 1405 1965 Apollonium)
1439 1889 1486 1950 vel
1527 1891 1618 1951 etiarn
1655 1891 1768 1971 speculi

391 1979 546 2040 roscidis
571 1979 737 2058 reclanguli
762 1982 831 2058 (per
853 1977 1044 2040 Archimedis
1068 1996 1096 2055 p.
1118 1973 1166 2036 12.
1188 1976 1224 2036 de
1247 1975 1458 2051 Conoidibus).
1497 1977 1546 2039 Sit
1564 1979 1655 2057 igitur
1673 1980 1768 2042 sectio
1851 1978 1855 1995 '

403 2059 475 2145 sely,
500 2067 532 2127 ln
547 2086 584 2128 ea
607 2070 784 2147 punctumd
807 2069 950 2129 ostendat
974 2068 1069 2128 locum
1094 2065 1171 2125 unde
1195 2073 1319 2145 uterque
1344 2067 1446 2127 oculus
1463 2067 1614 2146 (quamvis
1640 2068 1667 2129 in
1690 2068 1767 2130 binis

413 2157 524 2218 talibus
552 2157 751 2231 sectionibus)
780 2157 928 2218 retractos
960 2155 1061 2216 radios
1090 2153 1208 2232 accipit.
1256 2152 1423 2234 Contingat
1447 2174 1518 2234 ergo
1548 2156 1714 2218 sectionem
1738 2157 1768 2218 in

338 2309 346 2328 ,
414 2246 539 2320 erecta
563 2250 604 2306 ad.
651 2242 757 2326 Sitque
790 2246 874 2308 visus
902 2246 931 2306 in
957 2241 985 2317 ζ,
1017 2242 1135 2305 visibile
1161 2242 1188 2303 in
1213 2265 1244 2319 η,
1280 2251 1312 2302 ut
1335 2239 1403 2319 ζβὸ,
1435 2245 1488 2321 nlla
1518 2244 1580 2304 sint
1612 2246 1767 2326 aequales.

415 2333 470 2395 ffic
484 2334 510 2395 si
525 2352 564 2394 ex
587 2334 696 2413 opticis
720 2354 847 2413 quaeras
871 2335 969 2395 locum
992 2332 1141 2411 imaginis,
1163 2331 1272 2409 jubent
1288 2351 1430 2412 quaerere
1449 2341 1589 2412 punctum
1615 2334 1769 2408 sectionis,

415 2422 443 2483 in
475 2424 554 2504 quod
578 2442 658 2500 errq
689 2422 945 2504 perpendicularis
978 2421 1108 2491 incidat,
1143 2421 1221 2499 quod
1249 2420 1291 2481 sit
1313 2443 1336 2499 γ.
1382 2420 1484 2483 Duota
1507 2426 1541 2483 θι
1574 2423 1768 2502 contingente

419 3931 581 3993 sectionem
604 3933 635 3994 in
659 3954 673 4011 y
701 3941 732 3992 et
766 3931 933 4010 conjunctis
956 3954 987 4008 η,
1011 3955 1026 4009 y
1054 3932 1195 4011 punctis,
1225 3932 1371 4011 jubebunt
1400 3933 1565 4011 producere
1589 3929 1642 4010 ζβ,
1677 3936 1771 3999 donec

419 4030 575 4083 concurrat
598 4041 665 4083 cum
695 4043 741 4098 ep,
767 4029 923 4083 concurrat
952 4021 981 4081 in
1005 4023 1032 4081 λ.
1079 4021 1190 4082 Dicent
1218 4021 1324 4099 igitur,
1359 4024 1467 4084 lesse
1501 4023 1596 4085 locum
1630 4023 1772 4103 imaginis

417 4108 518 4190 puncti
540 4132 567 4187 η.
615 4111 662 4171 At
683 4110 782 4171 verior
806 4110 884 4172 ratio
909 4110 999 4187 jubet
1022 4109 1155 4171 invenire
1184 4109 1340 4183 circulum,
1374 4111 1422 4190 qui
1446 4112 1602 4174 contineat
1624 4112 1772 4175 rationem

417 4199 585 4272 curvitatis,
605 4195 646 4273 ¹⁹)
681 4217 768 4277 quam
800 4199 893 4259 habet
926 4199 1020 4259 sectio
1045 4198 1117 4275 ἰηβ
1149 4207 1260 4277 puncto
1293 4217 1487 4277 repercussus
1511 4201 1639 4273 (habent
1671 4210 1771 4264 autern

418 4288 508 4350 aliam
532 4297 622 4367 atque
657 4288 747 4348 aliam
781 4288 947 4367 hujusmodi
978 4287 1086 4349 mistae
1118 4287 1241 4359 lineae).
1289 4286 1339 4348 Sit
1362 4290 1515 4369 quantitas
1540 4292 1592 4367 κβ,
1626 4298 1656 4353 et
1680 4290 1773 4353 ducta

417 4395 454 4437 err
476 4376 497 4452 β
520 4376 576 4455 ipsi
600 4382 634 4438 cd
656 4376 908 4457 perpendiculari,
943 4395 1019 4455 quae
1044 4375 1084 4436 sit
1107 4377 1161 4452 βκ,
1196 4384 1329 4437 centrum
1359 4378 1461 4439 circuli
1489 4389 1617 4458 ponetur
1639 4380 1668 4441 in
1694 4381 1773 4441 linea

416 4467 461 4542 βκ,
488 4466 742 4545 conjungeturque
761 4488 803 4542 ηκ,
828 4465 942 4545 eritque
968 4465 1049 4526 locus
1075 4464 1224 4541 imaginis,
1249 4465 1298 4526 ubi
1319 4461 1355 4542 ζβ
1377 4467 1552 4528 continuata
1575 4477 1660 4529 secat
1675 4490 1710 4546 qs
1727 4486 1770 4529 sc.

416 4556 444 4616 in
463 4578 496 4630 μ.
535 4553 592 4615 Hic
618 4555 706 4615 facile
730 4554 825 4626 vides,
850 4554 907 4614 etsi
932 4562 1052 4615 maneat
1071 4555 1091 4630 β
1113 4572 1307 4632 repercussus
1333 4554 1424 4627 locus,
1448 4556 1572 4635 proinde
1593 4564 1624 4617 et
1638 4558 1675 4633 κβ
1693 4555 1771 4617 ratio

416 4642 585 4715 curvitatis,
611 4653 643 4703 et
667 4639 686 4716 ζ
709 4644 826 4715 oculus,
856 4643 994 4703 discedat
1022 4661 1093 4703 vero
1122 4642 1209 4703 risile
1233 4664 1250 4717 η
1274 4642 1390 4721 longius
1414 4643 1443 4704 in
1474 4644 1553 4706 linea
1576 4647 1628 4723 βη,
1654 4663 1772 4723 semper

416 4731 694 4813 perpendicularem
719 4752 757 4793 ex
779 4754 797 4810 η
819 4732 849 4793 in
873 4740 1014 4810 punctum
1035 4751 1055 4792 a
1077 4754 1092 4810 γ
1113 4731 1258 4792 remotius
1282 4731 1451 4804 incisurum,
1474 4734 1597 4812 proinde
1621 4743 1652 4795 et
1676 4734 1772 4795 locum

417 4821 557 4899 imaginis
590 4840 709 4900 semper
741 4820 858 4900 longius
887 4822 945 4880 al
977 4838 1082 4881 uersus
1115 4820 1274 4882 exteriora.
1321 4821 1467 4900 Adeoque
1499 4822 1573 4884 luaec
1604 4822 1773 4884 differentia

417 4910 540 4974 taudem
564 4909 593 4971 in
622 4908 767 4972 inlinitum
798 4909 872 4972 abit.
920 4910 964 4969 At
992 4909 1116 4971 multum
1145 4911 1238 4970 refert
1265 4909 1303 4970 ad
1333 4909 1466 4971 rationes
1496 4911 1696 4989 speculariae,
1724 4910 1773 4972 hic

418 5019 475 5062 non
501 4999 530 5061 in
554 4999 645 5060 dubio
668 5018 844 5078 suspensum
869 4997 973 5059 teneri.
1023 4997 1084 5059 Sed
1113 4998 1190 5059 satis
1214 5000 1250 5060 de
1275 4998 1340 5059 loco
1368 4997 1520 5078 imaginis,
1552 5018 1629 5080 qnae
1652 5000 1772 5081 quidem

416 5087 622 5156 consideratio
645 5089 818 5172 necessaria
840 5088 929 5168 plane
958 5087 1015 5148 luit
1038 5087 1076 5149 ad
1105 5088 1263 5168 sequentia
1281 5092 1373 5160 (comp.
1391 5110 1416 5161 p.
1435 5092 1538 5160 37η).
1584 5089 1633 5153 Da
1655 5089 1773 5156 veniam
