4584 6192
989 545 1148 610 caparra
1170 545 1195 596 a.
1707 542 1773 614 299

415 723 450 785 In
474 720 625 800 triangulo
654 738 726 783 vero
750 723 802 798 trie
824 722 922 802 juncti
944 725 1011 800 leri,
1040 726 1091 802 λβε
1119 722 1234 785 iaciunt
1257 719 1321 787 341.
1368 723 1413 784 At
1440 723 1510 802 quia
1532 724 1584 799 trie
1611 723 1702 804 plane
1724 732 1775 786 est

415 810 619 882 insensibilis,
649 820 810 889 propterea
842 814 920 890 qnod
943 815 975 873 le
999 812 1178 875 brevissima
1201 813 1282 874 aeris
1305 812 1495 893 portiuncula
1518 812 1701 874 insensibilis
1724 819 1775 876 est

416 899 455 959 ad
479 899 533 973 λβ,
567 917 643 976 quae
676 909 788 977 aequat
814 899 899 964 1200
931 903 1170 963 semidiametros
1195 902 1321 975 Terrae,
1356 902 1422 962 ideo
1454 902 1507 974 λεβ
1530 902 1612 961 solus
1636 910 1684 962 est
1707 897 1772 966 34‘.

416 985 617 1049 Contiuoetnr
639 989 678 1048 tn
701 987 729 1048 in
753 1012 781 1051 v.
828 990 908 1067 Ergo
933 991 961 1051 in
986 1012 1040 1052 oea
1063 992 1121 1052 erit
1144 1014 1199 1051 oen
1222 988 1275 1053 34‘
1300 999 1330 1050 et
1354 1012 1408 1051 eon
1436 999 1483 1051 est
1510 986 1560 1051 12‘
1583 986 1659 1063 48⁴¹,
1684 988 1773 1052 dimi·

414 1076 495 1137 dium
510 1072 572 1146 εσζ
609 1074 711 1147 Quare
735 1079 866 1140 exterior
889 1088 921 1140 et
943 1080 1099 1159 oppositus
1119 1103 1171 1157 eno
1195 1088 1306 1158 aequat
1323 1087 1481 1157 utrumqne
1506 1088 1611 1158 estque
1626 1073 1681 1141 46‘
1696 1076 1773 1143 48”.

503 1165 645 1243 Amplius
668 1167 698 1227 in
722 1189 780 1245 orep
811 1168 961 1247 triangulo
996 1170 1083 1231 datur
1115 1192 1173 1245 nup
1198 1163 1251 1231 34¹
1275 1177 1307 1229 et
1329 1189 1387 1246 πνρ
1410 1163 1464 1230 16’
1488 1164 1563 1239 48”,
1593 1172 1705 1245 eterno
1728 1175 1776 1229 est

416 1254 549 1315 exterior
571 1263 603 1314 et
626 1256 794 1334 oppositus,
819 1271 930 1336 aequat
953 1258 1044 1336 igitur
1068 1266 1224 1337 utmmqne
1249 1266 1355 1337 estque
1382 1252 1417 1318 1ο
1440 1254 1495 1319 20’
1518 1252 1593 1319 48”.
1640 1256 1775 1319 Ducatar

416 1360 453 1403 ex
476 1364 494 1420 ρ
518 1342 696 1422 contingens
721 1345 760 1405 ad
783 1346 925 1407 circulum
949 1347 1060 1407 Terrae
1084 1343 1123 1419 ιζ,
1149 1347 1247 1425 sitque
1272 1369 1323 1423 pe,
1347 1354 1379 1407 ct
1406 1354 1547 1423 puuctum
1577 1352 1775 1406 contactose

416 1450 482 1493 cum
507 1436 525 1491 δ
554 1442 659 1493 centro
691 1434 900 1512 conjungatur.
947 1437 1045 1515 Igitur
1073 1436 1103 1496 in
1127 1442 1180 1513 deo
1208 1434 1383 1511 rectangulo
1416 1435 1526 1494 dantur
1556 1433 1673 1508 anguli,
1705 1432 1776 1512 qnia

418 1526 469 1597 ιρδ
491 1519 582 1597 plane
606 1522 715 1599 exiguo
739 1533 771 1583 et
794 1524 959 1585 insensibili
983 1524 1078 1585 minor
1101 1536 1151 1585 est
1174 1544 1260 1603 quarn
1280 1518 1400 1600 πρδ1ο
1418 1520 1471 1583 20‘
1486 1516 1563 1584 48⁶st
1601 1520 1651 1583 Sit
1672 1531 1776 1583 tamen

421 1604 543 1670 1⁸20⁴.
590 1609 634 1671 Ut
663 1621 764 1671 antem
792 1612 875 1672 sinos
899 1618 951 1690 ερδ
979 1615 1016 1673 ad
1046 1618 1079 1673 ed
1110 1614 1364 1673 semidiametrum
1389 1611 1500 1672 Terrae
1533 1610 1577 1671 sic
1600 1615 1652 1688 dap
1676 1611 1715 1670 ad
1739 1615 1776 1687 δρ

418 1696 608 1758 altitudinem
632 1700 762 1762 umbrae.
809 1700 888 1763 Hinc
911 1701 1002 1780 igitur
1025 1703 1090 1782 ipse
1117 1721 1220 1762 mucro
1244 1702 1366 1762 umbrae
1395 1700 1497 1779 prodit
1519 1718 1577 1758 non
1601 1698 1734 1760 altiora
1758 1702 1775 1758 δ

418 1794 536 1859 centro,
570 1806 658 1868 quam
688 1783 730 1850 43
760 1789 1063 1864 semidiametrorum‚
1098 1811 1163 1852 cum
1198 1790 1274 1851 alias
1305 1795 1343 1851 δσ
1370 1807 1408 1850 ex
1440 1788 1486 1849 his
1520 1786 1774 1865 suppositionibus

419 1873 643 1936 existimaretur
667 1871 732 1940 268
763 1878 1059 1941 semidiametrorom.
1076 1875 1119 1953 ⁶⁸)
1166 1878 1254 1940 Luna
1285 1898 1353 1940 vero
1388 1896 1453 1939 cum
1485 1874 1620 1957 proxime
1650 1876 1775 1936 Terram

420 1962 547 2037 accedit,
572 1965 611 2024 ad
636 1961 679 2027 54
703 1965 991 2029 semidiametrorum
1016 1969 1143 2030 confinia
1166 1968 1257 2042 reoit,
1289 1966 1320 2028 11
1351 1964 1505 2028 diametris
1529 1964 1664 2043 superior
1687 1972 1774 2025 tran·

418 2052 513 2126 siens,
549 2070 637 2131 qnam
672 2055 777 2115 umbra
810 2057 921 2118 Terrae
953 2076 1007 2135 per
1039 2060 1090 2130 ier,
1120 2079 1160 2131 μο
1194 2056 1355 2117 terminata
1389 2054 1509 2116 desinit.
1556 2053 1641 2114 Haec
1674 2052 1777 2133 itaque

419 2141 638 2203 demonstratio
672 2143 829 2205 verissima
852 2154 913 2219 est,
949 2146 1005 2207 nisi
1035 2144 1231 2225 quantumin
1261 2145 1370 2223 angulo
1403 2142 1593 2204 retractionis
1626 2142 1775 2203 maximas

419 2230 616 2291 horizontalis
641 2252 659 2291 a
683 2251 752 2292 vero
777 2235 938 2308 receditur,
965 2235 1013 2315 qui
1037 2254 1095 2296 non
1119 2234 1228 2314 ubique
1257 2241 1402 2295 terramm
1426 2232 1560 2310 ejusdem
1585 2239 1633 2293 est
1657 2227 1776 2312 magni-

420 2318 544 2380 tudinis.

505 2404 586 2477 Quid
611 2407 702 2486 igitur
724 2412 963 2490 respondendum
986 2411 1188 2473 astronomis?
1213 2428 1250 2469 an
1275 2428 1332 2469 non
1357 2409 1497 2470 universa
1520 2404 1659 2468 doctrina
1681 2402 1778 2485 eclip-

418 2494 493 2557 sium
521 2506 555 2557 et
583 2516 649 2559 cnm
679 2495 731 2558 illa
762 2499 961 2561 dimensiones
994 2520 1150 2580 corporum
1175 2498 1270 2573 Solis,
1300 2498 1404 2559 Lunae
1429 2506 1461 2558 et
1484 2498 1612 2569 Terrae,
1642 2494 1778 2574 adeoque

417 2585 558 2647 universa
581 2586 755 2647 coelestium
789 2590 984 2670 sphaerarum
1018 2590 1195 2671 symmetria
1223 2588 1417 2649 fundamento
1446 2586 1569 2648 subruto
1594 2579 1777 2645 collabitur?

417 2674 532 2754 Nempe
556 2675 614 2737 hoc
638 2674 795 2738 dicendum
820 2678 898 2759 quod
923 2699 970 2740 res
995 2689 1057 2753 est,
1092 2680 1197 2758 aequis
1226 2678 1347 2738 auribus
1378 2696 1433 2738 nos
1462 2675 1606 2754 excipite,
1640 2689 1776 2734 orene-

419 2764 514 2824 randa
544 2763 724 2844 antiquitas,
750 2768 960 2828 refractionnm
985 2770 1063 2829 enim
1087 2768 1238 2845 negotium
1262 2766 1291 2827 in
1317 2777 1450 2827 restrum
1474 2764 1614 2825 honorem
1639 2762 1778 2822 deserere

419 2871 474 2912 non
498 2870 670 2930 possumus,
696 2855 872 2936 aTychooe
888 2857 1006 2918 Braheo
1030 2858 1198 2918 firmissime
1222 2855 1401 2917 stabilitum.
1430 2856 1496 2914 lloe
1511 2854 1631 2931 inquam
1646 2868 1776 2929 respon·

419 2940 562 3003 dandum:
588 2942 619 3002 id
643 2944 720 3022 quod
745 2943 774 3003 in
798 2947 944 3006 calculum
969 2955 1207 3008 astronomorum
1232 2944 1332 3017 venit,
1358 2945 1454 3004 lurnen
1479 2941 1561 3003 Solis
1585 2940 1690 3000 Lunae
1716 2936 1776 2999 eri·

418 3029 520 3108 piens,
546 3031 680 3092 umbram
711 3052 858 3094 essenon
883 3035 1012 3096 Telluris
1037 3035 1108 3107 (nisi
1133 3036 1162 3094 in
1188 3033 1304 3104 medio,
1339 3033 1375 3092 de
1400 3050 1457 3110 quo
1482 3030 1574 3101 infra)
1608 3028 1660 3089 sed
1695 3023 1775 3087 aeris

418 3118 541 3179 Terram
561 3120 799 3198 complectentis.
834 3122 1020 3202 Contingant
1034 3125 1193 3202 sphaeram
1219 3122 1297 3182 aeris
1321 3122 1349 3181 in
1365 3144 1390 3194 v,
1415 3119 1543 3192 §lineae
1566 3120 1610 3195 tir,
1635 3113 1674 3194 γξ,
1699 3132 1775 3175 con·

421 3215 575 3269 currentes
600 3227 665 3270 cnm
689 3214 727 3270 αδ
750 3211 779 3273 in
803 3232 828 3273 τ.
863 3212 938 3273 Dico
963 3213 1054 3291 igitur
1077 3211 1127 3285 πξ
1150 3212 1284 3272 umbram
1308 3210 1387 3270 aeris
1411 3209 1441 3269 id
1465 3226 1543 3282 esse,
1568 3206 1647 3286 quod
1662 3205 1779 3266 Lunam

419 3315 471 3357 suo
495 3295 606 3359 lemine
629 3298 739 3376 privat.
783 3301 890 3380 Itaque
915 3302 1001 3380 quale
1026 3319 1161 3379 opacum,
1186 3300 1257 3361 talis
1281 3300 1395 3371 umbra,
1419 3314 1546 3377 opacum
1570 3294 1722 3375 quippiam
1745 3298 1778 3354 et

420 3392 471 3446 aer
494 3387 630 3448 continet
653 3388 831 3465 praesertim
855 3389 934 3451 circa
960 3390 1089 3464 limbum,
1115 3400 1148 3451 ut
1167 3388 1262 3450 omnis
1282 3388 1388 3466 globus
1403 3405 1516 3468 aqueus
1531 3384 1596 3446 Soli
1621 3382 1780 3463 expositus

420 3473 554 3536 umbram
568 3476 698 3555 projicit.
724 3478 938 3539 Verumtamen
959 3488 992 3540 ut
1012 3485 1064 3539 a‘er
1084 3479 1121 3539 ad
1138 3497 1192 3539 nos
1207 3477 1308 3538 radios
1323 3475 1404 3537 Solis
1426 3472 1618 3545 transmittit,
1644 3472 1697 3532 sed
1713 3470 1779 3550 jam

420 3563 578 3625 rubentes:
604 3565 648 3627 ita
666 3566 786 3643 duplum
806 3568 871 3645 ejus
896 3568 969 3637 (imo
989 3587 1060 3627 vero
1080 3568 1189 3628 alicubi
1209 3568 1357 3645 simplum,
1382 3564 1491 3627 alicubi
1512 3562 1664 3624 dimidium
1685 3578 1779 3639 eoque

420 3651 531 3725 minus)
555 3654 736 3717 transmittit
759 3656 859 3716 radios
878 3654 959 3716 Solis
983 3675 1076 3736 usque
1101 3657 1140 3716 ad
1155 3656 1281 3728 Lunam,
1306 3674 1401 3734 neque
1416 3654 1504 3714 Luna
1527 3651 1583 3712 sub
1602 3648 1779 3729 principium

420 3741 542 3821 eclipsis
566 3743 596 3803 in
612 3746 717 3805 umbra
732 3743 842 3805 Terrae
867 3754 923 3818 est,
948 3764 1013 3805 cum
1038 3746 1079 3805 sit
1097 3746 1194 3805 adhuc
1218 3743 1247 3804 in
1264 3744 1355 3806 radiis
1371 3741 1452 3803 Solis
1477 3760 1530 3820 per
1553 3746 1654 3800 aerem
1674 3745 1778 3797 trans·

420 3830 530 3893 missis.
566 3835 668 3913 Atque
689 3832 745 3892 hoc
767 3833 863 3912 ipsum
885 3841 941 3907 est,
968 3834 1047 3914 quod
1070 3854 1162 3913 snpra
1184 3852 1251 3911 cap.
1268 3832 1324 3894 lv.
1350 3830 1494 3909 exemplis
1519 3826 1779 3899 confirmabamns,

420 3918 536 3980 Lunam
557 3922 683 3983 deficere
698 3920 769 3982 Sole
795 3932 826 3981 et
840 3923 928 3983 Luna
951 3941 1042 4001 snpra
1065 3923 1251 3983 horizontem
1267 3918 1492 4000 apparentibus.
1519 3914 1595 3978 Cum
1611 3914 1690 3975 enim
1705 3912 1780 3974 visio

420 4008 472 4069 liat
486 4010 637 4072 radiorum
652 4010 834 4089 receptione,
855 4031 912 4073 non
928 4012 989 4072 alia
1004 4011 1146 4073 transibit
1161 4011 1243 4071 visus
1259 4021 1361 4071 noster
1377 4008 1405 4069 in
1421 4008 1509 4087 plano
1526 4004 1690 4066 horizontis
1705 4019 1779 4062 con-

420 4098 562 4171 stitutus,
592 4100 653 4160 alia
676 4099 752 4160 radii
777 4100 978 4173 luminarium,
1011 4101 1064 4161 sed
1088 4100 1164 4161 radii
1190 4098 1272 4160 Solis
1301 4099 1338 4158 ad
1363 4098 1480 4158 Lunam
1510 4095 1538 4155 in
1567 4092 1672 4153 umbra
1700 4088 1781 4153 aeris

420 4198 593 4249 versantem
618 4189 744 4249 eandem
769 4188 921 4249 invenient
944 4190 1023 4250 viam
1047 4208 1100 4268 per
1124 4196 1235 4261 aerem,
1261 4206 1349 4266 quarn
1374 4186 1469 4247 nostri
1494 4182 1571 4244 oculi
1595 4181 1729 4261 signant.

508 4276 567 4337 Hic
591 4277 699 4356 aliquis
723 4276 864 4355 objiciat,
900 4277 1089 4339 nihilominus
1114 4278 1268 4339 turbatum
1292 4276 1326 4336 iri
1352 4275 1498 4337 calculum
1530 4279 1780 4332 astronomomm.

420 4364 497 4425 Nam
521 4366 548 4426 si
573 4386 631 4428 non
656 4367 750 4427 Terra
773 4362 816 4439 ιζ,
851 4367 904 4426 sed
930 4367 1025 4428 laxior
1049 4367 1130 4428 aeris
1155 4365 1286 4445 sphaera
1309 4363 1342 4436 νξ
1365 4364 1499 4425 umbram
1523 4360 1664 4440 projicit,
1698 4365 1781 4421 certe

419 4471 472 4514 nos
487 4453 601 4516 Terrae
625 4455 812 4525 insistentes,
837 4473 894 4515 non
920 4455 1001 4516 aeris
1025 4454 1203 4534 superficiei,
1228 4454 1401 4533 parallaxes
1425 4461 1456 4511 et
1480 4450 1656 4511 altitudines
1676 4448 1807 4514 Lunae,

420 4543 559 4604 metimur
591 4543 823 4604 semidiametris
848 4544 959 4604 Terrae
983 4550 1029 4618 ed,
1063 4563 1121 4605 oon
1154 4543 1233 4604 aeris
1256 4549 1299 4604 vd.
1347 4541 1491 4604 Umbram
1525 4538 1619 4617 igitur
1650 4537 1681 4597 in
1716 4536 1780 4598 loco

421 4631 569 4693 transitus
593 4633 698 4693 Lunae
723 4632 955 4693 semidiametris
980 4633 1091 4694 Terrae
1116 4652 1175 4693 nnn
1199 4632 1280 4693 aeris
1304 4632 1417 4699 mensi,
1452 4648 1518 4690 cum
1542 4627 1594 4688 illa
1618 4634 1719 4686 tamen
1743 4624 1781 4685 ab

420 4727 489 4781 aere
521 4722 690 4793 exoriatur,
726 4730 757 4781 et
785 4729 1003 4799 supponentes,
1028 4722 1110 4783 illam
1140 4722 1169 4783 in
1194 4721 1289 4782 Terra
1317 4728 1433 4781 tantam
1462 4717 1574 4778 habere
1602 4712 1782 4786 crassitiem,

421 4818 534 4889 quanta
558 4820 607 4870 est
629 4818 736 4873 nostra
758 4829 908 4882 mensura,
933 4820 1031 4871 ortam
1056 4831 1093 4872 ex
1109 4811 1212 4882 Terra,
1237 4811 1340 4889 utique
1364 4818 1561 4869 extenuamus
1577 4803 1681 4876 illam;
1706 4800 1782 4863 unde

421 4900 468 4970 fit,
498 4906 533 4960 ut
556 4896 610 4959 Sol
640 4898 760 4960 nimium
791 4899 871 4960 altus
895 4899 981 4959 nobis
1010 4900 1039 4959 in
1065 4909 1169 4961 nostro
1194 4898 1310 4959 calculo
1341 4898 1465 4957 evadat.
1513 4894 1562 4956 Sit
1585 4916 1604 4953 n
1626 4892 1710 4953 locus
1733 4887 1784 4951 ubi

421 4986 508 5048 Luna
539 4987 666 5061 mansit,
699 4988 855 5049 crassities
880 4987 1002 5049 umbras
1031 5008 1069 5051 ex
1091 4990 1186 5051 Terra
1209 4995 1292 5048 esset
1316 5008 1371 5067 φχ,
1404 4985 1525 5048 umbrae
1550 5000 1622 5042 vero
1652 4998 1690 5040 ex
1713 4984 1783 5040 aere

421 5083 469 5137 est
490 5090 563 5155 rpn3
588 5076 665 5139 hanc
689 5095 744 5156 per
767 5081 800 5138 ed
823 5076 984 5139 metientes
1007 5078 1130 5158 perinde
1155 5084 1204 5138 est
1227 5096 1263 5138 ae
1286 5075 1313 5137 si
1338 5076 1433 5136 lineas
1457 5088 1512 5150 ep,
1536 5067 1577 5143 ζω
1602 5070 1682 5132 falsa
1704 5068 1783 5148 ima·
