4584 6192
463 623 534 692 ιιι
988 620 1295 688 omneson-

468 798 964 904 amigmentaqnaedamaSole
995 809 1140 902 tanquam
1167 799 1349 860 aca'ndenti
1378 799 1457 859 lerro
1484 798 1616 859 revelas.
1663 796 1818 859 llicead

467 894 553 973 leges
574 891 803 953 mommsen
826 872 1025 959 examinatis,
1051 890 1117 967 jam
1143 907 1231 968 porro
1261 889 1384 969 physice
1411 888 1514 967 aliqua
1542 886 1722 947 exammare
1748 885 1818 947 ffil

465 980 666 1061 impediverit
702 981 751 1041 Ac
768 979 896 1059 primum
917 979 989 1040 milri
1012 989 1246 1039 cousentaneum
1269 989 1327 1050 est,
1351 977 1490 1057 quiequid
1513 978 1556 1037 sit
1575 978 1614 1037 de
1638 977 1819 1037 dirnabtr

465 1071 651 1134 murum
679 1069 883 1141 redeuntium,
912 1069 982 1130 illas
1003 1086 1072 1128 esse
1095 1069 1125 1129 in
1149 1068 1258 1147 ipsa
1238 1067 1321 1129 Solis
1349 1066 1504 1147 superficie
1527 1064 1698 1146 &tanqua
1719 1063 1820 1147 gnari

465 1160 508 1223 ab
527 1178 638 1221 occasu
658 1177 777 1219 sursum
800 1177 907 1219 versus
929 1169 1031 1218 ortum
1050 1156 1177 1236 indeque
1200 1156 1338 1217 deorsum
1361 1159 1482 1228 (reram
1505 1165 1642 1216 ausuum
1663 1155 1820 1226 obtutu)

465 1242 1279 1326 moenumspariottamtbeirotterdiemm
1322 1243 1822 1307 Curboemibieunaemeu

465 1338 614 1410 rideatur,
636 1355 706 1399 mea
725 1336 765 1397 de
787 1337 889 1398 llarte
911 1334 1136 1398 commentaria
1157 1335 1259 1397 dicem
1281 1333 1359 1416 Cap
1382 1334 1535 1407 XXXIV,
1559 1332 1821 1395 ubiaeoeoearis

329 1453 334 1460 ·
466 1426 636 1490 ntionibna
657 1424 793 1505 probari,
814 1425 897 1487 Solis
918 1444 1037 1504 eorpus,
1060 1426 1087 1485 si
1109 1426 1308 1499 convertitur,
1330 1425 1422 1486 citius
1444 1443 1534 1504 quam
1556 1424 1648 1485 trium
1674 1422 1822 1485 ποι·-

396 1505 403 1522 ’
469 1514 855 1598 apatioaemelconrerti
896 1514 1232 1594 Addidiuonjecturas,
1264 1514 1469 1595 quibusbaec
1500 1513 1643 1593 periodus
1669 1510 1852 1574 adtrrff

468 1606 519 1668 rel
554 1604 648 1667 etiarn
681 1604 770 1665 nnius
800 1604 861 1665 diel
895 1604 1068 1682 angustiam
1102 1604 1264 1682 redigitur:
1301 1606 1355 1666 sed
1385 1603 1597 1665 imbecilliores
1631 1610 1711 1664 snt
1746 1603 1823 1663 atae

465 1693 678 1774 ceduntque
668 1713 733 1772 rure
763 1693 875 1772 optimo
906 1694 975 1755 buic
1008 1694 1230 1771 experientiae,
1264 1712 1341 1773 quae
1370 1713 1391 1752 a
1416 1677 1461 1754 2'6
1492 1693 1532 1753 ad
1563 1689 1609 1755 30
1641 1691 1714 1753 dies
1743 1692 1823 1753 dicit

465 1783 595 1864 Apelles
616 1784 734 1844 mauult
763 1802 817 1845 eas
839 1804 860 1844 a
881 1783 1038 1862 superficie
1060 1780 1143 1843 Solis
1174 1802 1317 1862 separare
1346 1783 1465 1844 tantulo
1495 1782 1679 1856 intervallo,
1711 1789 1823 1863 quante

467 1874 581 1935 absunt
600 1872 696 1934 nubes
718 1882 842 1934 nostrae
863 1892 884 1932 a
904 1872 1061 1952 superbiae
1082 1871 1227 1945 Telluris,
1254 1874 1311 1934 boc
1334 1882 1383 1933 eat
1409 1864 1585 1933 insensibili
1632 1872 1705 1934 Nec
1728 1872 1823 1932 babes

467 1962 548 2044 quod
577 1960 792 2023 mathematice
822 1961 1043 2024 contradicam:
1076 1971 1109 2022 et
1129 1962 1176 2024 sic
1197 1963 1321 2023 tandem
1348 1961 1406 2023 loci
1433 1962 1583 2023 nonniln’l·
1597 1961 1823 2041 relinqueret!

469 2052 546 2133 ipsis
577 2051 670 2113 etiam
698 2051 880 2130 conjecturis
910 2049 986 2112 meis
1007 2052 1047 2112 de
1068 2050 1161 2112 tridui
1190 2052 1384 2113 revolutione
1429 2052 1497 2112 lloc
1523 2051 1603 2112 enirn
1631 2051 1733 2113 babet
1751 2051 1824 2111 'nfea

473 2140 695 2220 argumentatio
722 2140 788 2218 jam
819 2141 955 2220 allegata
985 2160 1023 2200 ex
1050 2138 1161 2219 Capite
1183 2141 1333 2204 xxm.
1379 2138 1675 2202 Commentariorum
1701 2140 1823 2213 lasti,

476 2230 556 2291 omui
585 2248 729 2309 corpore,
761 2231 839 2309 quod
862 2251 881 2290 a
904 2228 976 2291 Sole
1003 2230 1085 2291 circa
1110 2250 1145 2291 se
1174 2231 1401 2309 circumagitur,
1423 2225 1527 2292 Solem
1560 2231 1663 2314 ipsmn
1694 2229 1823 2291 celer'·

475 2320 558 2381 circa
588 2338 674 2382 suum
703 2338 791 2380 axem
821 2319 968 2381 converti.
1012 2317 1149 2381 Celerius
1181 2320 1273 2399 igitur
1294 2319 1348 2381 Sol
1370 2329 1596 2381 converteretur
1625 2338 1721 2398 quam
1749 2320 1824 2379 istae

470 2410 618 2472 maculae.
664 2407 780 2482 liubes,
804 2410 857 2482 ait,
881 2407 976 2469 statui
999 2428 1056 2469 non
1080 2428 1170 2489 posse
1193 2410 1249 2471 bas
1270 2409 1417 2471 maculas.
1462 2409 1620 2488 Equidem,
1647 2409 1724 2490 quia
1747 2407 1822 2470 Sol'a

470 2518 579 2579 corpus
602 2498 734 2559 fortasse
756 2516 817 2559 non
848 2498 983 2559 continet
1005 2498 1086 2559 intra
1111 2518 1181 2559 sese
1213 2500 1304 2561 talem
1336 2498 1466 2559 bumoris
1495 2499 1632 2572 iontem,
1663 2509 1702 2559 ut
1726 2497 1823 2559 ‘rett-

470 2599 586 2652 nostra.
623 2584 704 2659 Quid
718 2588 746 2648 si
769 2587 860 2667 igitur
882 2597 915 2648 ut
937 2587 1040 2649 Tellus
1062 2580 1168 2650 nostm
1190 2589 1284 2651 nubes
1307 2607 1429 2668 aqueas,
1451 2585 1496 2648 sic
1510 2586 1593 2649 Solis
1617 2606 1735 2667 corpus
1757 2586 1821 2649 tuti-

471 2678 558 2758 gines
581 2677 712 2740 exsudat
734 2696 772 2736 ex
785 2696 853 2737 sese
876 2677 1030 2756 giguitque
1054 2678 1156 2750 „circa
1178 2698 1211 2738 se
1224 2678 1328 2757 piceas
1342 2689 1410 2738 atra
1424 2677 1547 2756 fuligine
1570 2677 1716 2738 nubea?“
1749 2678 1821 2739 Nan

472 2768 510 2828 de
532 2758 739 2846 magnitudine
760 2775 831 2827 reto
855 2766 994 2844 Apellem
1017 2784 1084 2828 esse
1112 2767 1283 2829 sollicitum.
1328 2768 1408 2829 lt'am
1429 2786 1507 2846 quae
1535 2767 1715 2828 necessitas
1743 2777 1821 2845 urget

474 2857 600 2918 eandem
622 2855 739 2917 illarum
761 2856 984 2936 proportionem
1004 2864 1142 2917 statuere
1157 2857 1195 2916 ad
1209 2856 1323 2931 Solem,
1346 2875 1423 2936 quae
1441 2851 1491 2917 es't
1511 2864 1691 2917 nostrarum
1710 2856 1822 2917 nubis!

479 2946 519 3006 ad
542 2945 684 3019 Terram,
717 2964 784 3006 cum
811 2944 903 3006 etiam
933 2945 963 3006 in
990 2945 1077 3006 Luna
1104 2956 1224 3007 montes
1256 2946 1318 3007 siat
1348 2965 1406 3006 non
1437 2954 1553 3006 tantum
1576 2946 1608 3005 in
1632 2945 1822 3025 proportio-e

445 3079 449 3086 -
477 3034 824 3115 majorenostrstibm,
848 3033 903 3094 sed
925 3033 1101 3113 simpliciter
1124 3036 1241 3096 etiam?
1267 3036 1314 3097 De
1338 3035 1564 3097 obumbratione
1587 3055 1686 3115 supra
1710 3036 1822 3101 dictu

473 3123 707 3204 magnitudinem
721 3123 893 3185 detrimenti
907 3123 1026 3184 luminis
1044 3124 1185 3203 imputari
1199 3125 1229 3185 in
1243 3125 1479 3205 profunditatem
1493 3124 1619 3186 umbrae
1634 3125 1676 3187 ob
1692 3135 1822 3207 paratan

444 3245 449 3254 ·
479 3214 630 3293 oculisque
653 3213 822 3295 expositam
845 3212 1105 3294 comparationem

561 3302 665 3383 Negat
697 3302 789 3364 etiam
821 3322 889 3364 esse
921 3310 1064 3364 cometas.
1119 3302 1269 3364 Plurimae
1300 3302 1373 3363 mibi
1403 3301 1607 3381 cogitationes
1639 3305 1764 3366 excitat
1790 3302 1822 3363 ad

475 3411 590 3454 omnem
614 3392 794 3454 mentionem
817 3391 999 3472 hujusmodi,
1030 3392 1158 3471 primum
1190 3403 1280 3472 atque
1312 3412 1380 3452 cum
1411 3391 1538 3454 maculis
1570 3392 1660 3453 bisce
1697 3395 1737 3455 ab
1766 3394 1823 3473 ipsa

476 3482 558 3545 Solis
582 3482 736 3561 superficie
761 3482 951 3543 discedimus.
998 3479 1119 3550 Quidsi
1143 3482 1221 3543 enim
1236 3480 1290 3543 Sol
1314 3502 1393 3543 anno
1414 3483 1467 3543 illo
1486 3492 1550 3542 toto
1566 3484 1667 3545 caede
1688 3483 1823 3545 Caesaris

387 3625 390 3629 ,
477 3573 584 3633 scaber
607 3573 665 3632 fuit
687 3580 718 3632 et
740 3572 908 3650 hujusmodi
932 3571 1119 3649 strigmentis
1142 3580 1225 3633 totus
1255 3570 1394 3632 obsitus?
1440 3570 1520 3640 Quid
1547 3572 1583 3644 si,
1612 3574 1738 3651 quoties
1759 3590 1822 3654 pro·

478 3662 612 3741 digiosae
644 3661 786 3722 tenebrae
819 3662 949 3733 fuerunt,
983 3662 1054 3720 talis
1088 3661 1190 3739 aliqua
1221 3660 1312 3740 fuligo
1346 3661 1407 3721 late
1440 3660 1595 3741 explicata
1627 3664 1691 3724 toti
1717 3661 1823 3743 corpori

477 3749 559 3812 Solis
583 3749 722 3811 obstitit?
760 3749 839 3820 Quid
864 3751 889 3810 si
913 3750 1091 3828 strigmenta
1114 3751 1175 3811 ista
1198 3773 1215 3811 a
1239 3750 1379 3811 candenti
1393 3748 1474 3811 Solis
1497 3768 1623 3828 corpore
1650 3752 1825 3814 resultanu‘a

477 3849 546 3900 sunt
569 3859 601 3901 re
624 3860 697 3900 vera
719 3840 873 3900 cometae?
906 3839 1012 3918 quippe
1037 3840 1289 3911 animadversum,
1317 3841 1475 3918 plerosque
1498 3860 1519 3899 a
1540 3839 1614 3902 Sole
1641 3842 1825 3904 interimitis

477 3929 591 3990 beliace
615 3929 693 3990 oriri.
732 3929 837 3990 Nonne
861 3939 993 3990 veterum
1014 3929 1088 3990 haec
1106 3930 1296 4008 philosophia
1314 3929 1382 4000 snit,
1405 3935 1589 3990 cometarum
1608 3949 1747 4011 corpora
1759 3951 1824 3992 ouu-

478 4019 541 4080 dita
563 4020 593 4079 in
608 4019 689 4080 Solis
714 4019 809 4079 latere
832 4018 914 4088 luce,
938 4020 1033 4096 quoad
1047 4013 1145 4080 'certis
1165 4021 1203 4079 de
1223 4018 1321 4078 causis
1340 4018 1498 4096 prosiliant
1518 4019 1607 4098 inque
1634 4031 1824 4101 conspectum

478 4109 622 4168 veniant?
667 4108 772 4168 Nonne
796 4108 824 4167 in
849 4127 913 4168 meo
937 4107 1014 4168 libro
1036 4107 1072 4166 de
1096 4107 1195 4168 Stella
1218 4108 1287 4169 anni
1314 4103 1408 4169 tbbt.
1441 4108 1626 4187 conjecturis
1652 4111 1825 4190 quibusdan

477 4198 584 4258 ductus
608 4196 854 4258 considerandum
877 4197 1034 4277 proposui,
1068 4216 1137 4260 num
1170 4199 1265 4259 ornnis
1296 4201 1430 4258 cometae
1460 4198 1588 4258 materia
1612 4199 1659 4259 sit
1681 4200 1825 4263 emunctio

477 4287 624 4367 quaedam
646 4287 802 4366 globorum
826 4287 1040 4347 mundanorum
1064 4287 1196 4365 adeoque
1221 4296 1252 4348 et
1266 4285 1356 4354 Solis,
1380 4295 1434 4347 aut
1448 4287 1580 4349 detersio
1600 4307 1700 4350 aurae
1725 4292 1825 4353 aethe·

476 4396 547 4439 reae
571 4376 668 4438 etsie
692 4378 823 4437 excretio
848 4376 992 4453 fuliginis,
1019 4371 1094 4455 quiae
1118 4376 1332 4437 obscuritatem
1356 4385 1422 4436 erat
1444 4375 1563 4441 lactura
1584 4386 1620 4438 et
1644 4380 1827 4458 opacitatem

478 4486 569 4528 aurae
593 4466 764 4541 aethereae,
788 4485 864 4545 quae
888 4466 1098 4545 impedimento
1121 4466 1165 4527 sit
1187 4466 1280 4526 radiis
1295 4465 1470 4527 Solaribus?
1503 4464 1671 4529 Concludit
1695 4471 1826 4552 Apelles,

479 4565 532 4617 aut
555 4564 658 4635 partes
682 4574 749 4616 esse
773 4553 848 4616 coeli
872 4554 996 4634 alicujus
1020 4555 1173 4617 densiores
1193 4562 1245 4615 ant
1268 4574 1395 4633 corpora
1409 4568 1510 4632 perse
1529 4555 1705 4621 existentia
1731 4580 1827 4641 opaea,

478 4644 512 4707 Si
535 4654 638 4725 partes
662 4644 787 4722 alicujus
811 4644 900 4718 coeli,
925 4645 1012 4723 quale
1036 4645 1128 4705 illud?
1174 4644 1279 4706 Nonne
1303 4646 1382 4717 tale,
1414 4645 1492 4723 quod
1516 4643 1624 4708 Solem
1648 4648 1697 4710 sic
1723 4650 1829 4714 ambio

477 4736 622 4814 proxime,
646 4734 689 4795 uti
713 4753 810 4794 meum
834 4753 939 4814 corpus
963 4733 1100 4795 amicitur
1123 4734 1240 4794 indusio
1264 4733 1361 4794 etuti
1385 4751 1435 4794 cur
1456 4733 1622 4796 involvitur
1644 4737 1829 4817 per-icardiol

477 4824 572 4906 Atqui
595 4825 699 4884 videat
720 4823 860 4902 lpelles‚
894 4843 951 4902 qua
985 4823 1243 4886 verisimilitudine
1277 4824 1305 4884 io
1336 4823 1469 4902 qualibet
1492 4824 1687 4887 revolutione
1715 4831 1829 4891 loricam

478 4923 532 4976 aut
554 4913 710 4975 amiculum
734 4913 789 4974 hoc
812 4932 920 4974 notum
943 4923 1083 4992 generet,
1116 4932 1224 4999 nqium
1254 4912 1428 4973 distinctum
1458 4913 1596 4976 maculis.
1647 4915 1685 4977 Si
1712 4937 1831 4999 corpora

478 5002 597 5083 singula
629 5022 684 5082 per
715 5022 748 5064 se
781 5002 942 5064 existentia
974 5003 1098 5064 seorsim
1132 5021 1185 5063 uec
1218 5003 1323 5063 eudem
1354 5002 1437 5062 coelo
1467 5019 1621 5064 connexa:
1656 5009 1769 5100 quid
1767 5006 1831 5070 illud

479 5110 615 5174 quaeso
615 5100 681 5162 cst,
706 5092 783 5171 quod
806 5089 905 5153 omnia
929 5092 1033 5152 eodem
1057 5101 1168 5152 tenore.
1184 5100 1282 5152 motus
1306 5092 1472 5165 connectit,
1507 5109 1558 5151 our
1579 5089 1646 5154 'non
1673 5116 1752 5159 suas
1775 5098 1831 5160 sin·

479 5182 552 5261 gula
573 5189 697 5243 serrant
718 5180 876 5261 periodos?
922 5179 1068 5248 Omnibus
1095 5180 1220 5261 itaque
1229 5179 1326 5244 modis
1358 5182 1397 5243 ad
1428 5182 1564 5244 maculas
1590 5181 1729 5251 solares
1759 5185 1831 5252 redi-
