4584 6192
965 594 1134 644 arx-oxu.
1666 595 1731 663 539

376 768 562 829 retiformem
586 768 722 846 allapsae
747 768 786 828 ad
810 769 933 847 spiritus
957 770 986 830 iu
1010 770 1155 831 retiformi
1181 770 1408 831 subtilissimam
1432 771 1627 845 tenuitatem,
1654 793 1730 853 quae

374 866 422 917 est
447 856 520 916 foris
545 858 573 917 in
599 864 668 917 aere
685 858 881 917 densissimae
906 859 979 918 lueis
1003 859 1135 919 ustoriae
1161 860 1199 918 ad
1222 878 1357 919 crassam
1381 861 1600 938 corpulentiam
1617 881 1730 935 eorum,

374 965 451 1025 quae
476 955 609 1019 uruntur,
633 955 705 1005 tunc
728 965 787 1006 non
812 947 908 1006 minus
931 948 960 1007 in
985 948 1132 1008 retiformi
1157 956 1299 1026 sequetur
1323 949 1402 1008 actio
1428 950 1543 1009 luculae
1567 960 1730 1029 penetrans

373 1044 405 1094 et
427 1035 532 1112 passio
556 1034 719 1095 retiformis
743 1034 938 1113 spiritusque,
974 1055 1060 1114 quarn
1092 1036 1165 1096 foris
1190 1037 1324 1114 sequitur
1356 1037 1435 1097 ustio
1461 1038 1571 1111 (actio)
1598 1040 1675 1100 lucis
1700 1050 1732 1099 et

373 1124 539 1183 destructio
566 1124 698 1200 (passio)
722 1125 882 1198 materiae,
908 1144 984 1204 qnae
1008 1125 1113 1185 uritur.
1162 1126 1259 1186 Probo
1292 1127 1423 1186 secundo
1457 1127 1494 1186 ab
1531 1129 1729 1206 experientia.

372 1212 461 1271 Oculi
485 1213 593 1273 intenti
620 1212 647 1271 in
674 1213 769 1272 lucem
793 1215 900 1273 fortem
924 1214 998 1273 adeo
1024 1214 1207 1286 afficiuntur,
1233 1223 1268 1273 ut
1291 1215 1383 1274 etiarn
1407 1215 1556 1276 subtracti
1582 1238 1601 1275 a
1624 1218 1730 1295 splen-

372 1301 444 1361 dore
470 1301 535 1360 viso
565 1309 664 1360 tamen
700 1302 857 1379 imaginem
887 1304 1133 1380 ejusretiueaut
1166 1313 1197 1362 et
1228 1302 1438 1363 circumferant
1470 1304 1546 1363 satis
1579 1304 1730 1366 interdum

372 1389 435 1448 diu.
481 1390 604 1449 Pictura
628 1390 717 1467 igitur
739 1391 794 1450 illa
817 1391 979 1451 retiformis
1006 1401 1054 1451 est
1077 1393 1179 1471 passio
1209 1400 1382 1468 penetrans.
1430 1393 1474 1452 At
1506 1392 1582 1453 haec
1611 1394 1731 1471 pictura

373 1477 503 1537 nondum
529 1478 659 1537 absolvit
691 1478 835 1539 visionem
868 1480 1034 1558 integram,
1069 1482 1126 1539 nisi
1160 1481 1277 1558 species
1310 1480 1473 1540 retiformis
1506 1481 1549 1541 sic
1584 1482 1731 1558 patientis
1817 1477 1822 1486 ’

373 1566 599 1627 continuatione
630 1567 787 1645 spirituum
820 1577 958 1629 trauseat
982 1570 1009 1629 iu
1035 1569 1188 1629 cerebrum
1220 1569 1318 1647 ibique
1343 1570 1469 1629 sistatur
1503 1571 1542 1629 ad
1575 1570 1731 1631 facultatis

374 1655 495 1714 animae
520 1656 637 1715 limina:
663 1657 740 1734 quod
765 1657 808 1716 sic
831 1658 873 1716 fit.

464 1741 722 1813 Quemadmodum
755 1746 850 1805 omnis
884 1764 990 1805 sensus
1015 1754 1156 1805 externus
1176 1745 1328 1823 perficitur
1352 1746 1521 1825 receptione
1546 1755 1577 1806 et
1600 1747 1730 1823 impres-

372 1832 468 1905 sione,
494 1833 635 1910 passione
660 1833 784 1907 seilicet,
811 1854 876 1894 cum
899 1833 1078 1912 imprimitur
1102 1836 1128 1893 ei
1153 1835 1231 1913 quod
1256 1835 1350 1894 sentit
1365 1835 1480 1912 species
1505 1835 1547 1895 rei
1563 1843 1726 1895 externae:
1759 1892 1762 1898 .

374 1931 407 1981 et
431 1922 506 1981 haec
530 1923 633 2000 passio
657 1923 757 1983 sensio
781 1923 907 1995 dicitur;
937 1924 980 1982 sic
1005 1923 1096 1983 etiam
1120 1925 1200 1983 intus
1225 1923 1253 1981 iu
1278 1923 1400 1983 cerebro
1425 1931 1472 1983 est
1497 1924 1618 2003 aliquid,
1645 1925 1729 2003 quic-

373 2011 446 2089 quid
470 2010 521 2083 sit,
546 2012 625 2088 quod
649 2013 811 2071 communis
835 2031 941 2072 seusus
965 2011 1090 2086 dicitnr,
1116 2013 1162 2072 cui
1187 2011 1364 2089 imprimitur
1392 2013 1508 2091 species
1538 2013 1728 2073 instrumenti

373 2098 479 2159 visorii
504 2100 614 2172 allecti,
641 2101 696 2159 lroc
721 2109 767 2160 est
791 2101 862 2178 picti
888 2123 906 2160 a
930 2102 994 2160 luce
1019 2102 1060 2161 rei
1085 2101 1223 2161 visibilis.
1272 2099 1356 2169 Quae
1391 2102 1482 2179 igitur
1514 2102 1655 2162 accidunt
1678 2102 1727 2160 in-

372 2196 541 2248 strumento
566 2198 652 2249 extra
685 2190 787 2249 sedem
819 2210 925 2251 sensus
961 2190 1141 2263 communis,
1176 2209 1212 2248 ea
1245 2207 1298 2266 per
1331 2190 1460 2268 speciem
1495 2188 1729 2250 immateriatam

375 2277 532 2355 delapsam
558 2278 595 2337 ab
620 2279 818 2338 instrumento
843 2280 950 2339 affecto
975 2298 1026 2337 seu
1051 2281 1141 2356 picto,
1167 2288 1198 2338 et
1227 2279 1396 2338 traductam
1422 2280 1458 2338 ad
1491 2279 1594 2339 limina
1622 2298 1728 2338 sensus

373 2366 540 2426 communis
563 2367 607 2426 illi
632 2368 731 2426 sensui
756 2369 901 2427 communi
917 2368 1133 2445 imprimuntur.
1173 2366 1234 2427 Sed
1250 2368 1406 2446 impressio
1422 2368 1496 2427 haec
1521 2376 1569 2427 est
1591 2367 1729 2427 occultae

372 2455 515 2516 rationis:
541 2474 595 2515 uec
619 2465 685 2516 tuto
699 2458 767 2515 ‘dici
791 2465 902 2536 potest,
929 2456 1058 2534 speciem
1081 2457 1159 2516 hanc
1182 2457 1260 2516 intro
1281 2456 1350 2516 ferri
1371 2475 1422 2534 per
1438 2464 1554 2516 meatus
1570 2475 1727 2516 nervorum
1800 2450 1804 2459 ’

374 2546 541 2622 opticorum
567 2563 633 2603 sese
658 2545 891 2605 decussantium.
930 2546 1009 2605 Nam
1033 2565 1104 2605 usus
1129 2546 1231 2605 horum
1256 2564 1412 2605 nervorum
1436 2555 1524 2623 patet
1539 2544 1616 2605 alius
1633 2546 1729 2604 nrani-

375 2633 490 2700 festior,
515 2642 548 2693 ut
571 2633 688 2693 scilicet
715 2635 850 2712 spiritum
879 2634 1006 2694 visivam
1031 2654 1068 2693 ex
1097 2643 1221 2713 utraque
1251 2634 1364 2693 cerebri
1388 2643 1475 2711 parte
1504 2633 1620 2711 utrique
1645 2633 1730 2694 oculo

373 2722 535 2793 sufficiant,
562 2721 610 2800 qui
635 2722 701 2782 ideo
726 2724 878 2783 decussati
894 2733 972 2796 suut,
999 2742 1033 2782 ne
1055 2723 1150 2782 altero
1175 2723 1240 2782 sinu
1264 2723 1377 2782 cerebri
1400 2725 1483 2783 laeso
1504 2731 1556 2783 aut
1575 2722 1730 2782 obstructo

373 2829 476 2882 nervo,
502 2811 552 2889 qui
576 2830 613 2870 ex
636 2831 671 2870 eo
696 2813 767 2886 exit,
793 2813 896 2872 statim
922 2822 953 2871 et
976 2813 1053 2872 alter
1077 2813 1179 2871 oculus
1203 2811 1371 2889 privaretur
1385 2811 1500 2889 spiritu.
1542 2809 1616 2871 Cnru
1638 2810 1730 2888 igitur

373 2899 569 2959 manifestum
592 2919 677 2960 usum
700 2901 832 2961 habeant
856 2900 939 2960 nervi
963 2900 1064 2978 optici‚
1090 2901 1246 2960 obscurum
1272 2907 1328 2972 est,
1354 2919 1392 2958 an
1417 2901 1509 2960 etiarn
1524 2900 1646 2977 iusuper
1661 2918 1728 2958 ser-

374 2989 462 3048 viant
486 2989 596 3067 speciei
621 2989 721 3049 allecti
746 2989 935 3051 instrumenti
960 2990 1163 3049 traducendae
1197 2990 1273 3048 iutro
1298 2989 1327 3048 iu
1361 2989 1535 3059 cerebrum,
1567 3008 1604 3047 au
1629 2988 1729 3066 potius

374 3077 440 3137 sint
462 3078 514 3137 alii
538 3077 630 3155 aliqui
655 3078 788 3156 spiritus,
813 3079 987 3139 subtiliores
1011 3096 1154 3157 corporeo
1179 3078 1237 3138 isto
1262 3096 1315 3155 per
1339 3079 1522 3138 retiformem
1538 3095 1654 3154 sparso,
1681 3076 1731 3155 qui

373 3174 476 3226 meatu
500 3184 642 3245 corporeo
663 3187 721 3227 nou
736 3168 912 3246 indigentes,
938 3187 992 3247 per
1014 3176 1111 3227 totum
1135 3186 1243 3244 corpus
1268 3167 1359 3226 libere
1384 3167 1562 3244 spatientur,
1579 3166 1729 3226 membro-

323 3276 324 3280 *
373 3273 498 3333 rumque
523 3256 698 3315 affectiones
732 3257 933 3334 excipientes,
972 3257 1084 3316 cerebri
1120 3255 1276 3327 facultati,
1316 3275 1391 3334 quae
1425 3255 1588 3315 communis
1623 3274 1730 3315 sensus

376 3344 505 3416 dicitur,
531 3345 759 3404 communicent.
806 3347 898 3405 Forte
932 3346 975 3404 sic
1009 3355 1074 3419 est,
1106 3354 1140 3404 ut
1165 3346 1366 3405 transferatur
1391 3346 1463 3405 haec
1487 3344 1605 3421 species
1630 3342 1731 3403 affecti

375 3433 568 3493 instrumenti
592 3455 610 3491 a
634 3433 778 3494 retiforrni
802 3435 831 3493 iu
856 3434 1007 3494 cerebrum
1032 3453 1086 3511 per
1109 3443 1241 3493 meatum
1266 3434 1385 3512 quidem
1414 3433 1497 3493 nervi
1530 3432 1640 3510 optici,
1674 3451 1731 3491 nou

375 3531 479 3582 tamen
504 3530 650 3599 quatenus
674 3522 700 3581 is
724 3533 771 3582 est.
795 3523 903 3601 aliquis
927 3542 1087 3601 corporeus
1111 3532 1249 3594 meatus,
1282 3524 1334 3581 sed
1360 3530 1507 3600 qnatenus
1542 3522 1567 3580 is
1598 3523 1636 3580 ab
1666 3521 1732 3596 ipsa

375 3612 450 3670 sede
475 3629 580 3670 sensus
615 3613 778 3670 communis
813 3631 904 3690 usque
937 3613 966 3672 in
989 3632 1111 3671 nervum
1145 3611 1275 3689 opticum
1310 3611 1523 3681 (retiformem)
1548 3622 1596 3671 est
1627 3609 1731 3686 spiritu

323 3746 327 3761 ,
373 3701 491 3779 plenus,
516 3700 605 3759 etsie
621 3700 806 3760 continuatio
822 3701 945 3779 spiritns
961 3701 1001 3760 sit
1017 3720 1109 3760 causa
1133 3700 1317 3760 transeuntis
1342 3698 1510 3759 affectionis
1535 3699 1572 3757 ab
1597 3698 1683 3756 oculo
1699 3698 1730 3756 in

374 3788 548 3850 cerebrum:
576 3788 653 3848 sicut
676 3789 705 3848 iu
731 3791 942 3867 stagnantibus
967 3790 1054 3849 undis
1079 3799 1177 3849 motus
1202 3788 1304 3866 lapillo
1328 3788 1439 3864 injecto
1464 3787 1562 3846 factus
1587 3787 1624 3845 ad
1642 3786 1731 3845 litora

374 3896 468 3956 usque
484 3886 685 3955 propagatur:
712 3898 862 3957 quousque
878 3879 995 3938 scilieet
1018 3879 1188 3955 superficies
1213 3896 1307 3955 aquae
1332 3874 1504 3954 stagnantis
1528 3875 1729 3935 continuatur.

463 3966 572 4026 Potest
595 3967 663 4039 dici,
689 3968 937 4045 quemadmodum
962 3967 1014 4027 Sol
1039 3967 1126 4027 lineis
1152 3966 1243 4027 rectis
1266 3965 1424 4044 pellucidis
1448 3963 1597 4024 illuminat
1620 3962 1732 4034 omnia,

374 4057 419 4117 sic
445 4055 562 4115 animae
592 4056 782 4130 facultatem,
818 4076 893 4134 quae
926 4065 971 4117 est
995 4057 1025 4116 in
1055 4057 1197 4128 cerebro,
1231 4055 1319 4115 lineis
1348 4054 1533 4132 spiritalibus
1558 4070 1732 4132 quocunque

375 4147 465 4218 flexu,
494 4145 700 4205 tantummodo
725 4145 884 4217 continuis,
909 4145 1076 4206 illuminare
1100 4146 1309 4205 iustrumenta.
1348 4144 1430 4203 Tunc
1455 4142 1533 4202 euim
1558 4141 1635 4202 sicut
1658 4140 1732 4202 nihil

374 4253 431 4295 nos
452 4233 542 4310 juvat
566 4240 618 4293 adr
641 4235 824 4312 pellucidus,
859 4234 883 4293 si
917 4253 1042 4313 opacum
1076 4235 1247 4295 intercurrit
1269 4232 1371 4292 Solem
1396 4241 1427 4291 et
1458 4250 1526 4304 nos,
1562 4231 1605 4291 sic
1640 4230 1731 4291 etiam

374 4322 450 4382 nihil
474 4322 620 4399 profuerit
642 4323 775 4401 spiritus,
801 4323 850 4401 qui
875 4331 958 4383 astat
982 4322 1137 4397 retiformi,
1163 4323 1188 4383 si
1213 4322 1349 4401 superius
1374 4328 1405 4380 et
1428 4320 1552 4380 interius
1576 4321 1605 4381 in
1631 4320 1731 4398 capite

374 4429 552 4489 quacunque
586 4412 621 4470 de
655 4431 747 4471 causa
780 4412 940 4488 spiritosus
973 4412 1023 4472 ille
1052 4412 1158 4472 duetus
1190 4407 1731 4489 intercipiaturcontinuusqueesse

373 4500 505 4560 desinat.
552 4501 630 4560 Hinc
653 4501 707 4561 illa
730 4501 830 4560 subita
855 4500 973 4561 luminis
998 4500 1160 4561 exstinctio
1184 4501 1213 4561 in
1242 4500 1371 4572 morbis,
1404 4517 1463 4559 nou
1494 4515 1548 4575 per
1579 4514 1732 4558 recursum

374 4588 548 4668 spirituum,
573 4590 627 4649 sed
650 4609 703 4668 per
734 4589 941 4668 abruptlouem
972 4590 1282 4668 interceptionemque
1311 4607 1412 4648 eorum
1443 4608 1461 4649 a
1494 4586 1658 4647 constricto
1683 4583 1731 4643 vel

374 4678 532 4739 obstructo
556 4679 604 4739 vel
627 4679 763 4757 praeciso
787 4688 898 4739 meatu.

464 4767 550 4827 Haec
574 4767 611 4827 de
635 4768 733 4829 altera
757 4768 918 4846 passione,
952 4786 1028 4845 qnae
1059 4774 1107 4827 est
1139 4785 1247 4827 seusus
1280 4763 1443 4826 communis
1475 4771 1507 4825 et
1540 4769 1680 4825 causatur
1713 4783 1732 4823 a

374 4856 477 4935 specie
501 4855 647 4936 patientis
671 4855 871 4930 instrumenti,
896 4857 973 4934 quod
997 4856 1061 4935 ejus
1085 4856 1235 4935 objectum
1259 4862 1316 4915 est.

464 4945 566 5007 LXII.
613 4946 843 5025 Propositio.
890 4944 1093 5006 Instrumento
1118 4954 1242 5025 utroque
1279 4943 1418 5005 similiter
1439 4943 1561 5010 allecto,
1596 4939 1733 5001 videmur

374 5033 510 5114 speciem
534 5053 621 5095 unam
645 5035 763 5096 videre:
789 5042 820 5095 at
845 5034 1031 5096 dissimiliter
1054 5035 1171 5096 affectis
1195 5034 1242 5094 vel
1275 5033 1366 5113 pictis
1399 5034 1480 5094 intus
1510 5032 1634 5092 duorum
1658 5046 1730 5089 ocu-

374 5125 474 5185 lorum
497 5122 607 5184 tunicis
631 5122 843 5198 retiformibus,
869 5123 927 5186 duo
950 5122 1036 5185 uobis
1059 5142 1113 5204 pro
1137 5141 1195 5185 uno
1218 5128 1485 5201 repraesentantur
1505 5118 1647 5181 visibilia.
