4584 6192
480 551 566 632 558'
603 514 611 537 ³
1095 566 1223 630 propinet

480 740 669 824 divergentia
692 741 810 803 scilicet
837 761 891 820 per
915 743 1011 804 lentes
1040 762 1140 804 cavas.
1185 745 1230 805 At
1253 745 1471 824 divergeutiam
1504 753 1647 807 causatur
1678 748 1839 820 retractio,

477 832 618 894 retractio
644 850 714 891 vero
739 831 872 909 ejusdem
897 831 972 891 radii
997 840 1030 893 ut
1053 830 1108 894 DC
1133 851 1191 900 uon
1228 833 1284 893 nisi
1311 835 1339 894 in
1364 834 1511 896 similibus
1536 836 1740 914 inaequalium
1767 838 1838 898 len-

476 921 551 984 tium
573 938 714 983 carorum
738 919 925 999 portionibus
956 921 1062 981 eadem
1086 940 1153 981 esse
1184 929 1296 999 potest.
1345 921 1414 983 Sint
1439 942 1511 1002 ergo
1535 941 1628 983 cavae
1655 925 1757 986 lentes
1780 925 1839 989 FG

476 1020 507 1072 et
530 1011 585 1071 HI.
631 1008 673 1070 Et
697 1009 766 1087 quia
790 1008 904 1068 similes
928 1016 999 1069 sunt
1022 1010 1177 1087 portiones
1201 1010 1257 1071 FG
1282 1019 1313 1070 et
1336 1011 1381 1071 III
1406 1012 1558 1090 quaelibet
1582 1011 1619 1072 de
1644 1032 1719 1074 suae
1745 1013 1841 1077 lentis

476 1099 623 1172 cavitate,
653 1097 874 1157 abscindendae
903 1116 974 1158 vero
1006 1106 1075 1157 suut
1100 1119 1118 1158 a
1142 1099 1237 1159 radiis
1269 1099 1375 1160 iisdem
1408 1098 1464 1161 DC
1496 1107 1527 1160 et
1549 1099 1620 1173 EG,
1656 1101 1717 1163 erit
1746 1102 1841 1183 igitur

477 1196 511 1249 ut
535 1186 591 1249 FG
615 1185 737 1264 majoris
762 1185 902 1246 caritatis
930 1185 1028 1264 portio
1054 1188 1091 1246 ad
1121 1186 1249 1247 similem
1273 1189 1317 1248 IlI
1343 1188 1466 1250 minoris
1496 1187 1638 1250 cavitatis
1666 1191 1838 1268 portionem

477 1275 521 1337 sic
545 1274 635 1335 etiam
661 1272 711 1334 FC
737 1274 883 1335 distantia
906 1275 987 1335 illius
1013 1296 1032 1334 a
1056 1295 1200 1336 concursu
1230 1277 1327 1355 major
1358 1276 1396 1336 ad
1426 1275 1482 1339 ΗΟ
1516 1278 1672 1338 minorem.
1721 1279 1839 1349 Quodsi

478 1365 522 1425 III
547 1363 645 1424 minus
669 1383 688 1421 a
712 1360 736 1422 Ο
761 1362 856 1423 distat
888 1382 974 1441 quam
998 1361 1064 1432 FG,
1089 1364 1156 1443 plus
1181 1385 1199 1423 a
1222 1365 1278 1425 DE
1309 1364 1436 1427 distabit
1467 1366 1573 1426 eadem
1597 1366 1641 1426 HI
1666 1385 1757 1446 quam
1782 1368 1838 1431 FG

476 1453 541 1513 lens
566 1451 678 1529 majore
703 1450 812 1512 circulo
837 1470 923 1512 cava.

564 1538 647 1602 CXI.
685 1539 915 1619 Propositio.
959 1539 1074 1602 Cavmu
1099 1560 1186 1601 unum
1211 1549 1242 1601 et
1266 1541 1343 1602 idem
1368 1542 1453 1603 oculo
1477 1541 1611 1619 proxime
1637 1543 1835 1622 applicatum,

475 1636 508 1690 ut
531 1647 597 1689 cum
620 1628 762 1688 convexis
786 1628 913 1689 diversis
939 1629 1085 1691 distincta
1108 1630 1260 1701 exhibeat,
1286 1630 1323 1691 ab
1345 1630 1474 1691 omnium
1499 1630 1616 1691 illorum
1640 1633 1837 1696 concursibus

475 1716 594 1797 aequali
616 1715 776 1778 intervallo
801 1716 892 1778 debet
916 1718 1032 1780 abesse.

562 1805 640 1866 Nam
664 1825 724 1864 una
739 1806 803 1865 lens
820 1824 896 1865 cara
920 1825 1007 1867 nnum
1028 1815 1144 1867 tantum
1168 1812 1308 1884 praestat
1331 1805 1512 1877 remedium;
1537 1824 1626 1867 unam
1647 1825 1721 1886 ergo
1737 1810 1835 1873 solam

475 1894 617 1955 emendat
645 1893 795 1953 radiorum
827 1895 1082 1974 convergeutiam.
1130 1896 1175 1955 At
1204 1894 1233 1955 in
1263 1894 1369 1955 eadem
1399 1892 1546 1953 distantia
1577 1894 1668 1956 lentis
1698 1916 1837 1959 cavaea

473 1981 667 2043 concursibus
692 2000 930 2061 quarumcunque
964 2002 1165 2044 couversarum
1200 1990 1249 2042 est
1282 1982 1387 2042 eadem
1424 1983 1639 2059 convergentia
1670 1985 1835 2062 radiorum,

474 2070 523 2151 qui
548 2070 665 2151 quidem
690 2070 728 2130 ab
759 2071 863 2131 eadem
892 2089 967 2131 cava
999 2073 1077 2134 lente
1108 2072 1308 2151 excipiuntur.
1331 2078 1334 2084 '
1355 2071 1435 2131 Nam
1459 2070 1485 2130 si
1514 2071 1644 2133 maxIme
1674 2073 1768 2137 latior
1795 2075 1835 2138 sit

474 2157 661 2242 leusaltera
684 2160 898 2233 excouvexis,
924 2167 955 2219 et
979 2161 1104 2221 extremi
1123 2162 1195 2239 ,ejus
1221 2160 1295 2221 radii
1320 2159 1418 2237 magis
1447 2169 1653 2237 eonvergant:
1685 2162 1707 2222 ii
1731 2172 1832 2226 tamen

472 2248 656 2309 aberrabunt
680 2269 698 2307 a
722 2248 802 2309 lente
827 2267 902 2307 cava
917 2249 965 2309 vel
980 2250 1019 2310 ab
1036 2270 1072 2309 ea
1095 2249 1233 2329 portione
1259 2247 1359 2321 lentis,
1384 2248 1469 2327 cujus
1493 2248 1616 2310 refracti
1640 2250 1670 2310 iu
1687 2252 1833 2331 pupillam

472 2335 549 2397 oculi
574 2336 675 2396 venire
698 2345 837 2414 possunt.

562 2423 660 2487 CXII.
699 2424 925 2504 Propositio.
965 2424 1126 2503 Proposita
1145 2426 1226 2485 lente
1243 2443 1319 2484 cava
1338 2441 1430 2502 prope
1455 2425 1582 2497 oculum,
1608 2424 1708 2486 lentes
1723 2446 1832 2508 magno

472 2511 583 2574 circulo
608 2532 759 2574 convexae
785 2514 904 2592 longam
920 2514 1074 2593 requirunt
1095 2513 1275 2574 distantiam
1291 2533 1310 2571 a
1325 2532 1401 2573 cava
1416 2520 1448 2572 et
1462 2513 1557 2585 oculo,
1582 2531 1678 2592 parvo
1698 2515 1830 2599 brevem.

558 2601 637 2663 Nam
663 2620 715 2680 per
739 2600 823 2664 CIX.
849 2602 952 2662 oculus
977 2611 1024 2662 est
1048 2621 1138 2681 prope
1163 2610 1305 2681 punctum
1329 2620 1499 2674 concursus,
1526 2611 1557 2661 et
1579 2621 1634 2680 per
1654 2602 1743 2667 CXI.
1768 2605 1831 2668 leus

472 2707 624 2757 concava,
657 2689 769 2768 speciei
801 2689 907 2769 ubique
939 2691 1090 2770 ejusdem,
1129 2693 1218 2750 abest
1255 2690 1358 2750 codem
1394 2689 1552 2750 intervallo
1586 2710 1604 2749 a
1637 2694 1832 2756 concursibus

471 2776 602 2838 omnium
636 2797 845 2839 connexarum.
892 2780 937 2841 At
968 2798 1128 2840 concursus
1161 2801 1179 2839 a
1210 2778 1272 2839 suis
1306 2778 1448 2838 convexis
1479 2778 1590 2839 absunt
1619 2779 1830 2860 inaequaliter.

470 2865 548 2928 Nam
574 2887 593 2926 a
616 2866 747 2927 lentibus
776 2886 883 2945 magno
913 2868 1023 2929 circulo
1052 2868 1194 2928 convexis
1225 2867 1336 2928 absunt
1359 2867 1461 2945 longe,
1487 2888 1506 2926 a
1528 2886 1622 2947 parvo
1655 2869 1757 2933 vuinus
1780 2892 1832 2952 per

470 2951 626 3017 XXXIX.
667 2955 743 3019 Cum
759 2965 859 3028 autem
883 2956 1021 3036 aequalia
1046 2957 1151 3019 ablata
1166 2957 1202 3017 ab
1223 2954 1429 3035 inaequalibus
1454 2956 1624 3034 relinquant
1647 2956 1830 3039 inaequalia,

471 3048 503 3103 et
528 3041 720 3104 intervallum
746 3064 853 3105 cavam
878 3046 955 3106 inter
971 3054 1001 3106 et
1016 3066 1193 3117 convexam,
1219 3046 1323 3105 eudem
1340 3044 1446 3121 ubique
1462 3044 1610 3105 distantia
1634 3063 1830 3124 concursuum

469 3152 489 3191 a
512 3144 598 3205 cava,
638 3133 733 3193 minus
758 3133 799 3193 sit
827 3152 861 3193 eo
892 3134 1065 3208 intervallo,
1101 3135 1179 3214 quod
1204 3142 1252 3193 est
1282 3133 1360 3192 inter
1392 3152 1557 3193 convexam
1581 3141 1612 3193 et
1642 3154 1829 3208 concursum,

469 3211 546 3281 caia
577 3221 678 3300 itaque
711 3224 791 3293 (cum
825 3224 927 3296 oculo)
959 3221 1076 3300 longius
1110 3222 1210 3284 aberit
1234 3243 1252 3282 a
1277 3219 1398 3300 majoris
1423 3222 1525 3283 circuli
1555 3241 1708 3299 convexo,
1745 3245 1829 3307 quam

469 3328 644 3370 πωπω.

559 3399 675 3461 CXIII.
713 3397 941 3477 Propositio.
978 3399 1136 3478 Proposito
1162 3417 1305 3472 convexo,
1330 3417 1406 3458 cavia
1430 3398 1551 3459 minoris
1576 3398 1678 3460 circuli
1706 3420 1828 3482 reprae-

469 3495 592 3548 sentant
615 3486 748 3547 visibilia
772 3488 898 3565 majora,
923 3487 1044 3565 majoris
1069 3489 1194 3549 minora.

555 3576 634 3637 Nam
658 3594 712 3654 per
736 3576 803 3638 CX.
838 3595 913 3635 cavia
946 3577 1030 3654 parvi
1062 3577 1164 3637 circuli
1188 3596 1254 3637 cum
1280 3577 1380 3648 oculo,
1407 3575 1451 3635 cui
1485 3574 1620 3653 proxime
1648 3576 1826 3656 junguntur,

467 3664 612 3725 recedunt
636 3664 752 3741 longius
777 3686 795 3723 a
819 3684 952 3725 convexo
977 3666 1015 3724 ad
1041 3665 1214 3726 distinctam
1240 3664 1384 3724 visionem
1410 3664 1638 3740 impetrandam.
1688 3664 1752 3728 Sed
1777 3687 1828 3747 per

470 3753 635 3814 LXXXII.
662 3772 718 3830 qno
745 3753 861 3830 longius
887 3754 1045 3813 recesserit
1062 3754 1165 3814 oculus
1187 3775 1205 3813 a
1224 3771 1358 3813 convexo
1375 3772 1479 3812 versus
1494 3761 1636 3829 punctum
1652 3773 1826 3827 concursus,

468 3843 522 3902 lroc
548 3840 629 3900 videt
652 3861 701 3900 res
731 3842 870 3920 majores.
917 3842 998 3920 Ergo
1030 3843 1133 3902 oculus
1168 3862 1234 3902 curn
1267 3860 1343 3900 cava
1376 3842 1455 3900 lente
1488 3840 1611 3900 minoris
1643 3842 1750 3905 circuli
1780 3865 1826 3905 res

467 3929 610 3989 distincte
635 3930 716 3989 visas
742 3931 869 4008 majores
894 3931 986 4003 videt,
1013 3950 1099 4008 quarn
1125 3950 1190 3991 cum
1215 3949 1290 3989 cava
1315 3929 1438 4004 majoris
1463 3928 1575 3990 circuli.

556 4017 672 4079 CXIV.
694 4019 871 4097 ,l'roposi
883 4031 891 4077 t
904 4019 946 4078 in.
988 4018 1068 4078 Lens
1085 4038 1159 4078 cava
1176 4018 1352 4079 brevissimo
1374 4017 1531 4077 intervallo
1551 4016 1672 4095 longius
1689 4019 1826 4099 digressa

466 4126 485 4165 a
508 4124 643 4167 convexa
666 4108 791 4168 multum
816 4116 907 4185 auget
932 4107 1072 4167 visibilia.

554 4194 632 4254 Nam
647 4214 699 4273 por
718 4193 799 4256 CIX.
819 4197 845 4256 in
867 4195 1020 4255 schemate
1037 4192 1088 4257 30.
1108 4194 1176 4268 GH,
1194 4196 1238 4256 IK
1258 4202 1328 4255 sunt
1349 4192 1468 4272 punctis
1485 4193 1519 4265 C,
1537 4194 1562 4253 F
1582 4193 1673 4254 valde
1698 4197 1822 4276 propin·

466 4300 552 4361 quae.
600 4282 641 4342 Et
675 4302 744 4343 vero
778 4293 839 4345 tam
871 4283 953 4344 brevi
988 4285 1117 4362 spatiolo
1147 4285 1189 4343 lv
1223 4284 1350 4362 trajecto
1384 4289 1415 4341 et
1444 4282 1529 4341 oculo
1559 4281 1587 4341 in
1613 4283 1639 4362 F
1663 4284 1822 4358 collocato,

466 4370 621 4450 quantitas
645 4372 722 4431 unici
747 4373 858 4450 puncti,
885 4394 902 4432 a
927 4392 983 4450 quo
1008 4372 1083 4432 radii
1108 4392 1211 4432 omnes
1238 4373 1264 4432 in
1290 4372 1344 4431 DE
1370 4372 1508 4441 influunt,
1535 4371 1688 4430 excrescit
1711 4372 1743 4432 in
1768 4374 1822 4436 ali·

466 4478 554 4539 quam
579 4459 831 4539 magnitudinem,
857 4461 1010 4540 aequalem
1036 4463 1143 4540 qnippe
1169 4461 1223 4519 toti
1250 4458 1418 4530 lentiDIJ,
1452 4467 1484 4517 ut
1512 4468 1654 4536 puuctum
1687 4461 1823 4522 videatur

465 4550 574 4628 angulo
599 4548 695 4619 DFE,
729 4568 804 4627 qnae
829 4558 877 4609 est
902 4549 1111 4627 multiplicatio
1146 4550 1269 4608 inlinita.
1319 4548 1393 4607 Levi
1418 4548 1508 4625 igitur
1539 4556 1692 4608 momento
1725 4550 1821 4630 magni

466 4638 534 4716 quid
559 4645 740 4716 praestatur.

555 4725 654 4788 CXV.
695 4726 791 4804 Prop
802 4726 926 4785 ositio.
966 4726 1128 4803 Proposita
1143 4727 1222 4785 lente
1239 4744 1315 4783 cava
1329 4725 1461 4802 proxime
1478 4723 1603 4790 oculum,
1619 4742 1820 4787 connexarum

466 4813 600 4886 lentium,
628 4833 703 4891 quae
720 4813 824 4873 minori
847 4813 956 4874 circulo
972 4833 1107 4874 corrvoxa
1123 4823 1181 4887 est,
1205 4813 1320 4873 minora
1344 4821 1554 4892 repraesentat
1578 4811 1723 4886 visibilia,
1750 4833 1820 4895 quae

465 4902 582 4980 majori,
607 4903 733 4980 majora.

554 4990 605 5051 Sit
635 4991 700 5051 leus
734 5009 867 5050 convexa
894 4990 951 5050 AB
985 4989 1209 5048 semidiametro
1242 4988 1348 5067 majori
1379 4986 1446 5061 AC,
1478 4995 1509 5047 et
1542 4989 1606 5049 lens
1639 4987 1698 5048 DE
1731 4991 1814 5053 serni-

466 5076 613 5138 diametro
643 5078 749 5139 minori
777 5077 841 5138 DF.
888 5078 986 5137 Erunt
1019 5078 1109 5153 igitur
1133 5074 1218 5149 C,F
1247 5087 1359 5155 puncta
1392 5096 1554 5139 concursus
1586 5094 1641 5156 per
1664 5077 1818 5142 XXXIX.
