4584 6192
936 544 966 594 de
985 546 1057 594 rebus
1077 545 1178 609 Opticis.
1693 547 1736 612 37

375 719 499 785 superat?
536 720 593 771 Non
613 723 733 786 estquod
752 729 833 786 petas,
859 731 887 772 ut
906 725 1011 788 cogitem
1031 723 1061 773 de
1081 724 1210 772 occasione
1229 736 1277 787 qna
1296 728 1340 771 tua
1359 722 1442 772 studia
1457 727 1554 787 jurem,
1575 726 1613 773 rix
1631 732 1690 790 puto
1709 733 1735 777 to

376 799 428 842 tam
447 792 592 857 frequenter
609 794 635 842 id
654 794 733 856 ipsum
752 796 873 857 cogitare,
903 802 930 842 οι
949 809 994 858 ego
1014 794 1118 843 meditor
1137 795 1167 842 de
1187 801 1212 843 to
1237 794 1346 855 jnrando
1370 800 1396 841 et
1413 795 1560 853 extollendo,
1587 811 1659 860 quem
1677 800 1733 861 iper

377 862 459 913 Deum
480 865 544 913 citra
562 864 731 914 adulationem
749 866 827 916 scn’bo
847 873 875 914 ut
893 866 988 917 animus
1006 866 1064 914 mihi
1078 862 1168 925 dictat)
1189 880 1234 929 ego
1251 868 1304 928 jam
1317 866 1416 914 unicum
1429 868 1506 916 totius
1520 867 1634 930 Europae
1652 869 1734 918 iumen

379 934 586 985 mathematicum
606 950 724 1000 agnosco.

466 1005 496 1055 ln
515 1006 735 1071 Aquaependentis
755 1008 889 1061 anatomia,
917 1007 958 1056 iol.
978 1004 1011 1054 29
1031 1008 1061 1056 de
1080 1009 1141 1064 don,
1160 1007 1250 1056 ibidem
1275 1008 1306 1056 de
1326 1009 1401 1056 oculis
1420 1009 1503 1058 lelium
1523 1010 1641 1066 invenies,
1670 1011 1735 1075 quod

379 1092 453 1127 senex
472 1077 515 1127 ilie
535 1080 691 1128 anatomicos
711 1079 796 1127 eodem
815 1080 840 1126 in
861 1094 941 1127 errore
961 1084 1071 1127 versatur
1096 1080 1120 1127 in
1140 1094 1187 1143 quo
1207 1094 1252 1143 ego
1282 1079 1312 1128 de
1332 1081 1418 1142 opticis
1438 1087 1463 1129 et
1481 1081 1547 1129 risus
1574 1081 1679 1138 ratione,
1709 1087 1735 1130 et

380 1156 464 1198 umen
492 1151 546 1212 ipse
565 1164 624 1198 usus
644 1157 682 1198 est
707 1165 781 1213 opera
799 1149 1029 1200 mathematicorum
1049 1150 1224 1199 Patavinorum
1252 1152 1420 1212 primariorum
1449 1158 1476 1200 ut
1498 1151 1580 1200 audio.
1616 1151 1733 1217 Princeps

381 1222 577 1270 anatomicorum
596 1222 637 1285 qui
653 1224 706 1283 jam
719 1223 778 1270 ririt
796 1228 833 1269 est
847 1220 986 1270 Oasserius:
1006 1222 1054 1276 iiie.
1074 1230 1102 1269 ut
1114 1222 1210 1276 dicitur,
1230 1235 1301 1270 suam
1313 1223 1453 1271 universam
1466 1223 1618 1272 anatomiam
1636 1228 1735 1287 propter

380 1293 519 1357 ignoratam
538 1293 603 1340 risus
623 1294 745 1341 rationem
764 1292 829 1356 apud
848 1307 874 1341 se
893 1294 991 1347 retinet,
1020 1299 1045 1341 et
1064 1292 1129 1347 itali,
1157 1292 1215 1340 iicet
1233 1292 1334 1341 rideant
1353 1293 1529 1342 Germanorum
1548 1293 1610 1341 iiiios
1637 1296 1733 1358 propius

383 1363 413 1412 ad
424 1364 557 1413 veritatem
572 1362 701 1420 accedere,
715 1369 799 1412 tamen
812 1363 923 1413 inrident
936 1365 992 1426 ipsis
1005 1364 1162 1427 palmamque
1175 1363 1262 1411 cedere
1282 1364 1375 1412 nolunt.
1415 1364 1468 1428 Ego
1482 1379 1557 1413 senex
1570 1364 1610 1414 iile
1623 1365 1734 1415 Francus

382 1433 411 1483 de
428 1433 510 1484 Suero
529 1449 631 1483 carmen
650 1434 697 1484 hoc
715 1436 814 1497 saepius
833 1446 908 1484 cano:
946 1435 1029 1483 Gloria
1048 1434 1196 1492 Suanorum,
1216 1434 1346 1498 Kepioros,
1366 1435 1467 1484 tradidit
1485 1451 1548 1485 unus

1018 1505 1139 1561 Pedonia,
1159 1505 1282 1568 quodnam
1301 1508 1333 1554 sit
1351 1508 1449 1554 visionis
1468 1522 1536 1569 opus.

949 1576 1050 1639 Semper
1068 1576 1145 1626 honos
1164 1591 1301 1641 nomenque
1320 1584 1388 1626 tuum
1407 1577 1541 1642 laudesque
1560 1578 1702 1627 manebunt.

467 1717 565 1767 Passim
584 1720 610 1768 in
628 1719 689 1768 libro
708 1718 738 1766 de
753 1717 832 1768 Stella
850 1732 914 1767 nora
932 1719 996 1766 inira
1014 1726 1132 1782 sequente
1151 1720 1301 1768 montionem
1319 1719 1381 1768 iacit
1393 1717 1515 1781 Keplerus
1534 1719 1560 1767 J.
1573 1718 1601 1766 G.
1616 1720 1734 1784 Brang-

383 1790 468 1853 geri,
487 1789 577 1839 medici
597 1790 801 1847 Kanneurensts,
822 1790 1004 1852 adjunctaeqne
1023 1804 1039 1838 a
1057 1792 1126 1839 nobis
1145 1792 1180 1838 iiii
1198 1791 1257 1838 libro
1284 1791 1371 1839 literae
1390 1790 1463 1852 huJus
1481 1791 1523 1837 riri
1548 1790 1580 1838 ad
1599 1789 1734 1853 Kepiemm

383 1860 453 1909 datae
472 1867 606 1918 testantur,
626 1862 748 1910 medicum
766 1861 840 1912 hunc,
859 1875 1008 1924 quamquam
1029 1861 1091 1909 aliis
1110 1863 1134 1909 in
1154 1861 1230 1909 literis
1249 1862 1369 1926 ignotum.
1388 1860 1456 1909 haud
1474 1860 1601 1924 indignum
1620 1876 1673 1909 esse
1693 1863 1733 1925 qui

382 1933 404 1979 in
421 1932 564 1981 memoriam
583 1939 718 1982 revocetur.
755 1932 855 1980 literae
875 1942 958 1980 autem
977 1932 1086 1994 ejusdem
1107 1932 1136 1981 de
1157 1932 1256 1995 Kepleri
1277 1932 1367 1995 Optica
1386 1931 1489 1994 amplius
1508 1933 1551 1979 viri
1571 1931 1732 1981 eruditionem

383 2002 495 2053 exhibent
512 2005 538 2051 in
559 2004 606 2052 hoc
620 2017 715 2067 quoque
739 2003 865 2052 doctrinae
884 2018 984 2066 genere,
1011 2018 1083 2067 quam
1105 2005 1134 2052 ob
1148 2018 1200 2051 rem
1220 2003 1287 2052 haud
1300 2005 1424 2066 ingratum
1437 2004 1483 2051 erit
1495 2002 1634 2060 lectoribus,
1658 2004 1734 2052 rerba

381 2075 430 2133 riri,
452 2089 527 2138 quem
546 2076 632 2139 magni
652 2074 759 2122 habebat
778 2074 910 2138 Keplerus‚
934 2074 1023 2139 legere.
1063 2074 1101 2123 ite
1131 2076 1182 2123 vita
1200 2074 1337 2139 Brenggeri
1359 2088 1422 2136 quae
1443 2075 1628 2135 praemittamus
1653 2087 1735 2136 pauca

381 2144 506 2196 babemus.
544 2149 674 2210 Augustae
689 2144 760 2194 Vind.
783 2152 967 2208 perscrutantes
989 2148 1013 2193 in
1035 2146 1100 2193 urbis
1123 2146 1244 2194 tabulario
1268 2147 1347 2194 diaria
1367 2144 1516 2193 medicorum
1531 2146 1733 2208 augustensium,

382 2215 440 2266 baec
461 2217 681 2279 deprehendimus:
707 2216 744 2272 „J.
760 2216 788 2265 G.
803 2217 961 2281 Brenggerus
975 2231 1040 2265 anno
1055 2215 1131 2264 1588.
1148 2216 1171 2265 d.
1186 2216 1229 2263 21.
1242 2216 1305 2265 Nor.
1319 2216 1436 2264 Basiieae
1456 2225 1587 2279 promotus,
1608 2215 1663 2264 albo
1681 2230 1734 2265 me·

383 2287 488 2337 dicornm
508 2289 634 2351 inscripsit
653 2286 676 2336 d.
691 2283 715 2334 8.
730 2288 787 2336 ian.
805 2284 881 2341 1589.
904 2303 950 2351 quo
974 2302 1039 2335 anno
1062 2303 1162 2336 uxorem
1179 2287 1255 2336 duxit.
1294 2283 1585 2349 Ann0159i.pbysicus
1601 2287 1733 2345 Kauibnri,

385 2356 456 2408 ttae.
469 2358 590 2409 Decanus
604 2359 700 2423 collegii
713 2359 886 2408 medicorum.“
897 2383 927 2391 -
937 2359 1005 2407 Adiit
1015 2359 1137 2422 Kopierus
1154 2360 1218 2422 prior
1230 2359 1399 2423 Brenggerum
1412 2358 1496 2408 literis.
1510 2364 1538 2406 ut
1551 2373 1564 2406 e
1577 2358 1735 2422 sequentibus

384 2436 483 2494 appara
505 2436 583 2479 antea
602 2432 720 2495 ignotum.
758 2430 797 2479 ild
817 2430 863 2479 has
885 2430 1010 2493 respondit
1029 2430 1070 2478 iiie
1089 2430 1168 2479 haec:

464 2499 548 2551 Recte
564 2510 593 2550 tn
614 2501 719 2565 quidem,
749 2502 888 2551 doctissime
908 2501 1025 2564 KepIere.
1057 2500 1233 2565 philosophiam
1256 2502 1346 2549 statuis
1364 2501 1429 2548 riam
1451 2498 1569 2562 praebere
1592 2500 1625 2548 ad
1648 2500 1734 2548 amici·

384 2573 448 2622 tam.
485 2571 553 2622 Nam
576 2579 603 2621 et
626 2572 685 2621 mihi
710 2588 756 2622 usu
778 2574 852 2629 venit.
874 2588 903 2622 ex
929 2588 975 2637 quo
995 2572 1082 2621 librum
1102 2578 1172 2620 tuum
1189 2572 1238 2636 legi
1258 2578 1284 2621 et
1303 2570 1517 2635 philosophantem
1538 2569 1627 2626 audiri,
1650 2578 1679 2619 ut
1699 2570 1735 2620 Te

384 2644 412 2692 ob
431 2644 581 2693 industriam
608 2651 634 2692 et
661 2644 802 2707 praeclaras
831 2646 925 2708 ingenii
953 2644 1023 2692 dotes
1047 2646 1179 2707 suscipere.
1205 2644 1314 2707 diligere,
1344 2650 1460 2707 tuamque
1484 2643 1619 2689 amicitiam
1642 2642 1734 2691 ambire

384 2717 509 2778 coeperim,
533 2730 607 2780 quem
630 2722 707 2763 antea
728 2730 854 2779 nunqnam
876 2716 983 2763 videram
1010 2728 1039 2763 ac
1067 2715 1136 2763 nulia
1164 2715 1334 2763 familiaritate
1362 2716 1475 2775 junctum
1501 2712 1631 2761 habebam.
1668 2712 1734 2762 Vere

384 2788 466 2850 qnippe
484 2793 511 2836 et
534 2786 670 2849 prudenter
691 2800 707 2834 a
729 2787 808 2834 'luiiio
827 2787 949 2849 prolatum
968 2794 1014 2841 est,
1043 2800 1098 2834 eam
1122 2788 1204 2834 virtuti
1227 2801 1281 2835 esse
1301 2786 1416 2849 gratiam,
1442 2791 1469 2832 ut
1493 2790 1591 2846 propter
1612 2783 1677 2832 hanc
1696 2784 1735 2832 rel

384 2871 438 2920 quos
457 2870 584 2922 nunquam
606 2858 709 2906 vidimus
733 2857 871 2922 diligamns.
911 2856 1009 2905 Veritus
1040 2872 1094 2905 cnm
1116 2864 1201 2906 tamen
1229 2859 1305 2920 primo
1336 2869 1379 2918 per
1400 2855 1484 2904 literas
1504 2861 1529 2902 te
1548 2854 1647 2918 alioqui.
1676 2856 1736 2919 quia

384 2927 437 2976 mihi
455 2943 506 2977 non
532 2928 675 2983 constabat.
701 2944 747 2991 qno
766 2930 847 2978 animo
866 2929 961 2977 iuturus
986 2942 1061 2984 esses,
1087 2930 1107 2976 si
1127 2929 1222 2977 rideres
1246 2943 1286 2976 me
1312 2926 1422 2975 nonnihil
1442 2939 1458 2974 a
1475 2932 1501 2973 te
1527 2925 1664 2980 dissentire.
1691 2933 1735 2973 aut

382 3000 495 3062 quomodo
519 2999 594 3048 rudes
619 3005 645 3048 et
670 2998 792 3062 impolitas
814 3013 882 3048 meas
908 3001 1072 3063 cogitationes
1098 2999 1135 3047 rel
1171 3000 1234 3048 forte
1259 3000 1365 3061 ineptim
1391 3011 1456 3046 esses
1482 3004 1647 3059 suscepturus.
1692 2996 1734 3045 in-

386 3072 451 3120 terim
469 3078 556 3121 tamen
574 3070 638 3119 bene
657 3085 755 3134 sperare
774 3085 814 3120 me
830 3071 935 3133 jubebat
954 3070 1101 3120 Ouidianum
1120 3070 1191 3120 iliud:
1226 3070 1364 3128 „Didicisse
1383 3068 1489 3117 fideliter
1508 3074 1573 3117 artes

1035 3141 1133 3190 Emollit
1152 3157 1240 3199 mores,
1259 3156 1306 3190 nec
1325 3142 1383 3188 sinit
1402 3154 1456 3188 esse
1475 3138 1564 3188 ieros.“

465 3250 581 3298 Accessit
599 3263 677 3311 nuper
701 3250 794 3297 amicus
813 3263 882 3298 meus
911 3250 955 3298 tibi
974 3264 1022 3297 non
1045 3250 1152 3313 ignotus.
1174 3248 1296 3297 Matthim
1318 3245 1462 3295 Prechlerus
1484 3243 1623 3293 medicinae
1640 3243 1732 3302 doctor,

385 3322 419 3385 qni
441 3321 572 3384 plurimam
598 3319 702 3369 salutem
727 3322 773 3369 tibi
798 3321 936 3370 adscribere
956 3321 1040 3382 iubet;
1072 3321 1092 3368 is
1118 3320 1299 3369 humanitatem
1325 3325 1394 3367 tuam
1420 3316 1482 3365 adeo
1506 3316 1675 3378 praedicarit,
1706 3322 1734 3364 ut

384 3391 526 3441 decreverim
551 3391 655 3440 tandem
677 3392 768 3456 aliquid
790 3392 822 3440 ad
841 3400 867 3441 te
888 3393 953 3440 dare.
994 3391 1043 3440 Sed
1060 3406 1119 3441 ecce
1139 3397 1224 3454 optato
1249 3406 1313 3439 nunc
1334 3388 1452 3438 advolant
1468 3387 1556 3435 literae
1576 3393 1643 3445 tuae,
1669 3400 1734 3451 quae

384 3478 426 3526 qoo
448 3465 529 3512 minus
556 3477 573 3511 a
596 3476 636 3511 me
658 3470 805 3526 expectatae
833 3479 861 3512 eo
883 3465 1003 3527 gratiores
1029 3463 1086 3511 mihi
1111 3463 1259 3527 obtigerunt.
1298 3461 1354 3510 Hae
1375 3474 1415 3509 me
1440 3458 1596 3520 compellunt,
1623 3464 1651 3506 nt
1667 3458 1733 3522 'quod

385 3534 527 3598 paulopost
545 3547 615 3583 eram
633 3533 743 3583 iacturas
763 3535 867 3597 abmpta
886 3549 954 3583 mora
972 3535 1056 3582 statim
1077 3535 1217 3598 aggrediar.

467 3605 549 3654 Video
563 3619 594 3653 ex
606 3606 655 3653 tuis
675 3607 779 3668 scriptis,
806 3613 831 3653 te
845 3606 920 3653 iibere
932 3605 1095 3668 philosophari
1110 3612 1134 3654 et
1153 3620 1233 3654 rerum
1246 3603 1394 3653 naturalium
1412 3615 1502 3650 causas
1516 3615 1545 3649 ex
1562 3601 1619 3663 ipsis
1631 3602 1734 3649 rationis

386 3676 487 3726 lontibus
508 3677 604 3739 potius,
626 3690 699 3740 quam
722 3691 751 3725 ex
770 3679 904 3739 priscomm
917 3677 1111 3738 philosophorum
1125 3676 1206 3724 rivulis
1219 3688 1388 3738 nonnusquam
1410 3672 1513 3721 turbidis
1530 3672 1629 3721 haurne
1642 3672 1732 3719 consti-

387 3749 463 3798 tuisse.
496 3748 565 3797 ldem
578 3749 599 3795 si
611 3750 717 3809 majores
730 3750 804 3796 nostri
818 3749 942 3803 iecissent,
957 3763 1037 3811 neque
1049 3750 1074 3795 in
1087 3750 1162 3797 verba
1175 3755 1200 3796 et
1212 3748 1305 3810 placita
1319 3744 1457 3794 Aristotelis
1468 3746 1550 3805 jurare
1563 3743 1608 3792 sed
1619 3743 1733 3791 libertate

386 3823 473 3869 tuenti
485 3818 640 3873 maluissent.
665 3820 761 3881 puriore
780 3819 864 3881 procul
882 3819 955 3868 dubio
974 3828 999 3867 et
1018 3818 1122 3868 firmiore
1142 3833 1208 3867 nunc
1230 3819 1364 3867 frueremur
1382 3814 1543 3879 philosophia
1581 3813 1700 3877 Equidem
1712 3814 1733 3860 is

387 3903 442 3946 sum.
454 3892 496 3956 qui
509 3905 559 3938 non
572 3890 645 3940 facile
658 3904 674 3939 a
686 3903 830 3954 magnorum
844 3896 869 3939 et
881 3890 1036 3953 probatorum
1049 3897 1176 3939 oriciorum
1188 3890 1297 3954 vestigiis
1310 3887 1397 3938 abduci
1408 3901 1448 3935 me
1460 3886 1547 3949 patior,
1561 3885 1635 3932 nolim
1649 3892 1733 3932 tamen

387 3974 461 4011 come
473 3961 604 4025 mangi,
627 3967 655 4009 ut
672 3975 841 4025 quemcunque
855 3962 893 4011 rei
912 3962 1011 4009 maximi
1025 3963 1128 4009 nominis
1142 3963 1229 4010 ducem
1251 3962 1319 4026 sequi
1333 3972 1415 4024 cogar,
1433 3972 1505 4021 quem
1525 3955 1562 4005 vei
1583 3955 1734 4018 experientia

386 4031 420 4079 rei
438 4032 530 4083 firmior
548 4033 613 4080 ratio
632 4031 691 4080 milri
710 4032 845 4095 persuadet
865 4038 966 4081 arecio
988 4034 1087 4082 tramite
1107 4033 1241 4083 declinare.

432 4103 494 4154 Tale
507 4118 564 4154 cum
584 4109 610 4151 et
621 4103 666 4152 tibi
684 4104 809 4168 ingenium
823 4118 877 4152 esse
889 4111 933 4152 tua
951 4110 1043 4153 testen-

387 4178 421 4223 tur
435 4176 542 4239 scripta.
572 4188 602 4223 eo
630 4175 728 4224 liberius
744 4177 797 4236 Jam
815 4175 839 4223 in
865 4176 945 4223 sinum
964 4175 1044 4223 Tuum
1332 4171 1385 4235 Fig.
1409 4167 1449 4217 19.

387 4244 518 4300 offundam.
542 4246 608 4310 quod
626 4260 643 4294 a
660 4246 744 4294 multis
764 4246 835 4294 aunis
853 4246 984 4296 sollicitum
1002 4261 1042 4294 me

388 4319 556 4381 taeniasque
575 4318 685 4366 exercuit
704 4316 813 4365 dubium.

434 4387 577 4438 Communis
606 4395 644 4437 est
671 4393 697 4437 et
724 4387 796 4452 vulgo
824 4393 926 4449 recepta
953 4388 1043 4450 opinio.

388 4459 444 4522 qnod
461 4459 551 4509 locus
577 4460 731 4524 imaginis
756 4473 800 4521 per
822 4459 979 4507 reflexionem
1000 4472 1043 4521 ap·
1138 4510 1140 4520 y

388 4532 487 4590 paenas
513 4532 546 4579 sit
573 4531 599 4578 in
619 4544 739 4579 concursu
761 4529 844 4579 lineae
863 4530 1000 4578 reflexionis
1019 4536 1045 4578 et
1138 4546 1140 4588 q

389 4600 653 4651 amiralinum.
681 4601 742 4650 Esto
761 4602 825 4652 enim
844 4599 971 4663 speculum
989 4601 1043 4663 pla·
1138 4628 1140 4642 ι

389 4684 440 4720 arm
456 4671 536 4728 CDF,
565 4673 689 4735 objectum
713 4672 805 4722 risibile
836 4674 905 4734 cnjus
934 4678 1044 4721 centrum
1137 4677 1140 4706 ἲ

390 4742 417 4790 rit
432 4745 466 4801 Δ,
494 4743 580 4793 oculus
596 4745 624 4792 in
642 4743 680 4800 B,
708 4751 826 4808 punctum
851 4744 989 4792 reflexiouis
1008 4742 1041 4798 Ι),

390 4811 450 4863 inea
464 4815 617 4865 incidentiae
629 4813 692 4871 AD.
712 4815 849 4865 reflexionis
862 4813 916 4873 DB,
938 4829 1042 4877 perpen-

391 4882 486 4936 dtalum
504 4884 569 4942 ΒΚ,
599 4886 713 4935 cathmus
731 4885 883 4935 incidentiae
902 4885 953 4933 AC.
990 4886 1044 4934 Erit

392 4966 417 5003 α
430 4955 540 5007 riechina
552 4959 689 5021 opticorum
708 4957 775 5007 locus
792 4958 908 5022 imaginis
921 4970 1041 5020 apparen-

392 5025 457 5077 irin
473 5042 594 5080 concam
612 5028 734 5079 linearum
751 5028 796 5078 AC
814 5037 841 5078 et
857 5028 917 5087 BD,
936 5028 961 5076 h.
976 5043 997 5077 e.
1017 5030 1043 5077 in

392 5107 471 5160 meto
488 5100 517 5150 ii.
553 5099 629 5152 Hanc
647 5099 819 5165 apparentiam
841 5102 866 5149 in
885 5100 965 5165 planis
985 5114 1041 5164 spe·
