4584 6192
887 577 891 584 ’
945 605 1160 674 oremus·
1597 663 1601 668 .
1663 608 1723 677 rar
1795 546 1797 550 ¹

376 786 511 859 hiatibus
534 805 587 847 sen
601 784 786 859 chasmatisr
809 792 850 860 et,
870 784 950 866 qnod
969 784 1066 850 hieme
1085 803 1180 867 aeque
1198 785 1411 868 prodigiosum,
1434 786 1559 851 iridibus
1573 806 1591 849 e
1605 787 1726 868 regione
1798 739 1800 744 Ι
1845 830 1847 836 -
1903 791 1905 796 ’

377 895 444 937 cum
459 873 541 937 Solis
555 883 617 936 tum
633 875 758 940 Lunae:
778 874 857 937 adde
870 874 960 954 paulo
974 876 1180 955 frequentiora
1194 877 1317 955 parelia,
1334 877 1529 954 paraseleuas
1545 886 1575 940 et
1591 878 1725 945 helenes.
1796 888 1803 932 ἑ

376 965 478 1044 Igitur
496 963 656 1026 verisimile
680 974 742 1038 est,
771 964 840 1026 nori
864 963 971 1025 sideris
1005 966 1144 1027 effectum
1168 966 1260 1032 fnisse
1283 964 1490 1049 hauc·hiemis
1517 967 1727 1030 humiditatem

376 1065 410 1115 et
432 1052 632 1152 prodigiorum
656 1054 831 1115 coelestium
856 1054 1069 1133 frequentiam:
1100 1075 1177 1136 quae
1200 1062 1235 1116 ut
1257 1054 1334 1115 inter
1362 1072 1469 1116 novum
1491 1054 1575 1122 sidus
1598 1065 1631 1120 et
1651 1074 1725 1119 cou-

372 1142 561 1222 junctionem
581 1142 721 1222 inaguam
746 1142 824 1203 hona
847 1162 912 1208 cum
937 1144 1053 1208 ratione
1076 1144 1250 1222 partiamur,
1274 1143 1319 1204 sic
1343 1151 1475 1236 agemus.

465 1233 500 1293 In
524 1231 654 1293 Telluris
686 1231 775 1332 globo
808 1231 942 1311 gemina
951 1240 1001 1292 est
1023 1232 1152 1294 facultas
1176 1232 1270 1336 (quod
1298 1225 1433 1294 meteo'ra
1462 1232 1602 1314 attinet),
1627 1227 1735 1298 attera

377 1310 552 1383 attrahendi
575 1340 670 1401 aquas
699 1320 831 1382 marinas
852 1320 881 1381 in
907 1321 1040 1384 occultas
1069 1321 1272 1383 concoctiouis
1300 1322 1404 1394 sedes,
1432 1322 1531 1383 altera
1554 1320 1741 1406 expellendi

377 1430 507 1491 vapores
531 1418 689 1471 concoctos
712 1429 766 1488 per
789 1410 935 1490 quendam
960 1410 1045 1490 quasi
1069 1411 1228 1484 sudorem;
1253 1419 1306 1471 aut
1323 1409 1356 1472 si
1365 1410 1460 1472 mavis
1484 1415 1626 1489 compara
1648 1409 1725 1473 hant
1798 1447 1803 1455 ‹

377 1499 581 1579 expulsionem
613 1498 777 1560 exarationi
809 1498 946 1560 seminali
979 1499 1183 1561 animantium.
1236 1500 1352 1562 Harum
1384 1498 1562 1578 facultatum
1599 1497 1726 1562 alteram
1823 1537 1826 1544 ·

376 1588 622 1668 expultricem
655 1588 802 1650 stimulari
827 1588 865 1649 ab
893 1588 1068 1668 aspectibus
1095 1589 1285 1667 planetarum
1315 1587 1496 1652 harmonicis
1526 1585 1727 1650 certissimum

376 1687 444 1744 est:
469 1696 528 1758 qua
543 1677 748 1739 stimulatione
772 1677 907 1750 efficitur,
928 1685 965 1737 ιι
979 1679 1121 1740 continua
1144 1671 1322 1757 quidem(in
1341 1671 1494 1740 fluminum
1517 1676 1726 1757 generatione)
1802 1754 1806 1766 ⁵

376 1776 411 1828 at
435 1783 491 1829 non
515 1775 660 1846 perpetuo
684 1765 838 1827 uniformis
857 1766 898 1827 sit
912 1767 1058 1845 expulsio,
1082 1767 1137 1828 sed
1152 1767 1253 1830 multis
1276 1767 1454 1830 interuallis
1466 1766 1636 1845 interrupta
1659 1765 1725 1845 eJus

377 1856 584 1930 vehementia,
614 1864 705 1958 prout
728 1843 878 1934 aspectus
897 1855 1000 1917 ordine
1034 1856 1235 1942 astronomiae
1258 1855 1425 1918 inciderint.
1470 1854 1512 1918 Et
1534 1875 1580 1917 me
1603 1854 1726 1918 hercule

323 1948 325 1957 '
376 1964 437 2007 nou
470 1945 599 2006 absurde
632 1945 698 2024 quis
728 1944 799 2007 huic
831 1944 994 2006 excretioui
1025 1946 1115 2007 etiam
1140 1932 1326 2026 voluptatem
1356 1964 1440 2007 suam
1464 1942 1653 2024 adjunxerit.
1683 1942 1727 2007 ita
1797 1989 1799 1994 -

378 2034 476 2096 multa
489 2025 599 2096 Terrae
620 2053 698 2095 cum·
694 2034 908 2096 animantibus
928 2036 1115 2097 conveniunt.
1154 2034 1276 2097 Etenim
1295 2034 1404 2095 docent
1421 2034 1539 2106 medici,
1563 2033 1725 2115 siquando

377 2124 502 2185 hutnore
526 2122 652 2202 genitali
665 2131 788 2183 tument
806 2142 911 2197 venae,
937 2122 1024 2184 facile
1039 2124 1086 2185 uel
1106 2142 1158 2203 per
1181 2134 1317 2185 somnum
1340 2122 1469 2202 imagine
1493 2122 1572 2185 dulei
1591 2122 1723 2211 objecta,

376 2212 461 2274 nullo
494 2213 585 2273 etiam
618 2220 760 2273 contactu
790 2213 971 2286 accedente,
1004 2213 1067 2275 lieri
1100 2212 1310 2275 excretionem.
1359 2210 1439 2283 Quid
1465 2210 1537 2275 ve'ro
1568 2211 1655 2289 hujus
1678 2211 1723 2274 rei

334 2327 336 2332 ·
375 2299 512 2375 similius,
537 2321 625 2382 quam
641 2301 717 2382 quod
739 2309 860 2362 constat
877 2301 976 2364 inesse
992 2302 1021 2363 iu
1037 2303 1131 2364 Terra
1154 2303 1330 2364 facultatem
1353 2308 1529 2380 aspectuum
1547 2300 1725 2376 coelestium
1799 2383 1804 2388 Ι

374 2390 611 2470 perceptricem,
650 2408 726 2469 quae
761 2390 916 2450 stimulata
953 2391 1053 2470 aliquo
1093 2400 1217 2470 aspectu
1254 2391 1381 2454 exsudet
1417 2410 1545 2470 vapores
1563 2390 1724 2471 ¹pluvios?

372 2480 527 2559 Utrinque
546 2480 662 2582 species
686 2478 888 2541 immateriata
911 2480 1029 2560 objecta
1051 2480 1229 2560 phantasiae
1253 2480 1313 2542 ciet
1331 2480 1488 2554 materiam
1511 2479 1723 2559 genitabilem·
1802 2545 1807 2554 ,

373 2569 445 2649 quid
469 2569 612 2649 impediet
635 2567 736 2647 igitur,
761 2568 897 2649 utrinque
920 2588 958 2630 ex
975 2570 1167 2650 perceptione
1187 2570 1301 2648 speciei
1325 2577 1356 2630 et
1378 2569 1553 2650 expulsione
1576 2568 1723 2631 materiae
1804 2591 1806 2596 ’

374 2659 508 2730 existere
521 2657 747 2736 voluptatem?
766 2658 873 2738 Itaque
894 2678 973 2720 nune
997 2659 1113 2721 demum
1137 2658 1249 2720 meliori
1274 2677 1364 2721 seusu
1392 2667 1514 2773 poetam
1537 2658 1625 2720 audio
1648 2677 1723 2735 cau·

374 2753 498 2836 tantem
518 2746 725 2827 philosophiae
748 2748 910 2827 mysteria.
1520 2830 1522 2833 .

641 2855 715 2922 Vere
733 2845 843 2910 'tument
862 2856 964 2909 Terrae
985 2861 1015 2908 et
1034 2855 1175 2927 genitalia
1194 2853 1299 2908 semina
1318 2824 1490 2925 poscnutr·
1635 2857 1639 2865 “

594 2915 708 2987 ·Tuni
729 2943 811 3005 pater
831 2936 1001 3027 omnipotens
1022 2936 1162 2989 foecundis
1183 2935 1313 2989 imbribus
1334 2931 1471 2989 aether·

454 3013 463 3037 ·“
528 3069 534 3082 ,
642 3015 775 3086 Coujugis
796 3016 823 3073 ib
844 3016 977 3087 gremium
998 3016 1092 3069 laetae
1112 3015 1260 3079 deseendit,
1282 3022 1312 3069 et
1331 3032 1424 3072 omnes

466 3092 477 3113 ⁰
525 3089 531 3101 '
582 3127 585 3133 -
628 3095 834 3166 ·Magnus,alib
854 3113 955 3167 magno
976 3096 1138 3152 commixtus
1160 3112 1273 3167 corpore
1293 3097 1393 3152 foetus.

434 3167 523 3254 tllle
553 3179 670 3269 quidem
701 3192 842 3271 figmento
871 3193 1025 3254 luxurians
1053 3191 1135 3254 coelo
1160 3192 1270 3254 imbres
1292 3211 1347 3273 pro
1369 3192 1482 3254 semiue
1505 3190 1624 3267 tribuit,
1648 3210 1722 3272 quos

368 3283 402 3343 in
427 3282 561 3351 Terram
574 3279 733 3350 infundat.
761 3281 827 3361 Ego
842 3282 925 3354 coelo
943 3282 985 3342 nil
1008 3282 1193 3344 transscribo
1215 3281 1285 3359 nisi
1297 3282 1425 3362 speciem
1448 3282 1531 3344 illam
1551 3280 1722 3343 Venereem

371 3372 546 3448 (aspectus
557 3371 645 3448 puto)
667 3370 866 3447 proritantem
881 3370 1030 3433 Tellurem
1053 3372 1092 3432 ad
1115 3353 1321 3434 effundendum
1340 3372 1395 3434 hoc
1411 3390 1512 3433 semen
1536 3388 1575 3430 ex
1596 3389 1629 3431 se
1644 3370 1719 3450 ipsa,

369 3451 520 3539 siquidem
554 3459 717 3524 tumuerint
747 3460 809 3539 ejus
840 3478 934 3521 venae
962 3459 1116 3522 humorum
1139 3461 1236 3541 copia,
1283 3460 1334 3523 Sic
1356 3460 1448 3542 igitur
1474 3458 1567 3523 habet
1590 3460 1720 3582 facultas

369 3546 504 3611 Telluris
527 3547 685 3627 expultrix.

461 3634 605 3699 Facultas
628 3636 756 3699 Telluris
780 3637 986 3699 attraetrix
1008 3637 1114 3719 quibus
1133 3637 1300 3700 intervallis
1314 3644 1397 3718 agat,
1422 3634 1578 3706 obscurum
1600 3578 1732 3718 quidem·
1806 3682 1817 3709 .

371 3732 435 3789 est.
482 3726 516 3787 Iu
541 3726 742 3788 animantibus
770 3726 856 3788 varia
878 3736 948 3788 suut
975 3726 1135 3790 intervalla
1165 3726 1321 3787 facultatis
1345 3727 1426 3807 ejus,
1455 3745 1531 3807 quae
1555 3726 1718 3805 genitalem

367 3818 529 3888 humorem
552 3815 633 3877 intus
656 3815 758 3897 coquit
776 3816 833 3876 et
825 3836 855 3877 m
878 3836 971 3878 venas
993 3816 1130 3879 infercit:
1151 3816 1286 3897 juventa,
1310 3833 1373 3888 ver,
1396 3814 1456 3877 cibi
1477 3815 1618 3895 repletio,
1648 3813 1717 3896 ple·

371 3904 525 3967 thorieum
549 3922 675 3983 corpus;
710 3904 874 3984 impediunt
904 3905 1038 3980 senium,
1066 3906 1179 3980 biems,
1204 3904 1316 3978 fames,
1338 3903 1443 3967 morbi.
1488 3905 1593 3987 Neque
1616 3912 1718 3967 tamen

367 3993 541 4073 comparari
563 4002 692 4073 possunt
713 3994 787 4056 haec
810 3993 970 4057 intervalla
988 3995 1128 4057 cumillis
1152 3993 1342 4056 excretiouis.
1383 3994 1442 4056 Illa
1460 3993 1537 4056 enim
1560 3993 1719 4060 subitanea

367 4083 500 4148 suntet
531 4083 730 4166 praecipitata
762 4091 794 4145 et
829 4082 952 4159 brevia;
993 4083 1068 4147 haee
1099 4086 1184 4152 lenta
1215 4091 1248 4147 et
1277 4082 1417 4164 segniora
1444 4090 1476 4145 et
1502 4084 1718 4165 quodammodo

367 4171 471 4252 magis
504 4172 654 4235 contiuua.
702 4171 781 4244 Quid
813 4172 862 4234 bic
893 4173 990 4252 simile
1014 4173 1044 4235 iu
1073 4172 1202 4236 Telluris
1225 4173 1313 4253 globo
1345 4172 1522 4248 inveniatur,
1556 4173 1717 4254 dispiciant

366 4260 552 4345 philosophi.
597 4261 676 4324 Illud
699 4270 822 4335 certum,
844 4262 994 4324 interdum
1017 4262 1124 4325 deesse
1147 4261 1260 4326 Telluri
1282 4264 1361 4344 quod
1388 4270 1543 4338 excernat,
1571 4263 1630 4328 etei
1653 4265 1716 4327 fer-

366 4350 546 4414 ventissime
570 4351 734 4413 concitetur
757 4351 794 4413 ab
818 4352 1000 4432 aspectibus.
1047 4352 1129 4415 Tunc
1151 4353 1229 4415 euim
1252 4352 1437 4434 experientia
1465 4351 1591 4416 docente
1618 4354 1718 4416 solent

368 4442 503 4505 existere
526 4459 579 4521 pro
602 4440 711 4521 pluviis
735 4439 853 4502 halitus·
870 4441 989 4523 quidam
1012 4440 1171 4517 ardentes,
1196 4441 1358 4513 inamoeui,
1382 4441 1520 4522 sulfurei,
1544 4443 1716 4519 mordacem

367 4530 450 4593 uude
488 4530 656 4604 siccitates,
695 4531 864 4611 squalores,
904 4529 1004 4595 aba.
1054 4528 1205 4612 Compara
1226 4532 1427 4595 'animantium
1457 4531 1554 4595 coitus
1585 4532 1713 4608 steriles,

366 4618 493 4690 irritos,
526 4618 712 4694 laboriosos;
728 4619 788 4690 ⁴ita
815 4638 861 4682 me
892 4620 1030 4698 hercule,
1061 4640 1132 4685 uam
1164 4621 1310 4683 sterilitas
1341 4621 1476 4703 sequitur
1506 4621 1562 4683 hos
1585 4619 1714 4685 Telluris

366 4710 508 4776 affectus.
543 4708 587 4771 m
609 4708 743 4770 celebrat
764 4709 949 4772 Aristoteles
972 4710 1001 4771 iu
1016 4729 1052 4773 eo
1071 4717 1251 4776 cometarum
1274 4711 1408 4787 efectus,
1432 4710 1511 4793 qnod
1534 4710 1713 4773 sterilitates

367 4807 403 4872 et
425 4799 580 4880 squalores
609 4797 792 4878 significent,
824 4800 871 4861 cui
897 4799 1084 4878 experientia
1115 4802 1304 4879 suffragatur.
1352 4798 1497 4864 Comatae
1519 4819 1608 4875 vero,
1632 4799 1658 4863 si
1680 4808 1715 4862 nt

366 4907 483 4951 causae
506 4887 694 4968 significant,
725 4906 791 4949 cum
814 4907 906 4967 snpra
926 4889 1043 4951 Lunam
1066 4889 1128 4951 sint
1149 4897 1183 4951 ut
1207 4889 1382 4971 plurimum,
1411 4907 1469 4951 uon
1494 4889 1582 4952 aliter
1604 4907 1714 4958 cauete

367 4985 467 5053 eruut,
491 4974 548 5062 uisi
572 4985 606 5037 ut
626 4976 771 5038 hacteuus
795 4978 906 5040 dictum
930 4984 962 5040 et
984 4987 1159 5060 usurpatum
1183 4978 1259 5054 ·fuit;
1288 4996 1394 5059 nempe
1416 4987 1452 5041 ut
1474 4979 1608 5060 objecta,
1637 4996 1713 5061 quae
1767 5057 1769 5061 Ι
1802 4984 1810 4994 '‘
1849 5045 1851 5049 ,

366 5075 493 5131 movent
512 5086 628 5129 seusus.
667 5064 803 5129 (lometis
822 5067 913 5148 igitur
931 5075 964 5128 et
980 5068 1142 5149 eclipsibus
1162 5066 1243 5130 Solis
1261 5087 1415 5131 commuue
1434 5069 1491 5132 hoc
1509 5068 1576 5143 erit,
1600 5076 1713 5131 terrere
1803 5081 1809 5100 ¹
1895 5159 1899 5172 Ι

368 5167 402 5221 et
425 5164 618 5231 consternare
642 5156 817 5218 facultatem
840 5155 969 5220 Telluris
990 5156 1221 5240 vegetatricem,
1249 5157 1349 5242 sicque
1372 5158 1438 5242 ejus
1461 5176 1536 5236 opus
1557 5149 1711 5254 impedire,

423 5260 512 5310 aaaron
525 5261 600 5310 opera
621 5261 647 5301 u.
1466 5259 1503 5317 tt
