4584 6192
1037 623 1119 674 sous
1137 622 1251 673 mssa.
1383 592 1385 597 ’
1754 618 1820 687 827

561 803 659 873 ltaque
679 803 732 855 duo
752 800 910 870 responderi
929 806 1062 870 possunt:
1085 808 1134 856 aut
1147 801 1219 856 enin
1239 801 1386 854 absurdum
1406 799 1511 854 nullum
1532 807 1640 854 estant
1661 801 1817 855 absurditas

472 883 590 954 abipso
604 883 755 937 Aristotele
777 883 890 935 sublata
910 889 962 934 est.
991 882 1110 945 Nullum,
1132 882 1251 952 inquam,
1274 883 1429 943 absurdum,
1452 880 1474 932 si
1496 881 1658 934 coucentrici
1678 888 1818 951 ponantur

471 981 532 1018 cum
561 962 671 1017 usitatis
702 962 840 1016 Theoricis
870 962 985 1025 libellis,
1016 963 1061 1032 qui
1089 963 1225 1016 theoriam
1254 962 1385 1031 planetae
1411 977 1497 1030 supra
1522 970 1551 1014 et
1580 961 1652 1015 infra
1676 962 1818 1015 claudunt.

470 1044 508 1097 Hi
529 1060 647 1114 namque
668 1043 832 1097 conoentrici
852 1048 996 1096 moventur
1016 1043 1156 1112 aequabili
1176 1050 1259 1097 motu.
1292 1041 1382 1111 lgitur
1402 1041 1511 1094 theoria
1530 1041 1661 1109 planetae
1682 1042 1818 1095 inferioris

471 1131 503 1178 et
523 1131 651 1178 vectatur
672 1141 690 1177 a
703 1122 843 1192 superiore
866 1123 1021 1176 includente
1035 1128 1073 1176 et
1092 1123 1155 1192 ipsa
1169 1141 1218 1176 suo
1239 1121 1363 1175 movendi
1383 1121 1516 1190 principio
1537 1122 1613 1174 addit
1633 1122 1735 1192 aliquid
1756 1121 1820 1176 huic
1876 1134 1879 1138 ’

472 1204 637 1258 sectationis
659 1203 752 1265 motui,
775 1220 828 1274 quo
842 1204 873 1257 flt
893 1202 1013 1257 velocior
1033 1202 1162 1257 vehente.
1190 1205 1288 1273 ltaque
1309 1202 1332 1253 si
1354 1202 1422 1254 nihil
1443 1209 1487 1253 est
1501 1201 1618 1264 absurdi,
1641 1202 1702 1255 vehi
1724 1220 1819 1256 eccen-

470 1285 568 1339 tricum
597 1300 616 1338 a
642 1283 828 1337 deferentibus
857 1283 885 1337 in
913 1300 969 1337 una
993 1283 1087 1354 aliqua
1111 1284 1222 1337 theoria
1249 1289 1279 1337 et
1303 1282 1410 1335 interim
1438 1282 1539 1334 moveri
1565 1297 1616 1350 per
1640 1283 1820 1337 deserentium

471 1366 621 1419 cavitatem
650 1364 762 1433 proprio
792 1371 882 1417 motus
911 1363 1059 1433 principio,
1091 1364 1160 1417 nihil
1181 1364 1264 1417 etiam
1294 1362 1417 1425 absurdi,
1449 1361 1512 1415 vehi
1543 1362 1668 1434 integras
1698 1362 1819 1416 theorias

470 1445 613 1499 inferiores
635 1461 653 1497 a
673 1443 873 1514 superioribus,
904 1444 1065 1513 interimque
1095 1453 1127 1498 ut
1154 1443 1292 1497 formicam
1319 1442 1347 1496 in
1376 1443 1541 1497 circumacta
1567 1450 1630 1496 rota
1657 1443 1685 1496 iu
1710 1445 1820 1497 easdem

469 1533 566 1596 partes
588 1524 689 1594 aliquid
710 1524 842 1594 proficere
863 1525 939 1577 ultra
959 1524 1130 1578 celeritatem
1150 1523 1322 1578 sectationis.

561 1612 692 1683 Quicquid
712 1629 777 1665 vero
799 1613 909 1667 absurdi
931 1614 1005 1677 hinc,
1028 1615 1064 1667 ob
1084 1613 1271 1668 diversitatem
1285 1614 1356 1667 forte
1370 1612 1509 1681 polorum,
1530 1618 1688 1666 exstrueret
1707 1612 1816 1682 aliquis,

470 1694 636 1748 Aristoteles
662 1693 704 1746 ita
729 1694 856 1758 sustulit,
878 1694 1039 1753 utEudoxi
1066 1700 1096 1748 et
1122 1694 1232 1763 Calippi
1257 1693 1367 1747 orbibus
1399 1688 1436 1746 27
1462 1692 1651 1761 interponeret
1675 1692 1744 1745 alios
1773 1689 1819 1755 26,

470 1791 540 1845 quos
560 1774 739 1828 restituentes
760 1774 896 1843 appellat,
919 1792 1032 1845 quorum
1051 1774 1196 1845 unicuique
1218 1773 1348 1828 tribuitur
1368 1773 1462 1833 eadem
1476 1774 1559 1843 plane
1581 1780 1669 1826 motus
1690 1773 1819 1827 celeritas

470 1862 502 1907 et
522 1855 643 1926 qualitas
667 1850 708 1920 (in
728 1854 844 1923 plagam
864 1863 957 1909 tamen
977 1852 1170 1923 contrariam),
1200 1870 1270 1924 quae
1291 1854 1365 1907 inest
1389 1852 1523 1922 superiori
1545 1853 1684 1923 Calippico
1706 1870 1736 1905 se
1757 1871 1819 1923 pro·

470 1935 544 1989 xime
566 1933 694 2005 tangenti
715 1942 745 1987 et
770 1934 892 1989 vehenti.
935 1936 979 1989 Fit
1000 1935 1041 1988 ita
1065 1935 1149 2003 hujus
1177 1935 1343 1988 revolventis
1365 1950 1431 2002 ope,
1461 1941 1492 1987 ut
1513 1950 1697 2003 quemcunque
1718 1942 1819 1987 motum

469 2015 596 2085 perficiat
623 2033 648 2069 e.
675 2029 704 2083 g.
732 2020 747 2083 ᾗ
771 2021 800 2067 et
824 2021 847 2083 lt
868 2016 993 2085 proxime
1023 2031 1140 2085 sequens
1170 2015 1376 2078 restituentem,
1406 2013 1489 2082 plane
1519 2016 1653 2068 liberetur
1682 2022 1712 2067 et
1741 2014 1819 2084 quasi

469 2102 591 2150 exuatur
612 2112 630 2148 a
651 2096 788 2149 contrario
818 2102 894 2150 motu
924 2095 1111 2158 restituentis,
1143 2095 1189 2165 qui
1216 2095 1379 2148 vectationis
1410 2095 1474 2165 lege
1500 2094 1562 2147 Jovi
1590 2094 1819 2148 communicatur:

470 2177 564 2245 itaque
585 2175 638 2229 uisi
659 2182 681 2243 lt
703 2192 740 2227 ex
761 2193 791 2228 se
812 2176 873 2245 ipso
894 2193 991 2229 novum
1012 2184 1113 2228 motum
1135 2177 1311 2243 produceret,
1333 2175 1361 2229 iu
1381 2175 1434 2227 hac
1455 2175 1641 2228 vectationum
1663 2175 1819 2229 obviatione

469 2256 555 2325 plane
575 2256 714 2310 rideretur
739 2256 887 2325 quiescere.
929 2258 1023 2310 Ilabes
1044 2256 1213 2308 Laurentiue
1242 2257 1353 2309 absurdi
1374 2255 1415 2308 tui
1442 2255 1583 2309 elisionem
1604 2273 1657 2309 non
1678 2256 1818 2319 novitium,

470 2339 520 2389 sed
541 2337 634 2406 plane,
656 2343 753 2390 contra
774 2352 855 2406 quam
876 2336 1042 2405 opinaberis,
1065 2336 1289 2406 antiquissimam.

558 2424 707 2480 Exhausta
737 2424 886 2494 pharetra,
916 2425 1035 2495 perfusis
1068 2425 1145 2488 telis,
1182 2426 1278 2495 quibus
1305 2424 1437 2478 usitatam
1466 2425 1633 2495 hypothesin
1659 2429 1819 2498 conligeret,

469 2503 567 2575 incipit
587 2506 701 2559 eandem
721 2504 888 2559 Laurentius
909 2507 1054 2558 defendere
1076 2513 1105 2558 et
1126 2507 1242 2558 vulnera
1268 2506 1402 2575 obligare.
1443 2506 1562 2575 Magnus
1587 2516 1703 2560 novator
1723 2512 1820 2563 eadem

469 2586 590 2656 undique
604 2585 669 2639 dicit
683 2602 742 2638 cum
757 2587 905 2649 veteribus,
921 2586 1033 2640 mutatis
1048 2591 1155 2639 tantum
1170 2585 1273 2639 mediis.
1309 2588 1433 2645 Fatetur,
1448 2596 1549 2639 motum
1562 2587 1667 2656 primae
1682 2589 1819 2658 sphaerae
1893 2620 1896 2629 ·

470 2665 662 2732 communicari
686 2663 873 2728 inferioribus,
903 2674 933 2719 at
953 2672 1052 2736 negat,
1080 2667 1107 2719 id
1127 2666 1185 2719 fieri
1212 2666 1367 2728 vectatione
1395 2667 1440 2718 vel
1466 2673 1562 2735 raptu,
1589 2668 1634 2738 qui
1656 2669 1762 2723 oriatur
1781 2687 1820 2724 ex

469 2751 601 2799 contactu
621 2745 813 2816 sphaerarum,
835 2748 882 2798 sed
904 2746 1144 2800 communicatione
1171 2748 1287 2817 quadam
1317 2746 1438 2814 ejusdem
1468 2746 1586 2799 consilii:
1614 2748 1816 2820 intelligentias

466 2842 584 2896 namque
605 2827 785 2895 sphaerarum
805 2826 962 2880 inferiorum
983 2829 1017 2879 ad
1031 2827 1146 2895 primam
1166 2827 1312 2896 respicere,
1335 2843 1448 2895 cumque
1463 2828 1578 2879 eundem
1591 2845 1650 2881 cum
1666 2829 1716 2883 illa
1736 2832 1814 2885 tinem

465 2907 592 2960 habeant
612 2906 790 2975 propositum,
812 2906 913 2960 imitari
934 2907 1017 2960 etiam
1038 2906 1123 2976 ipsius
1146 2914 1257 2961 motum.
1302 2910 1342 2959 At
1362 2906 1426 2976 quia
1446 2924 1499 2959 nou
1521 2908 1641 2962 sufficiat
1661 2910 1705 2963 hic
1725 2920 1815 2965 motus

467 2986 652 3050 inferioribus,
674 2988 774 3040 addere
796 2986 880 3040 alium
900 2987 1048 3057 proprium.

556 3076 673 3129 Vehitur
693 3076 787 3147 igitur,
809 3077 950 3139 Laurenti,
966 3094 1019 3129 non
1041 3076 1146 3146 quidem
1169 3092 1266 3144 corpus
1288 3093 1306 3129 a
1319 3093 1451 3145 corpore,
1464 3078 1511 3129 sed
1525 3077 1636 3131 vehitur
1657 3095 1705 3131 seu
1726 3079 1815 3150 magis

467 3155 590 3211 trahitur
611 3155 799 3226 intelligentia
820 3158 856 3210 ab
870 3156 1066 3227 intelligentia,
1090 3157 1225 3227 cogitatio
1241 3172 1258 3208 a
1272 3156 1449 3226 cogitatione,
1472 3158 1606 3226 cupiditas
1622 3175 1640 3211 a
1654 3158 1814 3228 cupiditate,
1915 3215 1920 3225 ,

466 3236 510 3289 vis
531 3235 633 3290 matrix
652 3252 671 3289 a
691 3239 717 3288 vi
738 3236 869 3291 motricet
896 3236 986 3299 Quid?
1008 3236 1083 3289 Tune
1105 3238 1180 3289 solus
1201 3236 1295 3305 sapis?
1321 3240 1366 3289 An
1386 3255 1440 3291 nou
1461 3238 1505 3290 vel
1526 3239 1597 3292 h'anc
1618 3240 1731 3292 eandem
1753 3257 1815 3293 sen·

467 3316 585 3370 tentiam
605 3315 658 3386 ipsi
685 3316 768 3371 etiam
798 3316 946 3371 astronomi
970 3333 1021 3385 per
1046 3333 1110 3370 suos
1136 3318 1217 3370 orbes
1247 3317 1416 3389 depingunt:
1448 3334 1483 3371 au
1504 3327 1535 3371 tu
1562 3319 1680 3373 fortasse
1707 3337 1816 3373 sensum

467 3408 577 3451 tuorum
597 3398 741 3451 verborum
767 3414 866 3467 capere
893 3396 1022 3468 potuisti,
1049 3414 1104 3449 nou
1129 3396 1298 3467 imaginatus
1325 3398 1401 3466 prius
1429 3398 1533 3453 orbium
1562 3400 1745 3454 vectationem
1766 3418 1816 3453 ceu

467 3477 605 3548 picturam
631 3477 777 3531 dilucidam
804 3479 844 3532 rei
868 3494 919 3547 per
946 3494 976 3531 se
1002 3479 1158 3530 obscurae?
1192 3478 1418 3531 Numeratoribus
1448 3479 1519 3532 enim
1544 3487 1574 3532 et
1603 3481 1816 3534 calculatoribus

468 3557 644 3628 geometricis
665 3557 850 3612 schematibus
871 3575 939 3628 opus
961 3565 1015 3621 est,
1044 3558 1149 3611 hustra
1169 3564 1200 3610 tu
1220 3558 1274 3611 illis
1296 3574 1404 3612 amores
1430 3560 1524 3612 summi
1546 3560 1623 3623 boni,
1650 3561 1815 3630 cupiditates

469 3637 641 3707 acquirendi,
668 3638 869 3708 intelligentias
895 3645 925 3691 et
947 3638 1102 3707 hujusmodi
1126 3637 1318 3708 philosophica
1342 3640 1539 3694 inculcaveris:
1568 3657 1640 3711 quae
1661 3641 1713 3694 nisi
1733 3644 1815 3697 rebus

469 3718 645 3788 geometricis
665 3718 868 3787 exprimantur,
891 3720 926 3771 ad
951 3735 1076 3772 numeros
1097 3734 1151 3770 non
1176 3718 1298 3771 veniunt.
1339 3719 1395 3771 Imo
1422 3736 1487 3772 vero
1516 3720 1650 3773 difficilior
1670 3729 1713 3774 est
1733 3722 1814 3785 ratio,

469 3813 527 3851 una
546 3798 697 3852 intentione
719 3799 798 3852 unius
825 3797 1029 3868 intelligentiae
1051 3793 1068 3851 2
1090 3798 1261 3851 commiscere
1282 3804 1312 3850 et
1332 3800 1463 3867 perficere
1484 3808 1587 3863 motus,
1614 3818 1695 3871 quam
1717 3820 1815 3872 corpus

470 3878 551 3931 simul
572 3885 601 3931 et
621 3878 684 3931 vehi
706 3879 741 3932 ab
758 3887 893 3933 extraneo
908 3894 937 3930 se
953 3878 1090 3932 ambiente
1111 3895 1224 3948 corpore
1238 3886 1267 3931 et
1280 3878 1382 3932 moveri
1401 3896 1430 3932 se
1445 3879 1504 3950 ipso
1525 3880 1598 3934 iutra
1618 3882 1685 3934 illud
1707 3900 1814 3953 corpus.

470 3958 561 4026 Hujus
583 3958 714 4028 exempla
734 3968 797 4013 sunt
817 3959 985 4031 quotidiana,
1007 3958 1074 4012 illud
1089 3961 1214 4021 noudum,
1236 3958 1281 4028 qui
1295 3958 1354 4011 fieri
1367 3959 1463 4028 possit,
1485 3961 1643 4030 explicasti.
1675 3962 1816 4018 Violentia

470 4056 537 4093 vero
558 4046 585 4092 te
606 4056 660 4092 uon
681 4040 764 4111 debet
788 4039 932 4109 impedire,
962 4056 1015 4108 quo
1038 4038 1125 4092 minus
1152 4039 1308 4107 exemplum
1329 4055 1348 4091 a
1366 4040 1482 4094 terrenis
1504 4044 1538 4095 ad
1566 4042 1699 4097 coelestia
1725 4052 1814 4098 trans·

471 4119 554 4183 ieras,
575 4119 669 4189 utique
691 4119 713 4171 si
727 4120 842 4174 Averroi
863 4127 910 4173 tuo
925 4119 1020 4182 credis,
1042 4118 1187 4173 materiam
1207 4119 1290 4172 coelis
1312 4119 1458 4182 adimenti;
1481 4138 1533 4192 quo
1547 4122 1621 4176 facto
1636 4124 1713 4178 nulla
1726 4132 1816 4178 restat

471 4199 555 4253 coelis
576 4200 710 4271 gravitas,
732 4202 809 4255 nulla
829 4200 914 4270 igitur
934 4195 1073 4262 violentia,
1096 4200 1161 4269 quia
1180 4200 1259 4254 nulla
1279 4216 1297 4253 a
1315 4200 1457 4271 gravitate
1477 4204 1671 4280 repugnantia.

560 4298 645 4351 Porro
674 4299 810 4352 transiens
841 4299 875 4352 ud
908 4297 1085 4366 aperiendum
1115 4298 1284 4368 particulare
1314 4299 1489 4369 mysterium,
1520 4304 1651 4371 quomodo
1680 4304 1752 4358 orbis
1780 4305 1815 4358 ab

470 4377 660 4452 intelligentia
677 4387 828 4443 moveatur,
850 4379 951 4431 evertit
965 4379 1035 4448 quod
1050 4378 1076 4430 in
1095 4378 1251 4432 universum
1271 4380 1388 4434 dixerat.
1416 4380 1445 4434 Si
1458 4381 1562 4435 nullam
1580 4385 1703 4438 concedit
1722 4392 1815 4438 vecta·
1835 4401 1838 4410 ’

469 4460 574 4514 tionem
588 4460 675 4513 bonus
690 4466 719 4512 et
733 4460 851 4530 simplex
863 4458 1058 4521 Laurentinus,
1080 4465 1108 4511 et
1123 4458 1146 4510 si
1160 4459 1251 4512 omnia
1264 4460 1333 4514 iacit
1353 4459 1546 4531 intelligentia,
1569 4464 1633 4534 quid
1648 4482 1716 4534 opus
1731 4466 1756 4518 ei
1771 4474 1815 4519 est
1849 4462 1854 4468 ’

472 4542 562 4595 orbe?
584 4540 683 4593 Orbem
698 4540 734 4593 ab
749 4540 814 4594 orbe
828 4538 891 4593 vehi
905 4546 999 4611 negat,
1015 4540 1085 4609 quod
1100 4540 1248 4593 absurdum
1261 4540 1307 4604 sit,
1323 4546 1352 4593 et
1365 4541 1511 4595 absurdum
1524 4560 1578 4596 non
1591 4551 1681 4614 putat,
1706 4546 1815 4600 stellam

470 4626 533 4676 tam
554 4635 668 4689 parvam
689 4621 725 4673 ab
746 4622 811 4674 orbe
837 4619 899 4673 vehi
920 4626 977 4672 tam
998 4626 1085 4675 vasto.
1127 4619 1179 4681 Qui
1205 4620 1285 4674 orbes
1312 4621 1466 4685 finxerunt,
1495 4623 1555 4676 ideo
1576 4626 1728 4690 finxerunt,
1751 4627 1816 4697 quia

470 4702 645 4764 metuebant,
666 4719 700 4754 ne
721 4700 910 4772 intelligentia
930 4716 983 4752 non
1002 4706 1099 4768 posset
1119 4709 1214 4753 tenere
1235 4700 1372 4754 tramitem
1387 4703 1487 4756 stellae
1508 4712 1558 4756 aut
1577 4713 1691 4776 gestare
1717 4723 1814 4775 corpus

471 4783 549 4852 ejus,
579 4782 632 4835 nisi
653 4781 718 4834 orbe
747 4788 872 4836 uteretur
891 4780 920 4833 iu
941 4779 1011 4848 polis
1040 4778 1139 4841 effixo;
1171 4788 1201 4833 tu
1225 4781 1270 4850 qui
1303 4780 1405 4846 eredis,
1441 4783 1642 4854 intelligentias
1672 4786 1814 4841 inferiores

470 4861 642 4932 superiorem
661 4878 744 4932 posse
765 4861 864 4916 imitari
885 4859 955 4914 citra
974 4858 1157 4913 vectationem
1178 4861 1290 4924 orbium,
1313 4860 1376 4931 quid
1396 4862 1485 4916 adhuc
1505 4880 1603 4918 oneras
1624 4866 1687 4920 illas
1709 4868 1814 4921 orbium

470 4943 560 5006 mole,
587 4960 647 4996 cum
668 4941 750 4996 unica
774 4943 859 4997 stella
883 4941 935 5004 sit,
962 4938 1039 5007 cnjus
1065 4940 1133 4994 latio
1154 4940 1182 4993 in
1207 4942 1306 4995 ellectu
1331 4948 1494 5009 spectatur?
1523 4944 1669 5000 Sententia
1689 4954 1750 5001 tota
1770 4954 1815 5002 est
1909 4966 1912 4975 ·

470 5022 604 5086 ridicula;
626 5022 755 5094 designat
775 5030 878 5077 certum
899 5020 1103 5089 intelligentiae
1123 5026 1254 5089 punctum
1274 5021 1302 5075 in
1323 5023 1403 5087 orbe,
1425 5024 1462 5077 ab
1483 5042 1516 5077 eo
1536 5042 1638 5081 nexum
1658 5027 1699 5082 ait
1719 5029 1814 5082 orbem

471 5110 608 5167 ceterum,
630 5108 662 5157 ut
681 5104 802 5158 membra
821 5100 936 5157 hominis
957 5105 1021 5153 sunt
1043 5117 1118 5155 nexa
1137 5115 1158 5153 a
1177 5103 1273 5166 corde,
1300 5101 1362 5155 inde
1388 5104 1549 5174 principium
1569 5123 1630 5161 essa
1651 5117 1753 5172 motus,
1781 5113 1814 5162 ut

469 5186 502 5240 iu
524 5190 587 5239 rota
599 5182 782 5239 Archimedes
794 5185 831 5238 ab
845 5201 899 5239 uno
913 5179 1005 5252 aliquo
1026 5180 1160 5237 claviculo
1181 5181 1352 5254 extrinsecus
1369 5183 1485 5255 impube
1500 5192 1561 5241 tota
1574 5195 1639 5244 rota
1658 5188 1812 5260 impeditur,
