<?xml version="1.0" encoding="UTF-8"?>
<!DOCTYPE html PUBLIC "-//W3C//DTD XHTML 1.0 Transitional//EN"
    "http://www.w3.org/TR/xhtml1/DTD/xhtml1-transitional.dtd">
<html xmlns="http://www.w3.org/1999/xhtml" xml:lang="en" lang="en">
 <head>
  <title>
</title>
<meta http-equiv="Content-Type" content="text/html;charset=utf-8" />
  <meta name='ocr-system' content='tesseract 3.04.00' />
  <meta name='ocr-capabilities' content='ocr_page ocr_carea ocr_par ocr_line ocrx_word'/>
</head>
<body>
  <div class='ocr_page' id='page_1' title='image "./joanniskepleria02frisgoog_0486.png"; bbox 0 0 4584 6192; ppageno 0'>
   <div class='ocr_carea' id='block_1_1' title="bbox 889 570 1745 645">
    <p class='ocr_par' dir='ltr' id='par_1_1' title="bbox 889 570 1745 645">
     <span class='ocr_line' id='line_1_1' title="bbox 889 570 1745 645; baseline 0.007 -24"><span class='ocrx_word' id='word_1_1' title='bbox 889 570 1243 645; x_wconf 57' lang='lat' dir='ltr'>milassensium.</span> <span class='ocrx_word' id='word_1_2' title='bbox 1678 570 1745 644; x_wconf 76' lang='lat' dir='ltr'>tin</span> 
     </span>
    </p>
   </div>
   <div class='ocr_carea' id='block_1_2' title="bbox 380 741 1820 3577">
    <p class='ocr_par' dir='ltr' id='par_1_2' title="bbox 386 741 1746 894">
     <span class='ocr_line' id='line_1_2' title="bbox 386 741 1746 830; baseline 0.007 -28"><span class='ocrx_word' id='word_1_3' title='bbox 386 743 494 822; x_wconf 86' lang='lat' dir='ltr'>possit.</span> <span class='ocrx_word' id='word_1_4' title='bbox 541 741 609 813; x_wconf 91' lang='lat' dir='ltr'>Quo</span> <span class='ocrx_word' id='word_1_5' title='bbox 634 744 826 807; x_wconf 88' lang='lat' dir='ltr'>fundamento</span> <span class='ocrx_word' id='word_1_6' title='bbox 850 746 993 823; x_wconf 85' lang='lat' dir='ltr'>subruto,</span> <span class='ocrx_word' id='word_1_7' title='bbox 1018 750 1118 812; x_wconf 89' lang='lat' dir='ltr'>emnia</span> <span class='ocrx_word' id='word_1_8' title='bbox 1141 770 1218 830; x_wconf 88' lang='lat' dir='ltr'>qnae</span> <span class='ocrx_word' id='word_1_9' title='bbox 1242 758 1451 829; x_wconf 85' lang='lat' dir='ltr'>superstructa</span> <span class='ocrx_word' id='word_1_10' title='bbox 1477 759 1562 825; x_wconf 89' lang='lat' dir='ltr'>sunt,</span> <span class='ocrx_word' id='word_1_11' title='bbox 1587 748 1746 829; x_wconf 86' lang='lat' dir='ltr'>transponi</span> 
     </span>
     <span class='ocr_line' id='line_1_3' title="bbox 387 841 593 894; baseline 0.005 -2"><span class='ocrx_word' id='word_1_12' title='bbox 387 851 511 893; x_wconf 88' lang='lat' dir='ltr'>necesse</span> <span class='ocrx_word' id='word_1_13' title='bbox 536 841 593 894; x_wconf 90' lang='lat' dir='ltr'>est.</span> 
     </span>
    </p>

    <p class='ocr_par' dir='ltr' id='par_1_3' title="bbox 382 921 1744 1623">
     <span class='ocr_line' id='line_1_4' title="bbox 475 921 1737 1006; baseline 0.002 -23"><span class='ocrx_word' id='word_1_14' title='bbox 475 921 541 983; x_wconf 85' lang='lat' dir='ltr'>Nec</span> <span class='ocrx_word' id='word_1_15' title='bbox 565 921 661 983; x_wconf 87' lang='lat' dir='ltr'>minus</span> <span class='ocrx_word' id='word_1_16' title='bbox 686 923 931 986; x_wconf 89' lang='lat' dir='ltr'>commendabilis</span> <span class='ocrx_word' id='word_1_17' title='bbox 955 931 1004 984; x_wconf 91' lang='lat' dir='ltr'>est</span> <span class='ocrx_word' id='word_1_18' title='bbox 1027 932 1080 987; x_wconf 89' lang='lat' dir='ltr'>tua</span> <span class='ocrx_word' id='word_1_19' title='bbox 1102 927 1331 1004; x_wconf 88' lang='lat' dir='ltr'>perseverantia</span> <span class='ocrx_word' id='word_1_20' title='bbox 1355 927 1384 988; x_wconf 92' lang='lat' dir='ltr'>in</span> <span class='ocrx_word' id='word_1_21' title='bbox 1408 926 1588 1006; x_wconf 80' lang='lat' dir='ltr'>indagandis</span> <span class='ocrx_word' id='word_1_22' title='bbox 1611 925 1737 987; x_wconf 59' lang='lat' dir='ltr'>circulas</span> 
     </span>
     <span class='ocr_line' id='line_1_5' title="bbox 387 1008 1742 1095; baseline 0.004 -25"><span class='ocrx_word' id='word_1_23' title='bbox 387 1019 482 1071; x_wconf 91' lang='lat' dir='ltr'>torum</span> <span class='ocrx_word' id='word_1_24' title='bbox 506 1008 593 1073; x_wconf 87' lang='lat' dir='ltr'>Jovis</span> <span class='ocrx_word' id='word_1_25' title='bbox 625 1010 766 1088; x_wconf 84' lang='lat' dir='ltr'>periodis.</span> <span class='ocrx_word' id='word_1_26' title='bbox 796 1012 860 1073; x_wconf 88' lang='lat' dir='ltr'>&#39;De</span> <span class='ocrx_word' id='word_1_27' title='bbox 888 1032 1100 1091; x_wconf 89' lang='lat' dir='ltr'>pene-summo</span> <span class='ocrx_word' id='word_1_28' title='bbox 1124 1014 1386 1088; x_wconf 80' lang='lat' dir='ltr'>existimaveram,</span> <span class='ocrx_word' id='word_1_29' title='bbox 1416 1035 1462 1076; x_wconf 90' lang='lat' dir='ltr'>me</span> <span class='ocrx_word' id='word_1_30' title='bbox 1486 1016 1575 1095; x_wconf 90' lang='lat' dir='ltr'>paulo</span> <span class='ocrx_word' id='word_1_31' title='bbox 1600 1012 1742 1076; x_wconf 77' lang='lat' dir='ltr'>minusii</span> 
     </span>
     <span class='ocr_line' id='line_1_6' title="bbox 386 1099 1743 1178; baseline 0.004 -20"><span class='ocrx_word' id='word_1_32' title='bbox 386 1099 449 1159; x_wconf 90' lang='lat' dir='ltr'>dies</span> <span class='ocrx_word' id='word_1_33' title='bbox 469 1099 619 1160; x_wconf 82' lang='lat' dir='ltr'>iuvenisse</span> <span class='ocrx_word' id='word_1_34' title='bbox 642 1099 671 1160; x_wconf 92' lang='lat' dir='ltr'>in</span> <span class='ocrx_word' id='word_1_35' title='bbox 697 1100 760 1178; x_wconf 89' lang='lat' dir='ltr'>ejus</span> <span class='ocrx_word' id='word_1_36' title='bbox 784 1101 926 1178; x_wconf 79' lang='lat' dir='ltr'>periodo:</span> <span class='ocrx_word' id='word_1_37' title='bbox 952 1111 985 1163; x_wconf 88' lang='lat' dir='ltr'>at</span> <span class='ocrx_word' id='word_1_38' title='bbox 1008 1104 1137 1164; x_wconf 88' lang='lat' dir='ltr'>rariores</span> <span class='ocrx_word' id='word_1_39' title='bbox 1162 1104 1390 1165; x_wconf 84' lang='lat' dir='ltr'>observationes</span> <span class='ocrx_word' id='word_1_40' title='bbox 1414 1104 1504 1165; x_wconf 85' lang='lat' dir='ltr'>habui</span> <span class='ocrx_word' id='word_1_41' title='bbox 1528 1105 1566 1163; x_wconf 94' lang='lat' dir='ltr'>ob</span> <span class='ocrx_word' id='word_1_42' title='bbox 1591 1104 1743 1164; x_wconf 88' lang='lat' dir='ltr'>oculorum</span> 
     </span>
     <span class='ocr_line' id='line_1_7' title="bbox 386 1188 1744 1271; baseline 0.004 -25"><span class='ocrx_word' id='word_1_43' title='bbox 386 1197 417 1248; x_wconf 90' lang='lat' dir='ltr'>et</span> <span class='ocrx_word' id='word_1_44' title='bbox 447 1188 640 1249; x_wconf 80' lang='lat' dir='ltr'>instrumenti</span> <span class='ocrx_word' id='word_1_45' title='bbox 673 1190 833 1251; x_wconf 87' lang='lat' dir='ltr'>defectum.</span> <span class='ocrx_word' id='word_1_46' title='bbox 881 1190 1003 1253; x_wconf 82' lang='lat' dir='ltr'>Interim</span> <span class='ocrx_word' id='word_1_47' title='bbox 1037 1199 1089 1260; x_wconf 85' lang='lat' dir='ltr'>tu,</span> <span class='ocrx_word' id='word_1_48' title='bbox 1128 1191 1197 1252; x_wconf 95' lang='lat' dir='ltr'>dum</span> <span class='ocrx_word' id='word_1_49' title='bbox 1230 1194 1270 1253; x_wconf 96' lang='lat' dir='ltr'>ad</span> <span class='ocrx_word' id='word_1_50' title='bbox 1304 1191 1407 1254; x_wconf 87' lang='lat' dir='ltr'>Solem</span> <span class='ocrx_word' id='word_1_51' title='bbox 1438 1192 1594 1271; x_wconf 78' lang='lat' dir='ltr'>regulares</span> <span class='ocrx_word' id='word_1_52' title='bbox 1627 1192 1744 1253; x_wconf 85' lang='lat' dir='ltr'>invenis</span> 
     </span>
     <span class='ocr_line' id='line_1_8' title="bbox 386 1276 1744 1359; baseline 0.004 -23"><span class='ocrx_word' id='word_1_53' title='bbox 386 1276 503 1338; x_wconf 91' lang='lat' dir='ltr'>illorum</span> <span class='ocrx_word' id='word_1_54' title='bbox 518 1285 628 1348; x_wconf 88' lang='lat' dir='ltr'>motus,</span> <span class='ocrx_word' id='word_1_55' title='bbox 654 1297 709 1337; x_wconf 92' lang='lat' dir='ltr'>non</span> <span class='ocrx_word' id='word_1_56' title='bbox 726 1277 764 1338; x_wconf 92' lang='lat' dir='ltr'>ad</span> <span class='ocrx_word' id='word_1_57' title='bbox 781 1277 913 1351; x_wconf 86' lang='lat' dir='ltr'>Terram,</span> <span class='ocrx_word' id='word_1_58' title='bbox 939 1299 996 1359; x_wconf 91' lang='lat' dir='ltr'>quo</span> <span class='ocrx_word' id='word_1_59' title='bbox 1012 1291 1100 1358; x_wconf 87' lang='lat' dir='ltr'>pacto</span> <span class='ocrx_word' id='word_1_60' title='bbox 1116 1281 1205 1342; x_wconf 92' lang='lat' dir='ltr'>orbes</span> <span class='ocrx_word' id='word_1_61' title='bbox 1230 1280 1362 1359; x_wconf 87' lang='lat' dir='ltr'>ipsorum</span> <span class='ocrx_word' id='word_1_62' title='bbox 1381 1282 1445 1359; x_wconf 87' lang='lat' dir='ltr'>jam</span> <span class='ocrx_word' id='word_1_63' title='bbox 1472 1280 1544 1341; x_wconf 87' lang='lat' dir='ltr'>lenti</span> <span class='ocrx_word' id='word_1_64' title='bbox 1568 1281 1744 1342; x_wconf 76' lang='lat' dir='ltr'>incederent</span> 
     </span>
     <span class='ocr_line' id='line_1_9' title="bbox 382 1366 1743 1449; baseline 0.004 -24"><span class='ocrx_word' id='word_1_65' title='bbox 382 1366 448 1443; x_wconf 85' lang='lat' dir='ltr'>jam</span> <span class='ocrx_word' id='word_1_66' title='bbox 473 1366 593 1426; x_wconf 89' lang='lat' dir='ltr'>veloces</span> <span class='ocrx_word' id='word_1_67' title='bbox 618 1375 719 1427; x_wconf 86' lang='lat' dir='ltr'>stante</span> <span class='ocrx_word' id='word_1_68' title='bbox 744 1367 859 1427; x_wconf 86' lang='lat' dir='ltr'>Terra?</span> <span class='ocrx_word' id='word_1_69' title='bbox 906 1366 985 1437; x_wconf 83' lang='lat' dir='ltr'>Quid</span> <span class='ocrx_word' id='word_1_70' title='bbox 1017 1368 1098 1429; x_wconf 90' lang='lat' dir='ltr'>aliud</span> <span class='ocrx_word' id='word_1_71' title='bbox 1128 1388 1222 1448; x_wconf 88' lang='lat' dir='ltr'>quam</span> <span class='ocrx_word' id='word_1_72' title='bbox 1254 1389 1361 1431; x_wconf 92' lang='lat' dir='ltr'>novum</span> <span class='ocrx_word' id='word_1_73' title='bbox 1386 1377 1595 1449; x_wconf 82' lang='lat' dir='ltr'>argumentum</span> <span class='ocrx_word' id='word_1_74' title='bbox 1617 1369 1743 1431; x_wconf 80' lang='lat' dir='ltr'>exhibes</span> 
     </span>
     <span class='ocr_line' id='line_1_10' title="bbox 386 1454 1743 1536; baseline 0.004 -23"><span class='ocrx_word' id='word_1_75' title='bbox 386 1454 542 1533; x_wconf 86' lang='lat' dir='ltr'>physicum</span> <span class='ocrx_word' id='word_1_76' title='bbox 565 1473 619 1533; x_wconf 91' lang='lat' dir='ltr'>pro</span> <span class='ocrx_word' id='word_1_77' title='bbox 643 1464 725 1517; x_wconf 87' lang='lat' dir='ltr'>motu</span> <span class='ocrx_word' id='word_1_78' title='bbox 749 1455 858 1516; x_wconf 85' lang='lat' dir='ltr'>Terrae</span> <span class='ocrx_word' id='word_1_79' title='bbox 888 1467 919 1517; x_wconf 93' lang='lat' dir='ltr'>et</span> <span class='ocrx_word' id='word_1_80' title='bbox 952 1457 1051 1536; x_wconf 91' lang='lat' dir='ltr'>quiete</span> <span class='ocrx_word' id='word_1_81' title='bbox 1076 1456 1181 1520; x_wconf 88' lang='lat' dir='ltr'>Solis?</span> <span class='ocrx_word' id='word_1_82' title='bbox 1228 1459 1311 1519; x_wconf 87' lang='lat' dir='ltr'>Tune</span> <span class='ocrx_word' id='word_1_83' title='bbox 1344 1460 1421 1519; x_wconf 90' lang='lat' dir='ltr'>enirn</span> <span class='ocrx_word' id='word_1_84' title='bbox 1455 1458 1599 1518; x_wconf 85' lang='lat' dir='ltr'>velocitas</span> <span class='ocrx_word' id='word_1_85' title='bbox 1627 1457 1743 1519; x_wconf 92' lang='lat' dir='ltr'>orbium</span> 
     </span>
     <span class='ocr_line' id='line_1_11' title="bbox 388 1543 889 1623; baseline 0.008 -22"><span class='ocrx_word' id='word_1_86' title='bbox 388 1543 493 1603; x_wconf 87' lang='lat' dir='ltr'>eadem</span> <span class='ocrx_word' id='word_1_87' title='bbox 518 1552 662 1623; x_wconf 87' lang='lat' dir='ltr'>perpetuo</span> <span class='ocrx_word' id='word_1_88' title='bbox 687 1564 754 1604; x_wconf 83' lang='lat' dir='ltr'>esse</span> <span class='ocrx_word' id='word_1_89' title='bbox 778 1553 889 1622; x_wconf 87' lang='lat' dir='ltr'>potest.</span> 
     </span>
    </p>

    <p class='ocr_par' dir='ltr' id='par_1_4' title="bbox 380 1630 1746 3222">
     <span class='ocr_line' id='line_1_12' title="bbox 474 1630 1741 1713; baseline 0.003 -21"><span class='ocrx_word' id='word_1_90' title='bbox 474 1632 647 1693; x_wconf 79' lang='lat' dir='ltr'>Maeuiae</span> <span class='ocrx_word' id='word_1_91' title='bbox 673 1630 770 1693; x_wconf 87' lang='lat' dir='ltr'>Solis</span> <span class='ocrx_word' id='word_1_92' title='bbox 794 1633 863 1692; x_wconf 88' lang='lat' dir='ltr'>inde</span> <span class='ocrx_word' id='word_1_93' title='bbox 888 1634 926 1693; x_wconf 93' lang='lat' dir='ltr'>ab</span> <span class='ocrx_word' id='word_1_94' title='bbox 951 1652 1029 1693; x_wconf 91' lang='lat' dir='ltr'>auno</span> <span class='ocrx_word' id='word_1_95' title='bbox 1048 1633 1208 1695; x_wconf 81' lang='lat' dir='ltr'>observavi</span> <span class='ocrx_word' id='word_1_96' title='bbox 1222 1634 1434 1713; x_wconf 89' lang='lat' dir='ltr'>pulcherrime,</span> <span class='ocrx_word' id='word_1_97' title='bbox 1459 1632 1516 1694; x_wconf 88' lang='lat' dir='ltr'>nisi</span> <span class='ocrx_word' id='word_1_98' title='bbox 1531 1633 1620 1695; x_wconf 89' lang='lat' dir='ltr'>fallor</span> <span class='ocrx_word' id='word_1_99' title='bbox 1635 1634 1741 1696; x_wconf 92' lang='lat' dir='ltr'>eodem</span> 
     </span>
     <span class='ocr_line' id='line_1_13' title="bbox 390 1721 1739 1800; baseline 0.002 -20"><span class='ocrx_word' id='word_1_100' title='bbox 390 1738 446 1799; x_wconf 90' lang='lat' dir='ltr'>quo</span> <span class='ocrx_word' id='word_1_101' title='bbox 470 1730 503 1780; x_wconf 91' lang='lat' dir='ltr'>tn</span> <span class='ocrx_word' id='word_1_102' title='bbox 527 1722 624 1782; x_wconf 90' lang='lat' dir='ltr'>modo.</span> <span class='ocrx_word' id='word_1_103' title='bbox 671 1721 737 1782; x_wconf 82' lang='lat' dir='ltr'>n&#39;ec</span> <span class='ocrx_word' id='word_1_104' title='bbox 761 1721 837 1781; x_wconf 83' lang='lat' dir='ltr'>setis</span> <span class='ocrx_word' id='word_1_105' title='bbox 861 1722 961 1782; x_wconf 86' lang='lat' dir='ltr'>mirari</span> <span class='ocrx_word' id='word_1_106' title='bbox 990 1740 1126 1799; x_wconf 88' lang='lat' dir='ltr'>possum,</span> <span class='ocrx_word' id='word_1_107' title='bbox 1152 1742 1220 1783; x_wconf 89' lang='lat' dir='ltr'>esse</span> <span class='ocrx_word' id='word_1_108' title='bbox 1244 1723 1392 1794; x_wconf 85' lang='lat' dir='ltr'>homines,</span> <span class='ocrx_word' id='word_1_109' title='bbox 1415 1723 1464 1800; x_wconf 90' lang='lat' dir='ltr'>qui</span> <span class='ocrx_word' id='word_1_110' title='bbox 1488 1723 1590 1784; x_wconf 84' lang='lat' dir='ltr'>oeulos</span> <span class='ocrx_word' id='word_1_111' title='bbox 1615 1741 1668 1799; x_wconf 89' lang='lat' dir='ltr'>per</span> <span class='ocrx_word' id='word_1_112' title='bbox 1692 1722 1739 1783; x_wconf 90' lang='lat' dir='ltr'>in-</span> 
     </span>
     <span class='ocr_line' id='line_1_14' title="bbox 387 1809 1741 1888; baseline 0.003 -20"><span class='ocrx_word' id='word_1_113' title='bbox 387 1818 587 1871; x_wconf 89' lang='lat' dir='ltr'>strumentum</span> <span class='ocrx_word' id='word_1_114' title='bbox 611 1810 641 1870; x_wconf 91' lang='lat' dir='ltr'>in</span> <span class='ocrx_word' id='word_1_115' title='bbox 665 1810 767 1870; x_wconf 86' lang='lat' dir='ltr'>Solem</span> <span class='ocrx_word' id='word_1_116' title='bbox 792 1809 888 1888; x_wconf 89' lang='lat' dir='ltr'>ipsum</span> <span class='ocrx_word' id='word_1_117' title='bbox 913 1810 1043 1887; x_wconf 88' lang='lat' dir='ltr'>dirigant</span> <span class='ocrx_word' id='word_1_118' title='bbox 1067 1813 1242 1873; x_wconf 90' lang='lat' dir='ltr'>continuata</span> <span class='ocrx_word' id='word_1_119' title='bbox 1265 1812 1490 1873; x_wconf 88' lang='lat' dir='ltr'>consuetudine.</span> <span class='ocrx_word' id='word_1_120' title='bbox 1523 1842 1564 1853; x_wconf 93' lang='lat'><em>-</em></span> <span class='ocrx_word' id='word_1_121' title='bbox 1593 1811 1741 1873; x_wconf 78' lang='lat' dir='ltr'>Existimo</span> 
     </span>
     <span class='ocr_line' id='line_1_15' title="bbox 385 1898 1741 1979; baseline 0.002 -21"><span class='ocrx_word' id='word_1_122' title='bbox 385 1917 452 1958; x_wconf 87' lang='lat' dir='ltr'>esse</span> <span class='ocrx_word' id='word_1_123' title='bbox 476 1900 623 1977; x_wconf 83' lang='lat' dir='ltr'>analogon</span> <span class='ocrx_word' id='word_1_124' title='bbox 648 1898 801 1977; x_wconf 84' lang='lat' dir='ltr'>quippiam</span> <span class='ocrx_word' id='word_1_125' title='bbox 824 1899 943 1960; x_wconf 92' lang='lat' dir='ltr'>nubium</span> <span class='ocrx_word' id='word_1_126' title='bbox 968 1899 1178 1973; x_wconf 88' lang='lat' dir='ltr'>Terrestrium,</span> <span class='ocrx_word' id='word_1_127' title='bbox 1204 1902 1281 1979; x_wconf 93' lang='lat' dir='ltr'>quod</span> <span class='ocrx_word' id='word_1_128' title='bbox 1298 1900 1379 1963; x_wconf 87' lang='lat' dir='ltr'>Solis</span> <span class='ocrx_word' id='word_1_129' title='bbox 1398 1899 1504 1978; x_wconf 85' lang='lat' dir='ltr'>globus</span> <span class='ocrx_word' id='word_1_130' title='bbox 1525 1908 1630 1978; x_wconf 82' lang='lat' dir='ltr'>suopte</span> <span class='ocrx_word' id='word_1_131' title='bbox 1654 1908 1741 1961; x_wconf 86' lang='lat' dir='ltr'>aestu</span> 
     </span>
     <span class='ocr_line' id='line_1_16' title="bbox 386 1987 1739 2069; baseline 0.001 -22"><span class='ocrx_word' id='word_1_132' title='bbox 386 1995 489 2048; x_wconf 88' lang='lat' dir='ltr'>coetus</span> <span class='ocrx_word' id='word_1_133' title='bbox 523 1997 682 2060; x_wconf 82' lang='lat' dir='ltr'>excernat,</span> <span class='ocrx_word' id='word_1_134' title='bbox 722 1988 879 2049; x_wconf 86' lang='lat' dir='ltr'>materiam</span> <span class='ocrx_word' id='word_1_135' title='bbox 913 1988 988 2049; x_wconf 81' lang='lat' dir='ltr'>torte</span> <span class='ocrx_word' id='word_1_136' title='bbox 1022 1999 1224 2063; x_wconf 88' lang='lat' dir='ltr'>cometarum,</span> <span class='ocrx_word' id='word_1_137' title='bbox 1260 1990 1309 2069; x_wconf 93' lang='lat' dir='ltr'>qui</span> <span class='ocrx_word' id='word_1_138' title='bbox 1343 1990 1420 2049; x_wconf 81' lang='lat' dir='ltr'>forte</span> <span class='ocrx_word' id='word_1_139' title='bbox 1445 2009 1463 2049; x_wconf 90' lang='lat' dir='ltr'>a</span> <span class='ocrx_word' id='word_1_140' title='bbox 1487 1987 1559 2049; x_wconf 88' lang='lat' dir='ltr'>Sole</span> <span class='ocrx_word' id='word_1_141' title='bbox 1582 1988 1739 2067; x_wconf 80' lang='lat' dir='ltr'>prodeunt</span> 
     </span>
     <span class='ocr_line' id='line_1_17' title="bbox 387 2072 1741 2156; baseline 0 -19"><span class='ocrx_word' id='word_1_142' title='bbox 387 2075 460 2137; x_wconf 91' lang='lat' dir='ltr'>Cum</span> <span class='ocrx_word' id='word_1_143' title='bbox 486 2085 588 2137; x_wconf 91' lang='lat' dir='ltr'>autem</span> <span class='ocrx_word' id='word_1_144' title='bbox 612 2072 664 2138; x_wconf 85' lang='lat'>30.</span> <span class='ocrx_word' id='word_1_145' title='bbox 684 2077 758 2154; x_wconf 88' lang='lat' dir='ltr'>Maji</span> <span class='ocrx_word' id='word_1_146' title='bbox 776 2076 856 2137; x_wconf 88' lang='lat' dir='ltr'>Solis</span> <span class='ocrx_word' id='word_1_147' title='bbox 881 2077 1005 2156; x_wconf 86' lang='lat' dir='ltr'>eclipsin</span> <span class='ocrx_word' id='word_1_148' title='bbox 1031 2078 1059 2137; x_wconf 92' lang='lat' dir='ltr'>in</span> <span class='ocrx_word' id='word_1_149' title='bbox 1085 2077 1162 2137; x_wconf 90' lang='lat' dir='ltr'>hunc</span> <span class='ocrx_word' id='word_1_150' title='bbox 1185 2079 1304 2139; x_wconf 90' lang='lat' dir='ltr'>modum</span> <span class='ocrx_word' id='word_1_151' title='bbox 1327 2078 1546 2148; x_wconf 87' lang='lat' dir='ltr'>observassem,</span> <span class='ocrx_word' id='word_1_152' title='bbox 1571 2077 1646 2138; x_wconf 77' lang='lat' dir='ltr'>irtira</span> <span class='ocrx_word' id='word_1_153' title='bbox 1669 2076 1741 2138; x_wconf 90' lang='lat' dir='ltr'>mihi</span> 
     </span>
     <span class='ocr_line' id='line_1_18' title="bbox 385 2164 1740 2244; baseline 0.001 -19"><span class='ocrx_word' id='word_1_154' title='bbox 385 2185 433 2225; x_wconf 89' lang='lat' dir='ltr'>res</span> <span class='ocrx_word' id='word_1_155' title='bbox 458 2164 578 2237; x_wconf 87' lang='lat' dir='ltr'>accidit,</span> <span class='ocrx_word' id='word_1_156' title='bbox 605 2184 680 2244; x_wconf 91' lang='lat' dir='ltr'>quae</span> <span class='ocrx_word' id='word_1_157' title='bbox 706 2172 805 2226; x_wconf 87' lang='lat' dir='ltr'>tamen</span> <span class='ocrx_word' id='word_1_158' title='bbox 830 2184 887 2225; x_wconf 92' lang='lat' dir='ltr'>non</span> <span class='ocrx_word' id='word_1_159' title='bbox 912 2175 996 2226; x_wconf 89' lang='lat' dir='ltr'>caret</span> <span class='ocrx_word' id='word_1_160' title='bbox 1020 2185 1076 2227; x_wconf 91' lang='lat' dir='ltr'>sua</span> <span class='ocrx_word' id='word_1_161' title='bbox 1099 2166 1363 2228; x_wconf 88' lang='lat' dir='ltr'>demonstratione.</span> <span class='ocrx_word' id='word_1_162' title='bbox 1404 2166 1475 2228; x_wconf 91' lang='lat' dir='ltr'>Vidi</span> <span class='ocrx_word' id='word_1_163' title='bbox 1490 2165 1564 2226; x_wconf 89' lang='lat' dir='ltr'>duos</span> <span class='ocrx_word' id='word_1_164' title='bbox 1584 2166 1740 2228; x_wconf 88' lang='lat' dir='ltr'>colliculos</span> 
     </span>
     <span class='ocr_line' id='line_1_19' title="bbox 386 2252 1741 2333; baseline 0.001 -20"><span class='ocrx_word' id='word_1_165' title='bbox 386 2254 416 2315; x_wconf 92' lang='lat' dir='ltr'>in</span> <span class='ocrx_word' id='word_1_166' title='bbox 440 2255 575 2315; x_wconf 91' lang='lat' dir='ltr'>interiori</span> <span class='ocrx_word' id='word_1_167' title='bbox 609 2254 720 2332; x_wconf 86' lang='lat' dir='ltr'>speciei</span> <span class='ocrx_word' id='word_1_168' title='bbox 745 2252 863 2315; x_wconf 89' lang='lat' dir='ltr'>Solaris</span> <span class='ocrx_word' id='word_1_169' title='bbox 896 2254 1026 2329; x_wconf 85' lang='lat' dir='ltr'>circulo,</span> <span class='ocrx_word' id='word_1_170' title='bbox 1065 2274 1151 2333; x_wconf 90' lang='lat' dir='ltr'>quem</span> <span class='ocrx_word' id='word_1_171' title='bbox 1185 2256 1336 2316; x_wconf 87' lang='lat' dir='ltr'>formabat</span> <span class='ocrx_word' id='word_1_172' title='bbox 1359 2254 1447 2316; x_wconf 87' lang='lat' dir='ltr'>Luna</span> <span class='ocrx_word' id='word_1_173' title='bbox 1477 2272 1613 2333; x_wconf 87' lang='lat' dir='ltr'>corpere.</span> <span class='ocrx_word' id='word_1_174' title='bbox 1662 2253 1741 2327; x_wconf 87' lang='lat' dir='ltr'>Sunt</span> 
     </span>
     <span class='ocr_line' id='line_1_20' title="bbox 385 2340 1736 2423; baseline 0.001 -21"><span class='ocrx_word' id='word_1_175' title='bbox 385 2344 476 2422; x_wconf 90' lang='lat' dir='ltr'>igitur</span> <span class='ocrx_word' id='word_1_176' title='bbox 501 2344 593 2403; x_wconf 88' lang='lat' dir='ltr'>etiam</span> <span class='ocrx_word' id='word_1_177' title='bbox 616 2341 645 2402; x_wconf 92' lang='lat' dir='ltr'>in</span> <span class='ocrx_word' id='word_1_178' title='bbox 670 2342 911 2404; x_wconf 82' lang='lat' dir='ltr'>circumferentia</span> <span class='ocrx_word' id='word_1_179' title='bbox 934 2343 1037 2404; x_wconf 86' lang='lat' dir='ltr'>Lunae</span> <span class='ocrx_word' id='word_1_180' title='bbox 1061 2352 1195 2417; x_wconf 87' lang='lat' dir='ltr'>montes,</span> <span class='ocrx_word' id='word_1_181' title='bbox 1220 2345 1326 2423; x_wconf 87' lang='lat' dir='ltr'>quibus</span> <span class='ocrx_word' id='word_1_182' title='bbox 1351 2361 1441 2422; x_wconf 88' lang='lat' dir='ltr'>aegre</span> <span class='ocrx_word' id='word_1_183' title='bbox 1465 2362 1567 2404; x_wconf 88' lang='lat' dir='ltr'>carere</span> <span class='ocrx_word' id='word_1_184' title='bbox 1592 2363 1624 2406; x_wconf 90' lang='lat' dir='ltr'>se</span> <span class='ocrx_word' id='word_1_185' title='bbox 1649 2340 1736 2403; x_wconf 88' lang='lat' dir='ltr'>Gali·</span> 
     </span>
     <span class='ocr_line' id='line_1_21' title="bbox 385 2431 1740 2510; baseline 0 -18"><span class='ocrx_word' id='word_1_186' title='bbox 385 2433 467 2492; x_wconf 90' lang='lat' dir='ltr'>laeus</span> <span class='ocrx_word' id='word_1_187' title='bbox 502 2431 581 2492; x_wconf 90' lang='lat' dir='ltr'>haud</span> <span class='ocrx_word' id='word_1_188' title='bbox 615 2432 740 2492; x_wconf 91' lang='lat' dir='ltr'>obscure</span> <span class='ocrx_word' id='word_1_189' title='bbox 774 2431 1005 2509; x_wconf 83' lang='lat' dir='ltr'>significaverat.</span> <span class='ocrx_word' id='word_1_190' title='bbox 1053 2431 1208 2493; x_wconf 88' lang='lat' dir='ltr'>Diameter</span> <span class='ocrx_word' id='word_1_191' title='bbox 1235 2433 1357 2504; x_wconf 85' lang='lat' dir='ltr'>Lunae,</span> <span class='ocrx_word' id='word_1_192' title='bbox 1390 2432 1527 2510; x_wconf 88' lang='lat' dir='ltr'>quamvis</span> <span class='ocrx_word' id='word_1_193' title='bbox 1558 2431 1740 2495; x_wconf 87' lang='lat' dir='ltr'>acutissimis</span> 
     </span>
     <span class='ocr_line' id='line_1_22' title="bbox 384 2518 1739 2601; baseline 0.002 -22"><span class='ocrx_word' id='word_1_194' title='bbox 384 2520 583 2582; x_wconf 79' lang='lat' dir='ltr'>existentibus</span> <span class='ocrx_word' id='word_1_195' title='bbox 607 2520 744 2581; x_wconf 86' lang='lat' dir='ltr'>cornibus</span> <span class='ocrx_word' id='word_1_196' title='bbox 783 2520 893 2598; x_wconf 88' lang='lat' dir='ltr'>speciei</span> <span class='ocrx_word' id='word_1_197' title='bbox 916 2520 1032 2583; x_wconf 80' lang='lat' dir='ltr'>Solaria</span> <span class='ocrx_word' id='word_1_198' title='bbox 1058 2521 1152 2601; x_wconf 88' lang='lat' dir='ltr'>(qnod</span> <span class='ocrx_word' id='word_1_199' title='bbox 1176 2529 1224 2582; x_wconf 88' lang='lat' dir='ltr'>est</span> <span class='ocrx_word' id='word_1_200' title='bbox 1251 2530 1357 2584; x_wconf 90' lang='lat' dir='ltr'>contra</span> <span class='ocrx_word' id='word_1_201' title='bbox 1380 2539 1434 2596; x_wconf 91' lang='lat' dir='ltr'>ea,</span> <span class='ocrx_word' id='word_1_202' title='bbox 1465 2521 1592 2600; x_wconf 89' lang='lat' dir='ltr'>quaein</span> <span class='ocrx_word' id='word_1_203' title='bbox 1618 2518 1739 2599; x_wconf 89' lang='lat' dir='ltr'>Opticis</span> 
     </span>
     <span class='ocr_line' id='line_1_23' title="bbox 384 2608 1741 2688; baseline -0.001 -16"><span class='ocrx_word' id='word_1_204' title='bbox 384 2610 622 2682; x_wconf 84' lang='lat' dir='ltr'>demonstravi),</span> <span class='ocrx_word' id='word_1_205' title='bbox 661 2608 803 2688; x_wconf 87' lang='lat' dir='ltr'>apparuit</span> <span class='ocrx_word' id='word_1_206' title='bbox 831 2609 915 2686; x_wconf 86' lang='lat' dir='ltr'>justo</span> <span class='ocrx_word' id='word_1_207' title='bbox 948 2610 1052 2671; x_wconf 89' lang='lat' dir='ltr'>minor.</span> <span class='ocrx_word' id='word_1_208' title='bbox 1110 2608 1173 2670; x_wconf 88' lang='lat' dir='ltr'>Sed</span> <span class='ocrx_word' id='word_1_209' title='bbox 1210 2610 1333 2675; x_wconf 87' lang='lat' dir='ltr'>fallacia</span> <span class='ocrx_word' id='word_1_210' title='bbox 1364 2619 1414 2670; x_wconf 87' lang='lat' dir='ltr'>est</span> <span class='ocrx_word' id='word_1_211' title='bbox 1444 2630 1497 2671; x_wconf 92' lang='lat' dir='ltr'>seu</span> <span class='ocrx_word' id='word_1_212' title='bbox 1536 2608 1741 2688; x_wconf 79' lang='lat' dir='ltr'>discrepantis</span> 
     </span>
     <span class='ocr_line' id='line_1_24' title="bbox 383 2697 1740 2778; baseline 0 -18"><span class='ocrx_word' id='word_1_213' title='bbox 383 2699 492 2777; x_wconf 90' lang='lat' dir='ltr'>speciei</span> <span class='ocrx_word' id='word_1_214' title='bbox 513 2717 567 2778; x_wconf 91' lang='lat' dir='ltr'>per</span> <span class='ocrx_word' id='word_1_215' title='bbox 579 2698 810 2759; x_wconf 88' lang='lat' dir='ltr'>instrumentum</span> <span class='ocrx_word' id='word_1_216' title='bbox 830 2701 976 2760; x_wconf 81' lang='lat' dir='ltr'>formatae</span> <span class='ocrx_word' id='word_1_217' title='bbox 1000 2720 1019 2759; x_wconf 92' lang='lat' dir='ltr'>a</span> <span class='ocrx_word' id='word_1_218' title='bbox 1042 2698 1142 2777; x_wconf 88' lang='lat' dir='ltr'>speeie</span> <span class='ocrx_word' id='word_1_219' title='bbox 1162 2700 1292 2777; x_wconf 85' lang='lat' dir='ltr'>genuina</span> <span class='ocrx_word' id='word_1_220' title='bbox 1309 2697 1390 2759; x_wconf 89' lang='lat' dir='ltr'>Solis</span> <span class='ocrx_word' id='word_1_221' title='bbox 1413 2698 1443 2759; x_wconf 94' lang='lat' dir='ltr'>in</span> <span class='ocrx_word' id='word_1_222' title='bbox 1467 2699 1561 2760; x_wconf 88' lang='lat' dir='ltr'>coelo.</span> <span class='ocrx_word' id='word_1_223' title='bbox 1603 2699 1740 2761; x_wconf 85' lang='lat' dir='ltr'>Demon-</span> 
     </span>
     <span class='ocr_line' id='line_1_25' title="bbox 383 2784 1744 2865; baseline -0.002 -17"><span class='ocrx_word' id='word_1_224' title='bbox 383 2796 497 2848; x_wconf 90' lang='lat' dir='ltr'>stratur</span> <span class='ocrx_word' id='word_1_225' title='bbox 536 2788 591 2847; x_wconf 89' lang='lat' dir='ltr'>boo</span> <span class='ocrx_word' id='word_1_226' title='bbox 624 2807 661 2847; x_wconf 82' lang='lat' dir='ltr'>ex</span> <span class='ocrx_word' id='word_1_227' title='bbox 695 2786 929 2848; x_wconf 80' lang='lat' dir='ltr'>conformatione</span> <span class='ocrx_word' id='word_1_228' title='bbox 963 2788 1162 2849; x_wconf 86' lang='lat' dir='ltr'>instrumenti.</span> <span class='ocrx_word' id='word_1_229' title='bbox 1218 2789 1297 2849; x_wconf 80' lang='lat' dir='ltr'>Nam</span> <span class='ocrx_word' id='word_1_230' title='bbox 1334 2805 1419 2865; x_wconf 86' lang='lat' dir='ltr'>prop.</span> <span class='ocrx_word' id='word_1_231' title='bbox 1457 2784 1528 2850; x_wconf 82' lang='lat'>105.</span> <span class='ocrx_word' id='word_1_232' title='bbox 1567 2787 1744 2865; x_wconf 88' lang='lat' dir='ltr'>Dioptrices.</span> 
     </span>
     <span class='ocr_line' id='line_1_26' title="bbox 381 2875 1739 2956; baseline 0.001 -19"><span class='ocrx_word' id='word_1_233' title='bbox 381 2897 467 2938; x_wconf 85' lang='lat' dir='ltr'>meae</span> <span class='ocrx_word' id='word_1_234' title='bbox 492 2876 717 2938; x_wconf 88' lang='lat' dir='ltr'>demonstratus</span> <span class='ocrx_word' id='word_1_235' title='bbox 736 2884 822 2936; x_wconf 81' lang='lat' dir='ltr'>extat</span> <span class='ocrx_word' id='word_1_236' title='bbox 841 2876 948 2938; x_wconf 90' lang='lat' dir='ltr'>modus</span> <span class='ocrx_word' id='word_1_237' title='bbox 966 2876 1053 2955; x_wconf 86' lang='lat' dir='ltr'>hujus</span> <span class='ocrx_word' id='word_1_238' title='bbox 1076 2876 1297 2938; x_wconf 84' lang='lat' dir='ltr'>observationis</span> <span class='ocrx_word' id='word_1_239' title='bbox 1320 2876 1434 2956; x_wconf 89' lang='lat' dir='ltr'>ipsius;</span> <span class='ocrx_word' id='word_1_240' title='bbox 1459 2875 1570 2938; x_wconf 88' lang='lat' dir='ltr'>ultimis</span> <span class='ocrx_word' id='word_1_241' title='bbox 1586 2895 1657 2938; x_wconf 88' lang='lat' dir='ltr'>veru</span> <span class='ocrx_word' id='word_1_242' title='bbox 1673 2876 1739 2955; x_wconf 89' lang='lat' dir='ltr'>ejus</span> 
     </span>
     <span class='ocr_line' id='line_1_27' title="bbox 380 2964 1744 3045; baseline -0.001 -19"><span class='ocrx_word' id='word_1_243' title='bbox 380 2965 596 3045; x_wconf 85' lang='lat' dir='ltr'>propositionis</span> <span class='ocrx_word' id='word_1_244' title='bbox 614 2965 733 3025; x_wconf 90' lang='lat' dir='ltr'>verbis:</span> <span class='ocrx_word' id='word_1_245' title='bbox 760 2964 946 3038; x_wconf 84' lang='lat' dir='ltr'>„exteriores</span> <span class='ocrx_word' id='word_1_246' title='bbox 965 2984 1083 3043; x_wconf 87' lang='lat' dir='ltr'>semper</span> <span class='ocrx_word' id='word_1_247' title='bbox 1100 2966 1188 3043; x_wconf 88' lang='lat' dir='ltr'>plus“</span> <span class='ocrx_word' id='word_1_248' title='bbox 1205 2975 1264 3027; x_wconf 88' lang='lat' dir='ltr'>etc.</span> <span class='ocrx_word' id='word_1_249' title='bbox 1288 2983 1381 3026; x_wconf 85' lang='lat' dir='ltr'>causa</span> <span class='ocrx_word' id='word_1_250' title='bbox 1400 2964 1568 3027; x_wconf 89' lang='lat' dir='ltr'>continetur</span> <span class='ocrx_word' id='word_1_251' title='bbox 1587 2966 1744 3039; x_wconf 80' lang='lat' dir='ltr'>fallaciae,¹</span> 
     </span>
     <span class='ocr_line' id='line_1_28' title="bbox 381 3052 1741 3134; baseline 0 -19"><span class='ocrx_word' id='word_1_252' title='bbox 381 3055 478 3133; x_wconf 93' lang='lat' dir='ltr'>quod,</span> <span class='ocrx_word' id='word_1_253' title='bbox 508 3054 679 3133; x_wconf 91' lang='lat' dir='ltr'>priusquam</span> <span class='ocrx_word' id='word_1_254' title='bbox 705 3052 892 3131; x_wconf 81' lang='lat' dir='ltr'>experientia</span> <span class='ocrx_word' id='word_1_255' title='bbox 915 3054 982 3133; x_wconf 88' lang='lat' dir='ltr'>ipsa</span> <span class='ocrx_word' id='word_1_256' title='bbox 1005 3053 1269 3134; x_wconf 88' lang='lat' dir='ltr'>deprehenderem,</span> <span class='ocrx_word' id='word_1_257' title='bbox 1294 3053 1381 3115; x_wconf 78' lang='lat' dir='ltr'>valde</span> <span class='ocrx_word' id='word_1_258' title='bbox 1405 3073 1471 3115; x_wconf 89' lang='lat' dir='ltr'>sum</span> <span class='ocrx_word' id='word_1_259' title='bbox 1499 3053 1648 3129; x_wconf 86' lang='lat' dir='ltr'>miratus;</span> <span class='ocrx_word' id='word_1_260' title='bbox 1679 3053 1741 3117; x_wconf 86' lang='lat' dir='ltr'>etsi</span> 
     </span>
     <span class='ocr_line' id='line_1_29' title="bbox 380 3143 1746 3222; baseline 0 -20"><span class='ocrx_word' id='word_1_261' title='bbox 380 3144 409 3205; x_wconf 92' lang='lat' dir='ltr'>in</span> <span class='ocrx_word' id='word_1_262' title='bbox 433 3143 591 3222; x_wconf 87' lang='lat' dir='ltr'>quadratis</span> <span class='ocrx_word' id='word_1_263' title='bbox 615 3151 822 3221; x_wconf 87' lang='lat' dir='ltr'>argumentum</span> <span class='ocrx_word' id='word_1_264' title='bbox 846 3151 913 3204; x_wconf 90' lang='lat' dir='ltr'>orat</span> <span class='ocrx_word' id='word_1_265' title='bbox 936 3143 1147 3205; x_wconf 89' lang='lat' dir='ltr'>certissimum.</span> <span class='ocrx_word' id='word_1_266' title='bbox 1744 3195 1746 3202; x_wconf 81' lang='grc'>,</span> 
     </span>
    </p>

    <p class='ocr_par' dir='ltr' id='par_1_5' title="bbox 380 3230 1820 3475">
     <span class='ocr_line' id='line_1_30' title="bbox 469 3230 1744 3312; baseline 0.001 -19"><span class='ocrx_word' id='word_1_267' title='bbox 469 3231 532 3294; x_wconf 86' lang='lat' dir='ltr'>Sed</span> <span class='ocrx_word' id='word_1_268' title='bbox 558 3232 662 3292; x_wconf 90' lang='lat' dir='ltr'>desino</span> <span class='ocrx_word' id='word_1_269' title='bbox 687 3240 718 3292; x_wconf 89' lang='lat' dir='ltr'>et</span> <span class='ocrx_word' id='word_1_270' title='bbox 749 3250 822 3307; x_wconf 89' lang='lat' dir='ltr'>rogo</span> <span class='ocrx_word' id='word_1_271' title='bbox 852 3232 1085 3293; x_wconf 85' lang='lat' dir='ltr'>dominationem</span> <span class='ocrx_word' id='word_1_272' title='bbox 1109 3232 1223 3302; x_wconf 87' lang='lat' dir='ltr'>Tuam,</span> <span class='ocrx_word' id='word_1_273' title='bbox 1258 3230 1319 3292; x_wconf 87' lang='lat' dir='ltr'>ista</span> <span class='ocrx_word' id='word_1_274' title='bbox 1352 3230 1422 3292; x_wconf 90' lang='lat' dir='ltr'>boni</span> <span class='ocrx_word' id='word_1_275' title='bbox 1452 3232 1592 3294; x_wconf 89' lang='lat' dir='ltr'>consulat</span> <span class='ocrx_word' id='word_1_276' title='bbox 1622 3231 1744 3312; x_wconf 84' lang='lat' dir='ltr'>sibique·</span> 
     </span>
     <span class='ocr_line' id='line_1_31' title="bbox 380 3318 1820 3401; baseline 0.003 -19"><span class='ocrx_word' id='word_1_277' title='bbox 380 3322 567 3401; x_wconf 86' lang='lat' dir='ltr'>persuadeat</span> <span class='ocrx_word' id='word_1_278' title='bbox 589 3338 644 3398; x_wconf 91' lang='lat' dir='ltr'>pre</span> <span class='ocrx_word' id='word_1_279' title='bbox 668 3328 767 3392; x_wconf 91' lang='lat' dir='ltr'>certo,</span> <span class='ocrx_word' id='word_1_280' title='bbox 795 3320 868 3382; x_wconf 89' lang='lat' dir='ltr'>haee</span> <span class='ocrx_word' id='word_1_281' title='bbox 892 3322 930 3381; x_wconf 89' lang='lat' dir='ltr'>ab</span> <span class='ocrx_word' id='word_1_282' title='bbox 955 3321 1068 3400; x_wconf 90' lang='lat' dir='ltr'>optimo</span> <span class='ocrx_word' id='word_1_283' title='bbox 1092 3321 1192 3382; x_wconf 90' lang='lat' dir='ltr'>animo</span> <span class='ocrx_word' id='word_1_284' title='bbox 1215 3318 1353 3399; x_wconf 87' lang='lat' dir='ltr'>profecta</span> <span class='ocrx_word' id='word_1_285' title='bbox 1381 3339 1486 3400; x_wconf 88' lang='lat' dir='ltr'>meque</span> <span class='ocrx_word' id='word_1_286' title='bbox 1509 3321 1744 3401; x_wconf 80' lang='lat' dir='ltr'>paratissimum.</span> <span class='ocrx_word' id='word_1_287' title='bbox 1817 3381 1820 3386; x_wconf 87' lang='lat'>.</span> 
     </span>
     <span class='ocr_line' id='line_1_32' title="bbox 380 3408 1745 3475; baseline -0.004 -5"><span class='ocrx_word' id='word_1_288' title='bbox 380 3410 544 3472; x_wconf 86' lang='lat' dir='ltr'>adomnia</span> <span class='ocrx_word' id='word_1_289' title='bbox 567 3418 669 3471; x_wconf 89' lang='lat' dir='ltr'>mutua</span> <span class='ocrx_word' id='word_1_290' title='bbox 693 3408 800 3470; x_wconf 81' lang='lat' dir='ltr'>cilicia.</span> <span class='ocrx_word' id='word_1_291' title='bbox 940 3469 943 3475; x_wconf 78' lang='grc'><em>,</em></span> <span class='ocrx_word' id='word_1_292' title='bbox 1509 3462 1511 3469; x_wconf 91' lang='grc'>,</span> <span class='ocrx_word' id='word_1_293' title='bbox 1593 3453 1595 3464; x_wconf 94' lang='grc'>.</span> <span class='ocrx_word' id='word_1_294' title='bbox 1722 3440 1745 3466; x_wconf 81' lang='grc'>;.</span> 
     </span>
    </p>

    <p class='ocr_par' dir='ltr' id='par_1_6' title="bbox 468 3497 1743 3577">
     <span class='ocr_line' id='line_1_33' title="bbox 468 3497 1743 3577; baseline 0.002 -19"><span class='ocrx_word' id='word_1_295' title='bbox 468 3499 548 3559; x_wconf 84' lang='lat' dir='ltr'>Vale</span> <span class='ocrx_word' id='word_1_296' title='bbox 573 3505 762 3577; x_wconf 86' lang='lat' dir='ltr'>mutuamque</span> <span class='ocrx_word' id='word_1_297' title='bbox 787 3497 951 3559; x_wconf 87' lang='lat' dir='ltr'>amicitiam</span> <span class='ocrx_word' id='word_1_298' title='bbox 975 3498 1049 3559; x_wconf 85' lang='lat' dir='ltr'>oola.</span> <span class='ocrx_word' id='word_1_299' title='bbox 1095 3498 1215 3576; x_wconf 88' lang='lat' dir='ltr'>Pragae</span> <span class='ocrx_word' id='word_1_300' title='bbox 1238 3517 1269 3559; x_wconf 80' lang='lat' dir='ltr'>x.</span> <span class='ocrx_word' id='word_1_301' title='bbox 1286 3498 1363 3560; x_wconf 79' lang='lat' dir='ltr'>Nor.</span> <span class='ocrx_word' id='word_1_302' title='bbox 1389 3498 1417 3560; x_wconf 93' lang='lat' dir='ltr'>iu</span> <span class='ocrx_word' id='word_1_303' title='bbox 1441 3497 1597 3577; x_wconf 86' lang='lat' dir='ltr'>procinctu</span> <span class='ocrx_word' id='word_1_304' title='bbox 1621 3498 1743 3561; x_wconf 85' lang='lat' dir='ltr'>reditus¹</span> 
     </span>
    </p>
   </div>
   <div class='ocr_carea' id='block_1_3' title="bbox 378 3581 1731 3735">
    <p class='ocr_par' dir='ltr' id='par_1_7' title="bbox 378 3581 1731 3735">
     <span class='ocr_line' id='line_1_34' title="bbox 378 3581 1731 3735; baseline 0.003 -88"><span class='ocrx_word' id='word_1_305' title='bbox 378 3588 516 3649; x_wconf 90' lang='lat' dir='ltr'>Lincium</span> <span class='ocrx_word' id='word_1_306' title='bbox 541 3606 620 3650; x_wconf 75' lang='lat' dir='ltr'>asino</span> <span class='ocrx_word' id='word_1_307' title='bbox 647 3581 740 3649; x_wconf 81' lang='lat'>1612.</span> <span class='ocrx_word' id='word_1_308' title='bbox 1005 3674 1096 3735; x_wconf 71' lang='lat' dir='ltr'>HT</span> <span class='ocrx_word' id='word_1_309' title='bbox 1481 3641 1505 3652; x_wconf 92' lang='lat'>..</span> <span class='ocrx_word' id='word_1_310' title='bbox 1627 3639 1630 3646; x_wconf 93' lang='lat'>.</span> <span class='ocrx_word' id='word_1_311' title='bbox 1721 3612 1731 3651; x_wconf 58' lang='lat'>2·</span> 
     </span>
    </p>
   </div>
   <div class='ocr_carea' id='block_1_4' title="bbox 1270 3729 1629 3844">
    <p class='ocr_par' dir='ltr' id='par_1_8' title="bbox 1270 3717 1743 3844">
     <span class='ocr_line' id='line_1_35' title="bbox 1270 3729 1629 3844; baseline 0.011 -22"><span class='ocrx_word' id='word_1_312' title='bbox 1270 3759 1358 3822; x_wconf 85' lang='lat' dir='ltr'>Ollio.</span> <span class='ocrx_word' id='word_1_313' title='bbox 1383 3729 1444 3826; x_wconf 62' lang='lat' dir='ltr'>Joss·</span> <span class='ocrx_word' id='word_1_314' title='bbox 1461 3762 1629 3844; x_wconf 74' lang='lat' dir='ltr'>Keplerrss.</span> 
     </span>
    </p>
   </div>
   <div class='ocr_carea' id='block_1_5' title="bbox 371 3902 1742 5188">
    <p class='ocr_par' dir='ltr' id='par_1_9' title="bbox 378 3902 1742 4031">
     <span class='ocr_line' id='line_1_36' title="bbox 467 3902 1742 3974; baseline -0.002 -16"><span class='ocrx_word' id='word_1_315' title='bbox 467 3908 568 3966; x_wconf 81' lang='lat' dir='ltr'>Panes,</span> <span class='ocrx_word' id='word_1_316' title='bbox 594 3922 658 3973; x_wconf 87' lang='lat' dir='ltr'>quae</span> <span class='ocrx_word' id='word_1_317' title='bbox 683 3908 714 3958; x_wconf 86' lang='lat' dir='ltr'>de</span> <span class='ocrx_word' id='word_1_318' title='bbox 733 3903 935 3969; x_wconf 78' lang='lat' dir='ltr'>Ephemeridibus</span> <span class='ocrx_word' id='word_1_319' title='bbox 961 3918 1016 3954; x_wconf 86' lang='lat' dir='ltr'>eum</span> <span class='ocrx_word' id='word_1_320' title='bbox 1035 3902 1138 3969; x_wconf 84' lang='lat' dir='ltr'>Maglno</span> <span class='ocrx_word' id='word_1_321' title='bbox 1164 3903 1267 3954; x_wconf 85' lang='lat' dir='ltr'>edendis</span> <span class='ocrx_word' id='word_1_322' title='bbox 1285 3902 1324 3953; x_wconf 88' lang='lat' dir='ltr'>his</span> <span class='ocrx_word' id='word_1_323' title='bbox 1350 3902 1445 3953; x_wconf 86' lang='lat' dir='ltr'>addidit</span> <span class='ocrx_word' id='word_1_324' title='bbox 1462 3903 1598 3971; x_wconf 82' lang='lat' dir='ltr'>Keplerm,</span> <span class='ocrx_word' id='word_1_325' title='bbox 1622 3903 1742 3974; x_wconf 81' lang='lat' dir='ltr'>leguntnr&#39;</span> 
     </span>
     <span class='ocr_line' id='line_1_37' title="bbox 378 3977 1740 4031; baseline -0.008 -3"><span class='ocrx_word' id='word_1_326' title='bbox 378 3982 403 4030; x_wconf 86' lang='lat' dir='ltr'>in</span> <span class='ocrx_word' id='word_1_327' title='bbox 423 3979 563 4031; x_wconf 82' lang='lat' dir='ltr'>Commeat.</span> <span class='ocrx_word' id='word_1_328' title='bbox 584 3980 614 4030; x_wconf 85' lang='lat' dir='ltr'>de</span> <span class='ocrx_word' id='word_1_329' title='bbox 633 3982 739 4030; x_wconf 86' lang='lat' dir='ltr'>metibus</span> <span class='ocrx_word' id='word_1_330' title='bbox 758 3977 854 4026; x_wconf 81' lang='lat' dir='ltr'>Martis.</span> <span class='ocrx_word' id='word_1_331' title='bbox 1737 3982 1740 3990; x_wconf 94' lang='lat'>·</span> 
     </span>
    </p>

    <p class='ocr_par' dir='ltr' id='par_1_10' title="bbox 371 4043 1741 5188">
     <span class='ocr_line' id='line_1_38' title="bbox 468 4043 1735 4116; baseline -0.006 -13"><span class='ocrx_word' id='word_1_332' title='bbox 468 4052 593 4103; x_wconf 83' lang='lat' dir='ltr'>Marius</span> <span class='ocrx_word' id='word_1_333' title='bbox 621 4052 747 4116; x_wconf 86' lang='lat' dir='ltr'>respoudit</span> <span class='ocrx_word' id='word_1_334' title='bbox 764 4050 788 4098; x_wconf 92' lang='lat' dir='ltr'>d.</span> <span class='ocrx_word' id='word_1_335' title='bbox 807 4047 849 4097; x_wconf 81' lang='grc'>26.</span> <span class='ocrx_word' id='word_1_336' title='bbox 870 4051 934 4112; x_wconf 78' lang='lat' dir='ltr'>Aug.</span> <span class='ocrx_word' id='word_1_337' title='bbox 963 4043 1050 4104; x_wconf 78' lang='lat' dir='ltr'>teta,</span> <span class='ocrx_word' id='word_1_338' title='bbox 1078 4048 1218 4111; x_wconf 75' lang='lat' dir='ltr'>gratisnme</span> <span class='ocrx_word' id='word_1_339' title='bbox 1247 4047 1372 4110; x_wconf 82' lang='lat' dir='ltr'>accipiens</span> <span class='ocrx_word' id='word_1_340' title='bbox 1399 4048 1502 4114; x_wconf 84' lang='lat' dir='ltr'>Kepleri</span> <span class='ocrx_word' id='word_1_341' title='bbox 1528 4051 1735 4115; x_wconf 69' lang='lat' dir='ltr'>explanationem,</span> 
     </span>
     <span class='ocr_line' id='line_1_39' title="bbox 377 4117 1736 4190; baseline -0.001 -15"><span class='ocrx_word' id='word_1_342' title='bbox 377 4125 490 4175; x_wconf 80' lang='lat' dir='ltr'>Excusat</span> <span class='ocrx_word' id='word_1_343' title='bbox 507 4140 547 4182; x_wconf 86' lang='lat' dir='ltr'>se,</span> <span class='ocrx_word' id='word_1_344' title='bbox 566 4124 632 4187; x_wconf 89' lang='lat' dir='ltr'>qnod</span> <span class='ocrx_word' id='word_1_345' title='bbox 649 4139 698 4173; x_wconf 88' lang='lat' dir='ltr'>non</span> <span class='ocrx_word' id='word_1_346' title='bbox 718 4135 762 4187; x_wconf 88' lang='lat' dir='ltr'>per</span> <span class='ocrx_word' id='word_1_347' title='bbox 780 4122 864 4169; x_wconf 88' lang='lat' dir='ltr'>emnia</span> <span class='ocrx_word' id='word_1_348' title='bbox 882 4119 915 4169; x_wconf 87' lang='lat' dir='ltr'>ad</span> <span class='ocrx_word' id='word_1_349' title='bbox 932 4118 1035 4182; x_wconf 87' lang='lat' dir='ltr'>Kepleri</span> <span class='ocrx_word' id='word_1_350' title='bbox 1052 4118 1137 4167; x_wconf 85' lang='lat' dir='ltr'>literas</span> <span class='ocrx_word' id='word_1_351' title='bbox 1161 4117 1324 4182; x_wconf 85' lang='lat' dir='ltr'>respondeat,</span> <span class='ocrx_word' id='word_1_352' title='bbox 1344 4134 1443 4177; x_wconf 80' lang='lat' dir='ltr'>„rerum</span> <span class='ocrx_word' id='word_1_353' title='bbox 1460 4122 1519 4172; x_wconf 78' lang='lat' dir='ltr'>illae</span> <span class='ocrx_word' id='word_1_354' title='bbox 1538 4136 1554 4171; x_wconf 81' lang='lat' dir='ltr'>a</span> <span class='ocrx_word' id='word_1_355' title='bbox 1572 4139 1624 4183; x_wconf 86' lang='lat' dir='ltr'>ras,</span> <span class='ocrx_word' id='word_1_356' title='bbox 1648 4127 1736 4190; x_wconf 80' lang='lat' dir='ltr'>inquit,</span> 
     </span>
     <span class='ocr_line' id='line_1_40' title="bbox 377 4187 1738 4253; baseline -0.005 -8"><span class='ocrx_word' id='word_1_357' title='bbox 377 4203 436 4245; x_wconf 88' lang='lat' dir='ltr'>sunt</span> <span class='ocrx_word' id='word_1_358' title='bbox 455 4196 519 4246; x_wconf 86' lang='lat' dir='ltr'>adeo</span> <span class='ocrx_word' id='word_1_359' title='bbox 537 4195 601 4244; x_wconf 89' lang='lat' dir='ltr'>bene</span> <span class='ocrx_word' id='word_1_360' title='bbox 631 4196 779 4249; x_wconf 87' lang='lat' dir='ltr'>custoditae,</span> <span class='ocrx_word' id='word_1_361' title='bbox 808 4198 837 4241; x_wconf 88' lang='lat' dir='ltr'>ut</span> <span class='ocrx_word' id='word_1_362' title='bbox 856 4192 967 4251; x_wconf 75' lang='lat' dir='ltr'>casiam</span> <span class='ocrx_word' id='word_1_363' title='bbox 993 4190 1099 4253; x_wconf 89' lang='lat' dir='ltr'>reperire</span> <span class='ocrx_word' id='word_1_364' title='bbox 1126 4201 1256 4253; x_wconf 83' lang='lat' dir='ltr'>nequeam.</span> <span class='ocrx_word' id='word_1_365' title='bbox 1293 4187 1350 4237; x_wconf 86' lang='lat' dir='ltr'>Non</span> <span class='ocrx_word' id='word_1_366' title='bbox 1371 4199 1430 4241; x_wconf 85' lang='lat' dir='ltr'>sunt</span> <span class='ocrx_word' id='word_1_367' title='bbox 1448 4194 1554 4243; x_wconf 83' lang='lat' dir='ltr'>amissae</span> <span class='ocrx_word' id='word_1_368' title='bbox 1573 4195 1618 4245; x_wconf 77' lang='lat' dir='ltr'>sed</span> <span class='ocrx_word' id='word_1_369' title='bbox 1636 4200 1738 4249; x_wconf 66' lang='lat' dir='ltr'>semim</span> 
     </span>
     <span class='ocr_line' id='line_1_41' title="bbox 376 4259 1736 4331; baseline -0.003 -17"><span class='ocrx_word' id='word_1_370' title='bbox 376 4267 497 4331; x_wconf 81' lang='lat' dir='ltr'>singulari</span> <span class='ocrx_word' id='word_1_371' title='bbox 516 4265 596 4315; x_wconf 86' lang='lat' dir='ltr'>studio</span> <span class='ocrx_word' id='word_1_372' title='bbox 615 4269 754 4330; x_wconf 80' lang='lat' dir='ltr'>sepositae,</span> <span class='ocrx_word' id='word_1_373' title='bbox 782 4277 813 4312; x_wconf 85' lang='lat' dir='ltr'>ne</span> <span class='ocrx_word' id='word_1_374' title='bbox 833 4264 897 4311; x_wconf 90' lang='lat' dir='ltr'>iuter</span> <span class='ocrx_word' id='word_1_375' title='bbox 915 4260 1021 4324; x_wconf 87' lang='lat' dir='ltr'>reliquas</span> <span class='ocrx_word' id='word_1_376' title='bbox 1044 4260 1129 4309; x_wconf 85' lang='lat' dir='ltr'>literas</span> <span class='ocrx_word' id='word_1_377' title='bbox 1156 4259 1261 4308; x_wconf 78' lang='lat' dir='ltr'>forsitan</span> <span class='ocrx_word' id='word_1_378' title='bbox 1289 4262 1467 4312; x_wconf 86' lang='lat' dir='ltr'>amitterentur.</span> <span class='ocrx_word' id='word_1_379' title='bbox 1506 4263 1632 4326; x_wconf 73' lang='lat' dir='ltr'>Quantum</span> <span class='ocrx_word' id='word_1_380' title='bbox 1651 4276 1736 4320; x_wconf 66' lang='lat' dir='ltr'>autom</span> 
     </span>
     <span class='ocr_line' id='line_1_42' title="bbox 376 4332 1736 4401; baseline -0.001 -14"><span class='ocrx_word' id='word_1_381' title='bbox 376 4338 505 4394; x_wconf 81' lang='lat' dir='ltr'>recorder,</span> <span class='ocrx_word' id='word_1_382' title='bbox 532 4338 596 4401; x_wconf 88' lang='lat' dir='ltr'>prior</span> <span class='ocrx_word' id='word_1_383' title='bbox 614 4344 640 4387; x_wconf 88' lang='lat' dir='ltr'>et</span> <span class='ocrx_word' id='word_1_384' title='bbox 657 4339 766 4387; x_wconf 82' lang='lat' dir='ltr'>maxima</span> <span class='ocrx_word' id='word_1_385' title='bbox 789 4347 846 4396; x_wconf 87' lang='lat' dir='ltr'>pars</span> <span class='ocrx_word' id='word_1_386' title='bbox 870 4333 968 4381; x_wconf 84' lang='lat' dir='ltr'>illarum</span> <span class='ocrx_word' id='word_1_387' title='bbox 995 4332 1107 4380; x_wconf 87' lang='lat' dir='ltr'>continet</span> <span class='ocrx_word' id='word_1_388' title='bbox 1133 4332 1319 4380; x_wconf 80' lang='lat' dir='ltr'>cremationem</span> <span class='ocrx_word' id='word_1_389' title='bbox 1338 4340 1365 4381; x_wconf 89' lang='lat' dir='ltr'>et</span> <span class='ocrx_word' id='word_1_390' title='bbox 1382 4334 1571 4399; x_wconf 84' lang='lat' dir='ltr'>explicationem</span> <span class='ocrx_word' id='word_1_391' title='bbox 1598 4339 1736 4391; x_wconf 75' lang='lat' dir='ltr'>uberiorem</span> 
     </span>
     <span class='ocr_line' id='line_1_43' title="bbox 376 4402 1736 4476; baseline 0.001 -18"><span class='ocrx_word' id='word_1_392' title='bbox 376 4423 470 4470; x_wconf 82' lang='lat' dir='ltr'>eorum,</span> <span class='ocrx_word' id='word_1_393' title='bbox 487 4423 553 4474; x_wconf 87' lang='lat' dir='ltr'>quae</span> <span class='ocrx_word' id='word_1_394' title='bbox 572 4409 604 4458; x_wconf 88' lang='lat' dir='ltr'>ad</span> <span class='ocrx_word' id='word_1_395' title='bbox 622 4412 760 4474; x_wconf 84' lang='lat' dir='ltr'>marginem</span> <span class='ocrx_word' id='word_1_396' title='bbox 776 4407 803 4455; x_wconf 88' lang='lat' dir='ltr'>in</span> <span class='ocrx_word' id='word_1_397' title='bbox 822 4413 866 4454; x_wconf 88' lang='lat' dir='ltr'>tua</span> <span class='ocrx_word' id='word_1_398' title='bbox 885 4402 1010 4466; x_wconf 84' lang='lat' dir='ltr'>Dieptries</span> <span class='ocrx_word' id='word_1_399' title='bbox 1030 4410 1102 4452; x_wconf 87' lang='lat' dir='ltr'>eraut</span> <span class='ocrx_word' id='word_1_400' title='bbox 1120 4403 1241 4466; x_wconf 79' lang='lat' dir='ltr'>apposita.</span> <span class='ocrx_word' id='word_1_401' title='bbox 1279 4405 1417 4467; x_wconf 82' lang='lat' dir='ltr'>Aequieeee</span> <span class='ocrx_word' id='word_1_402' title='bbox 1435 4420 1497 4456; x_wconf 83' lang='lat' dir='ltr'>sans</span> <span class='ocrx_word' id='word_1_403' title='bbox 1515 4410 1541 4456; x_wconf 90' lang='lat' dir='ltr'>in</span> <span class='ocrx_word' id='word_1_404' title='bbox 1560 4409 1617 4470; x_wconf 77' lang='lat' dir='ltr'>dlis,</span> <span class='ocrx_word' id='word_1_405' title='bbox 1635 4421 1736 4476; x_wconf 74' lang='lat' dir='ltr'>quaes</span> 
     </span>
     <span class='ocr_line' id='line_1_44' title="bbox 375 4473 1735 4545; baseline -0.001 -16"><span class='ocrx_word' id='word_1_406' title='bbox 375 4489 403 4529; x_wconf 86' lang='lat' dir='ltr'>te</span> <span class='ocrx_word' id='word_1_407' title='bbox 414 4481 592 4540; x_wconf 51' lang='lat' dir='ltr'>sustellere!</span> <span class='ocrx_word' id='word_1_408' title='bbox 619 4479 692 4542; x_wconf 85' lang='lat' dir='ltr'>Quae</span> <span class='ocrx_word' id='word_1_409' title='bbox 710 4480 805 4543; x_wconf 87' lang='lat' dir='ltr'>reliqua</span> <span class='ocrx_word' id='word_1_410' title='bbox 821 4482 886 4535; x_wconf 87' lang='lat' dir='ltr'>sunt,</span> <span class='ocrx_word' id='word_1_411' title='bbox 905 4474 996 4526; x_wconf 84' lang='lat' dir='ltr'>nulllus</span> <span class='ocrx_word' id='word_1_412' title='bbox 1009 4481 1067 4524; x_wconf 88' lang='lat' dir='ltr'>sunt</span> <span class='ocrx_word' id='word_1_413' title='bbox 1084 4474 1212 4529; x_wconf 87' lang='lat' dir='ltr'>momenti,</span> <span class='ocrx_word' id='word_1_414' title='bbox 1230 4473 1347 4538; x_wconf 82' lang='lat' dir='ltr'>leguntur</span> <span class='ocrx_word' id='word_1_415' title='bbox 1366 4478 1431 4541; x_wconf 85' lang='lat' dir='ltr'>apud</span> <span class='ocrx_word' id='word_1_416' title='bbox 1444 4477 1598 4529; x_wconf 82' lang='lat' dir='ltr'>Hausehium</span> <span class='ocrx_word' id='word_1_417' title='bbox 1609 4497 1632 4545; x_wconf 93' lang='lat' dir='ltr'>p.</span> <span class='ocrx_word' id='word_1_418' title='bbox 1648 4478 1702 4534; x_wconf 65' lang='grc'>558</span> <span class='ocrx_word' id='word_1_419' title='bbox 1712 4497 1735 4532; x_wconf 77' lang='grc' dir='ltr'>ι.</span> 
     </span>
     <span class='ocr_line' id='line_1_45' title="bbox 375 4543 1735 4619; baseline 0 -18"><span class='ocrx_word' id='word_1_420' title='bbox 375 4551 431 4601; x_wconf 86' lang='lat' dir='ltr'>Hoc</span> <span class='ocrx_word' id='word_1_421' title='bbox 450 4556 548 4601; x_wconf 87' lang='lat' dir='ltr'>tantum</span> <span class='ocrx_word' id='word_1_422' title='bbox 562 4558 685 4608; x_wconf 87' lang='lat' dir='ltr'>notamus,</span> <span class='ocrx_word' id='word_1_423' title='bbox 698 4550 806 4599; x_wconf 87' lang='lat' dir='ltr'>Marium</span> <span class='ocrx_word' id='word_1_424' title='bbox 819 4548 937 4596; x_wconf 84' lang='lat' dir='ltr'>memoria</span> <span class='ocrx_word' id='word_1_425' title='bbox 952 4546 1004 4594; x_wconf 84' lang='lat' dir='ltr'>tatii</span> <span class='ocrx_word' id='word_1_426' title='bbox 1023 4546 1180 4601; x_wconf 85' lang='lat' dir='ltr'>scribentem,</span> <span class='ocrx_word' id='word_1_427' title='bbox 1200 4543 1285 4593; x_wconf 84' lang='lat' dir='ltr'>literas</span> <span class='ocrx_word' id='word_1_428' title='bbox 1297 4544 1361 4605; x_wconf 86' lang='lat' dir='ltr'>illas,</span> <span class='ocrx_word' id='word_1_429' title='bbox 1381 4562 1442 4612; x_wconf 85' lang='lat' dir='ltr'>quas</span> <span class='ocrx_word' id='word_1_430' title='bbox 1454 4549 1578 4614; x_wconf 85' lang='lat' dir='ltr'>Keplerns</span> <span class='ocrx_word' id='word_1_431' title='bbox 1590 4552 1735 4619; x_wconf 79' lang='lat' dir='ltr'>Dieptrieao</span> 
     </span>
     <span class='ocr_line' id='line_1_46' title="bbox 375 4614 1735 4687; baseline 0.001 -16"><span class='ocrx_word' id='word_1_432' title='bbox 375 4620 491 4685; x_wconf 81' lang='lat' dir='ltr'>praefixit</span> <span class='ocrx_word' id='word_1_433' title='bbox 509 4621 543 4681; x_wconf 79' lang='lat' dir='ltr'>(v.</span> <span class='ocrx_word' id='word_1_434' title='bbox 563 4637 581 4670; x_wconf 86' lang='lat' dir='ltr'>s</span> <span class='ocrx_word' id='word_1_435' title='bbox 603 4638 660 4687; x_wconf 81' lang='lat' dir='ltr'>pag.</span> <span class='ocrx_word' id='word_1_436' title='bbox 682 4618 756 4679; x_wconf 80' lang='lat' dir='ltr'>ter),</span> <span class='ocrx_word' id='word_1_437' title='bbox 776 4620 849 4669; x_wconf 83' lang='lat' dir='ltr'>datas</span> <span class='ocrx_word' id='word_1_438' title='bbox 868 4631 922 4667; x_wconf 87' lang='lat' dir='ltr'>esse</span> <span class='ocrx_word' id='word_1_439' title='bbox 942 4616 974 4666; x_wconf 91' lang='lat' dir='ltr'>ad</span> <span class='ocrx_word' id='word_1_440' title='bbox 987 4616 1128 4673; x_wconf 76' lang='lat' dir='ltr'>Olearium,</span> <span class='ocrx_word' id='word_1_441' title='bbox 1149 4629 1205 4664; x_wconf 86' lang='lat' dir='ltr'>eum</span> <span class='ocrx_word' id='word_1_442' title='bbox 1219 4614 1354 4665; x_wconf 81' lang='lat' dir='ltr'>Vicksnius</span> <span class='ocrx_word' id='word_1_443' title='bbox 1373 4633 1486 4683; x_wconf 81' lang='lat' dir='ltr'>expresse</span> <span class='ocrx_word' id='word_1_444' title='bbox 1504 4622 1605 4680; x_wconf 84' lang='lat' dir='ltr'>scribat,</span> <span class='ocrx_word' id='word_1_445' title='bbox 1625 4619 1735 4684; x_wconf 77' lang='lat' dir='ltr'>„Marius</span> 
     </span>
     <span class='ocr_line' id='line_1_47' title="bbox 374 4685 1741 4760; baseline -0.001 -19"><span class='ocrx_word' id='word_1_446' title='bbox 374 4693 454 4743; x_wconf 87' lang='lat' dir='ltr'>mihi</span> <span class='ocrx_word' id='word_1_447' title='bbox 478 4693 628 4756; x_wconf 74' lang='lat' dir='ltr'>respondit-“⁴</span> <span class='ocrx_word' id='word_1_448' title='bbox 651 4692 806 4743; x_wconf 77' lang='lat' dir='ltr'>Concludere</span> <span class='ocrx_word' id='word_1_449' title='bbox 832 4702 901 4753; x_wconf 84' lang='lat' dir='ltr'>spem</span> <span class='ocrx_word' id='word_1_450' title='bbox 918 4688 963 4737; x_wconf 86' lang='lat' dir='ltr'>sibi</span> <span class='ocrx_word' id='word_1_451' title='bbox 992 4686 1110 4752; x_wconf 80' lang='lat' dir='ltr'>affulgere</span> <span class='ocrx_word' id='word_1_452' title='bbox 1138 4686 1213 4743; x_wconf 82' lang='lat' dir='ltr'>dicit,</span> <span class='ocrx_word' id='word_1_453' title='bbox 1237 4685 1373 4750; x_wconf 87' lang='lat' dir='ltr'>Keplerum</span> <span class='ocrx_word' id='word_1_454' title='bbox 1397 4689 1603 4758; x_wconf 81' lang='lat' dir='ltr'>Norimbergam,</span> <span class='ocrx_word' id='word_1_455' title='bbox 1631 4708 1678 4760; x_wconf 86' lang='lat' dir='ltr'>que</span> <span class='ocrx_word' id='word_1_456' title='bbox 1704 4689 1741 4745; x_wconf 87' lang='lat' dir='ltr'>ob&#39;</span> 
     </span>
     <span class='ocr_line' id='line_1_48' title="bbox 373 4757 1741 4831; baseline 0.001 -17"><span class='ocrx_word' id='word_1_457' title='bbox 373 4772 473 4828; x_wconf 80' lang='lat' dir='ltr'>pestem</span> <span class='ocrx_word' id='word_1_458' title='bbox 491 4763 646 4815; x_wconf 81' lang='lat' dir='ltr'>Ratisbouae</span> <span class='ocrx_word' id='word_1_459' title='bbox 664 4772 822 4831; x_wconf 76' lang='lat' dir='ltr'>grassantem</span> <span class='ocrx_word' id='word_1_460' title='bbox 849 4760 950 4809; x_wconf 78' lang='lat' dir='ltr'>comitis</span> <span class='ocrx_word' id='word_1_461' title='bbox 976 4757 1149 4808; x_wconf 72' lang='lat' dir='ltr'>nmlerenda</span> <span class='ocrx_word' id='word_1_462' title='bbox 1177 4759 1243 4817; x_wconf 87' lang='lat' dir='ltr'>siut,</span> <span class='ocrx_word' id='word_1_463' title='bbox 1271 4766 1401 4810; x_wconf 82' lang='lat' dir='ltr'>venturum</span> <span class='ocrx_word' id='word_1_464' title='bbox 1425 4770 1452 4812; x_wconf 90' lang='lat' dir='ltr'>et</span> <span class='ocrx_word' id='word_1_465' title='bbox 1474 4777 1502 4815; x_wconf 85' lang='lat' dir='ltr'>se</span> <span class='ocrx_word' id='word_1_466' title='bbox 1528 4763 1580 4814; x_wconf 86' lang='lat' dir='ltr'>illie</span> <span class='ocrx_word' id='word_1_467' title='bbox 1597 4766 1741 4830; x_wconf 68' lang='lat' dir='ltr'>Kspiem‘</span> 
     </span>
     <span class='ocr_line' id='line_1_49' title="bbox 374 4827 1734 4899; baseline -0.005 -16"><span class='ocrx_word' id='word_1_468' title='bbox 374 4836 415 4886; x_wconf 85' lang='lat' dir='ltr'>vel</span> <span class='ocrx_word' id='word_1_469' title='bbox 440 4835 508 4885; x_wconf 85' lang='lat' dir='ltr'>hune</span> <span class='ocrx_word' id='word_1_470' title='bbox 533 4836 614 4899; x_wconf 88' lang='lat' dir='ltr'>ipsum</span> <span class='ocrx_word' id='word_1_471' title='bbox 633 4835 755 4887; x_wconf 81' lang='lat' dir='ltr'>Onoldiae</span> <span class='ocrx_word' id='word_1_472' title='bbox 781 4832 942 4884; x_wconf 78' lang='lat' dir='ltr'>visitaturum.</span> <span class='ocrx_word' id='word_1_473' title='bbox 980 4829 1053 4879; x_wconf 86' lang='lat' dir='ltr'>Haec</span> <span class='ocrx_word' id='word_1_474' title='bbox 1070 4843 1126 4892; x_wconf 83' lang='lat' dir='ltr'>spes</span> <span class='ocrx_word' id='word_1_475' title='bbox 1144 4828 1242 4893; x_wconf 85' lang='lat' dir='ltr'>quidem</span> <span class='ocrx_word' id='word_1_476' title='bbox 1260 4827 1342 4880; x_wconf 81' lang='lat' dir='ltr'>inanis</span> <span class='ocrx_word' id='word_1_477' title='bbox 1360 4832 1414 4891; x_wconf 79' lang='lat' dir='ltr'>tuit,</span> <span class='ocrx_word' id='word_1_478' title='bbox 1431 4833 1586 4886; x_wconf 65' lang='lat' dir='ltr'>Ratiatum</span> <span class='ocrx_word' id='word_1_479' title='bbox 1604 4852 1661 4890; x_wconf 58' lang='grc' dir='ltr'>,πο</span> <span class='ocrx_word' id='word_1_480' title='bbox 1677 4852 1734 4888; x_wconf 63' lang='lat' dir='ltr'>cu„</span> 
     </span>
     <span class='ocr_line' id='line_1_50' title="bbox 373 4897 1734 4971; baseline 0.002 -14"><span class='ocrx_word' id='word_1_481' title='bbox 373 4907 485 4971; x_wconf 86' lang='lat' dir='ltr'>Keplero</span> <span class='ocrx_word' id='word_1_482' title='bbox 511 4909 626 4957; x_wconf 84' lang='lat' dir='ltr'>convenit</span> <span class='ocrx_word' id='word_1_483' title='bbox 645 4904 757 4971; x_wconf 85' lang='lat' dir='ltr'>(Octobri</span> <span class='ocrx_word' id='word_1_484' title='bbox 783 4904 843 4958; x_wconf 82' lang='lat' dir='ltr'>anni</span> <span class='ocrx_word' id='word_1_485' title='bbox 862 4897 957 4962; x_wconf 60' lang='lat'><strong>¹⁶¹³),</strong></span> <span class='ocrx_word' id='word_1_486' title='bbox 985 4907 1014 4951; x_wconf 83' lang='lat' dir='ltr'>ut</span> <span class='ocrx_word' id='word_1_487' title='bbox 1035 4901 1088 4965; x_wconf 84' lang='lat' dir='ltr'>ipse</span> <span class='ocrx_word' id='word_1_488' title='bbox 1107 4897 1201 4949; x_wconf 87' lang='lat' dir='ltr'>Marius</span> <span class='ocrx_word' id='word_1_489' title='bbox 1229 4899 1303 4948; x_wconf 80' lang='lat' dir='ltr'>reteri</span> <span class='ocrx_word' id='word_1_490' title='bbox 1327 4904 1354 4952; x_wconf 88' lang='lat' dir='ltr'>in</span> <span class='ocrx_word' id='word_1_491' title='bbox 1378 4903 1473 4955; x_wconf 82' lang='lat' dir='ltr'>Mundo</span> <span class='ocrx_word' id='word_1_492' title='bbox 1490 4906 1588 4957; x_wconf 70' lang='lat' dir='ltr'>dedali.</span> <span class='ocrx_word' id='word_1_493' title='bbox 1626 4908 1734 4959; x_wconf 74' lang='lat' dir='ltr'>enasse</span> 
     </span>
     <span class='ocr_line' id='line_1_51' title="bbox 373 4968 1733 5044; baseline 0.003 -19"><span class='ocrx_word' id='word_1_494' title='bbox 373 4993 432 5026; x_wconf 86' lang='lat' dir='ltr'>vero</span> <span class='ocrx_word' id='word_1_495' title='bbox 457 4977 526 5028; x_wconf 88' lang='lat' dir='ltr'>nulla</span> <span class='ocrx_word' id='word_1_496' title='bbox 552 4979 693 5029; x_wconf 85' lang='lat' dir='ltr'>intercessit</span> <span class='ocrx_word' id='word_1_497' title='bbox 718 4972 869 5029; x_wconf 83' lang='lat' dir='ltr'>consuetudo</span> <span class='ocrx_word' id='word_1_498' title='bbox 892 4972 957 5021; x_wconf 87' lang='lat' dir='ltr'>luter</span> <span class='ocrx_word' id='word_1_499' title='bbox 980 4978 1125 5034; x_wconf 79' lang='lat' dir='ltr'>unumque.</span> <span class='ocrx_word' id='word_1_500' title='bbox 1154 4985 1186 5019; x_wconf 80' lang='lat' dir='ltr'>ne</span> <span class='ocrx_word' id='word_1_501' title='bbox 1205 4984 1248 5033; x_wconf 87' lang='lat' dir='ltr'>per</span> <span class='ocrx_word' id='word_1_502' title='bbox 1269 4968 1355 5023; x_wconf 84' lang='lat' dir='ltr'>literas</span> <span class='ocrx_word' id='word_1_503' title='bbox 1377 4975 1493 5040; x_wconf 69' lang='lat' dir='ltr'>quidem</span> <span class='ocrx_word' id='word_1_504' title='bbox 1521 4991 1611 5028; x_wconf 86' lang='lat' dir='ltr'>nemen</span> <span class='ocrx_word' id='word_1_505' title='bbox 1635 4978 1733 5044; x_wconf 86' lang='lat' dir='ltr'>quidem</span> 
     </span>
     <span class='ocr_line' id='line_1_52' title="bbox 372 5038 1734 5114; baseline 0.001 -16"><span class='ocrx_word' id='word_1_506' title='bbox 372 5047 450 5098; x_wconf 79' lang='lat' dir='ltr'>Marii</span> <span class='ocrx_word' id='word_1_507' title='bbox 468 5049 617 5100; x_wconf 75' lang='lat' dir='ltr'>occurritis</span> <span class='ocrx_word' id='word_1_508' title='bbox 630 5049 733 5114; x_wconf 87' lang='lat' dir='ltr'>Kspleri</span> <span class='ocrx_word' id='word_1_509' title='bbox 751 5044 847 5113; x_wconf 84' lang='lat' dir='ltr'>scriptis</span> <span class='ocrx_word' id='word_1_510' title='bbox 865 5057 955 5093; x_wconf 86' lang='lat' dir='ltr'>rarum.</span> <span class='ocrx_word' id='word_1_511' title='bbox 987 5043 1017 5092; x_wconf 91' lang='lat' dir='ltr'>In</span> <span class='ocrx_word' id='word_1_512' title='bbox 1037 5038 1272 5106; x_wconf 71' lang='lat' dir='ltr'>..Ephemeritibns‘</span> <span class='ocrx_word' id='word_1_513' title='bbox 1291 5045 1351 5094; x_wconf 83' lang='lat' dir='ltr'>anui</span> <span class='ocrx_word' id='word_1_514' title='bbox 1365 5042 1441 5097; x_wconf 82' lang='grc'><strong>11117.</strong></span> <span class='ocrx_word' id='word_1_515' title='bbox 1455 5044 1522 5109; x_wconf 79' lang='lat' dir='ltr'>(vide</span> <span class='ocrx_word' id='word_1_516' title='bbox 1539 5046 1626 5112; x_wconf 81' lang='lat' dir='ltr'>inira),</span> <span class='ocrx_word' id='word_1_517' title='bbox 1644 5049 1734 5102; x_wconf 84' lang='lat' dir='ltr'>deinde</span> 
     </span>
     <span class='ocr_line' id='line_1_53' title="bbox 371 5108 1734 5188; baseline 0.002 -18"><span class='ocrx_word' id='word_1_518' title='bbox 371 5120 399 5170; x_wconf 84' lang='lat' dir='ltr'>ln</span> <span class='ocrx_word' id='word_1_519' title='bbox 418 5118 566 5185; x_wconf 52' lang='lat' dir='ltr'>„teneam</span> <span class='ocrx_word' id='word_1_520' title='bbox 586 5121 735 5185; x_wconf 61' lang='lat' dir='ltr'>&amp;niqueto</span> <span class='ocrx_word' id='word_1_521' title='bbox 754 5114 858 5187; x_wconf 75' lang='lat' dir='ltr'>sptseels</span> <span class='ocrx_word' id='word_1_522' title='bbox 875 5114 900 5166; x_wconf 73' lang='lat' dir='ltr'>d</span> <span class='ocrx_word' id='word_1_523' title='bbox 920 5112 962 5163; x_wconf 78' lang='lat' dir='ltr'>et.</span> <span class='ocrx_word' id='word_1_524' title='bbox 980 5114 1048 5179; x_wconf 72' lang='lat' dir='ltr'>Aug.</span> <span class='ocrx_word' id='word_1_525' title='bbox 1070 5108 1138 5165; x_wconf 78' lang='lat' dir='ltr'>teti</span> <span class='ocrx_word' id='word_1_526' title='bbox 1157 5110 1191 5164; x_wconf 76' lang='lat' dir='ltr'>ad</span> <span class='ocrx_word' id='word_1_527' title='bbox 1207 5109 1232 5162; x_wconf 70' lang='lat' dir='ltr'>J·</span> <span class='ocrx_word' id='word_1_528' title='bbox 1250 5108 1383 5167; x_wconf 79' lang='lat' dir='ltr'>Romam</span> <span class='ocrx_word' id='word_1_529' title='bbox 1400 5114 1463 5171; x_wconf 73' lang='lat' dir='ltr'>deta</span> <span class='ocrx_word' id='word_1_530' title='bbox 1478 5114 1527 5173; x_wconf 73' lang='lat' dir='ltr'>lm</span> <span class='ocrx_word' id='word_1_531' title='bbox 1544 5119 1593 5173; x_wconf 79' lang='lat' dir='ltr'>nrt</span> <span class='ocrx_word' id='word_1_532' title='bbox 1609 5119 1734 5188; x_wconf 66' lang='lat' dir='ltr'>Kspln</span> 
     </span>
    </p>
   </div>
   <div class='ocr_carea' id='block_1_6' title="bbox 0 0 2296 6192">
    <p class='ocr_par' dir='ltr' id='par_1_11' title="bbox 0 0 2296 6192">
     <span class='ocr_line' id='line_1_54' title="bbox 0 0 2296 6192; baseline 0 6"><span class='ocrx_word' id='word_1_533' title='bbox 0 0 2296 6192; x_wconf 95' lang='lat' dir='ltr'> </span> 
     </span>
    </p>
   </div>
  </div>
 </body>
</html>
