4584 6192
902 572 958 607 cnm
975 555 1073 607 Nnnclo
1093 555 1201 607 Sideroo.
1666 559 1728 626 501

377 738 476 791 tecum
501 730 731 805 asseverabant,
766 732 838 792 nihil
863 752 930 791 esse
954 733 1010 793 nisi
1035 733 1203 811 congeriem
1233 734 1388 794 stellarum
1411 735 1541 796 confusis
1571 737 1731 800 luminibus

378 818 416 879 ob
440 819 592 879 oculorum
619 819 840 880 hebetudinem.
888 822 994 901 ltaque
1026 822 1164 883 desinent
1192 840 1279 900 porro
1307 831 1442 883 cometas
1467 834 1498 883 et
1525 844 1603 886 nova
1631 827 1732 887 sidera

379 925 445 968 curn
459 906 580 968 Braheo
605 908 761 968 efformare
786 928 822 968 ex
846 909 895 969 via
919 910 1018 970 lactea
1042 916 1255 981 (Comp.vol.1.
1278 935 1302 981 p.
1324 917 1400 982 652),
1421 931 1456 971 ne
1476 916 1676 991 perfectorum
1700 923 1732 975 et-

377 996 553 1077 perennium
578 997 679 1057 mundi
702 1017 856 1075 corporum
882 998 1034 1059 interitum
1063 1000 1191 1059 absurde
1222 1000 1420 1060 introducant.
1445 1031 1487 1041 —

467 1085 603 1145 Tandem
615 1086 653 1145 ad
665 1106 776 1146 novos
792 1087 965 1164 planetas
977 1096 1213 1162 tecumtranseo,
1230 1089 1476 1166 rernpraecipnae
1484 1090 1692 1152 admirationis
1703 1090 1732 1151 in

378 1172 480 1234 libello
489 1182 551 1246 tuo,
568 1175 800 1262 pauculatecum
810 1178 1068 1255 supereonegotio
1077 1187 1197 1254 praeter
1209 1196 1328 1255 eaquae
1341 1177 1514 1239 initiodicta
1523 1180 1732 1241 collocuturus.

467 1262 598 1323 Primum
627 1265 739 1337 exulto,
772 1283 818 1324 me
847 1265 906 1325 tuis
939 1266 1091 1326 laboribus
1126 1265 1259 1326 nonnihil
1284 1266 1423 1326 recreari.
1471 1265 1503 1327 Si
1533 1268 1612 1329 circa
1645 1287 1735 1329 unam

379 1351 503 1411 lixarum
543 1351 771 1412 discursitantes
810 1353 977 1413 invenisses
1015 1354 1172 1432 planetas,
1207 1355 1272 1432 jain
1307 1365 1392 1414 eraut
1425 1355 1496 1415 mihi
1530 1357 1608 1434 apud
1640 1355 1735 1417 Bruni

377 1438 669 1500 innumerabilitates
689 1451 798 1519 parata
822 1442 941 1502 vincula
955 1449 986 1503 et
1006 1463 1116 1516 carcer,
1142 1443 1200 1502 imo
1220 1444 1320 1523 potius
1345 1442 1464 1503 erilium
1485 1443 1512 1502 in
1534 1444 1584 1505 illo
1609 1445 1733 1506 infinito.

379 1529 485 1606 ltaque
517 1548 626 1609 magno
652 1529 680 1589 in
705 1550 848 1608 praesens
876 1550 922 1591 me
952 1532 1088 1592 liberasti
1119 1542 1217 1604 metu,
1253 1551 1339 1610 quem
1368 1533 1405 1592 ad
1436 1532 1563 1612 primaru
1593 1533 1661 1594 libri
1690 1531 1735 1593 tui

380 1615 491 1677 sarnam
506 1636 543 1677 ex
567 1620 745 1697 opponentis
765 1621 822 1680 ruei
843 1620 991 1700 triumpho
1016 1639 1222 1700 conceperam,
1249 1621 1326 1699 quod
1347 1631 1474 1699 quatuor
1493 1622 1568 1682 istos
1592 1622 1734 1702 planetas

379 1724 438 1766 non
463 1705 543 1767 circa
567 1727 654 1767 uuam
679 1708 813 1781 fixarum,
840 1708 892 1768 sed
917 1711 997 1769 circa
1021 1709 1104 1770 sidus
1128 1709 1214 1769 Jovis
1239 1708 1283 1769 ais
1308 1710 1484 1772 discurrere.

469 1795 580 1871 ingens
605 1816 677 1855 sane
701 1797 916 1857 Wackherium
944 1798 1152 1877 philosophiae
1178 1798 1257 1858 illius
1286 1798 1424 1860 horridae
1449 1799 1485 1859 de
1510 1817 1586 1859 novo
1610 1805 1735 1878 ceperat

380 1883 555 1957 admiratio,
591 1904 681 1963 quae,
717 1887 794 1964 quod
826 1886 990 1965 nuperrime
1025 1886 1181 1948 Galilaeus
1216 1887 1309 1947 oculis
1340 1888 1402 1947 suis
1430 1888 1655 1967 perspexisset,
1688 1894 1736 1949 tot

383 1973 470 2033 annis
501 1981 592 2033 antea
616 1993 672 2033 uon
708 1983 823 2034 tautum
854 1976 1076 2052 opinationibus
1110 1977 1333 2047 introduxerat,
1369 1977 1422 2036 sed
1450 1978 1540 2055 plane
1571 1996 1734 2056 argumen-

381 2061 549 2123 tationibus
573 2062 772 2124 stabiliverat.
815 2064 879 2125 h'ec
904 2065 1052 2127 immerito
1078 2085 1149 2126 sane
1175 2065 1275 2143 magui
1299 2066 1381 2138 liunt,
1407 2065 1455 2144 qui
1480 2066 1508 2125 in
1533 2065 1737 2128 consimilibus

383 2150 590 2230 philosophiae
615 2153 751 2230 partibus
777 2173 894 2213 sensum
920 2154 1035 2214 ratione
1064 2162 1270 2232 praevertunt.
1318 2152 1394 2222 Quis
1419 2154 1496 2214 enirn
1526 2174 1583 2216 uon
1611 2155 1736 2236 majoris

383 2240 477 2300 iaciat
500 2240 687 2301 nobilitatem
713 2241 868 2301 doctrinae
893 2244 1121 2314 astronomicae,
1149 2262 1223 2322 quae
1249 2244 1444 2321 compedem
1470 2252 1557 2303 extra
1572 2242 1736 2305 Graeciam

380 2347 531 2407 nunqnam
556 2330 724 2403 extulisset,
752 2339 852 2390 tamen
881 2350 973 2391 zonae
1006 2331 1132 2410 frigidae
1164 2331 1365 2410 proprietates
1395 2332 1543 2411 prodidit,
1576 2351 1665 2411 quam
1688 2330 1737 2393 vel

382 2413 526 2478 Caesaris
558 2419 894 2497 experirneutationem‚
929 2420 978 2498 qui
1012 2420 1179 2499 clepsydris
1213 2420 1250 2479 ad
1289 2420 1359 2480 litus
1393 2421 1601 2481 Britannicum
1631 2429 1736 2481 noctes

381 2506 580 2584 deprehendit
595 2507 740 2568 Romanis
765 2509 900 2568 noctibus
920 2509 1009 2587 paulo
1035 2510 1187 2570 breviores
1199 2527 1208 2582 ;
1234 2509 1280 2568 vel
1295 2508 1457 2587 Belgarum
1478 2509 1505 2568 in
1530 2509 1736 2588 septentrione

382 2594 595 2656 hiematiouem
620 2597 751 2675 stuporis
777 2596 894 2677 quidem
919 2599 1046 2675 plenam,
1072 2597 1126 2658 sed
1151 2616 1226 2677 quae
1251 2597 1327 2657 citra
1355 2599 1558 2677 coguitionem
1582 2599 1737 2659 doctrinae

337 2741 340 2746 .
381 2682 461 2744 illius
485 2684 593 2745 suisset
617 2685 833 2764 impossibilis?
858 2685 933 2755 Quis
958 2708 1015 2747 non
1040 2688 1174 2748 celebrat
1194 2686 1331 2746 Platonis
1357 2687 1487 2747 fabulam
1511 2688 1548 2746 de
1568 2688 1737 2761 Atlantica,

379 2771 535 2835 Plutarchi
560 2775 595 2834 de
627 2775 732 2835 insulis
762 2774 976 2837 auricoloribus
1005 2775 1282 2842 Trans-Tholauis,
1308 2774 1442 2835 Senecae
1468 2776 1503 2836 de
1534 2776 1634 2836 futura
1656 2774 1738 2837 orbis

381 2861 451 2922 novi
476 2862 646 2923 detectione
671 2864 834 2924 versiculos
865 2864 1023 2939 fatidicos3
1052 2871 1212 2943 postquam
1236 2864 1298 2923 tale
1328 2864 1397 2942 quid
1421 2865 1459 2925 ab
1485 2865 1663 2942 Argonauta
1687 2864 1739 2925 illo

379 2949 556 3012 Florentino
581 2952 704 3012 tandem
729 2951 785 3013 fuit
808 2954 1009 3032 praestitum?
1042 2955 1109 3032 lpse
1134 2950 1298 3014 Columbus
1327 2953 1447 3013 dubium
1480 2961 1567 3013 tenet
1595 2953 1739 3014 lectorem

381 3058 485 3112 suum,
517 3040 584 3118 plus
609 3041 634 3100 is
660 3041 809 3119 ingenium
841 3042 1004 3103 admiretur
1034 3061 1143 3104 novum
1174 3042 1276 3103 orbem
1305 3061 1341 3101 ex
1372 3049 1527 3103 ventorum
1559 3042 1632 3102 llatu
1662 3061 1737 3103 con-

376 3126 520 3208 jicientis,
546 3150 584 3189 au
610 3129 815 3191 fortitudinem
839 3132 986 3193 tentantis
1007 3133 1127 3211 ignotos
1147 3132 1254 3192 fluctus
1275 3130 1507 3211 immensumque
1532 3150 1685 3205 oceanum,
1708 3137 1741 3191 et

385 3215 563 3278 felicitatem
587 3219 700 3298 optatis
724 3220 823 3298 potiti.
1212 3245 1218 3252 ’

472 3305 596 3368 Scilicet
619 3309 648 3369 in
673 3329 740 3369 mea
764 3310 854 3369 etiarn
880 3309 1007 3369 materia
1022 3317 1109 3369 erunt
1126 3308 1268 3368 miraculo
1285 3308 1485 3388 Pythagoras,
1509 3308 1609 3380 Plato,
1633 3305 1739 3368 Eucli-

382 3394 447 3469 des,
472 3397 550 3474 quod
569 3397 700 3458 'rationis
724 3399 913 3477 praestantia
938 3397 1074 3457 subvecti
1095 3397 1314 3471 concluserunt,
1340 3398 1428 3457 aliter
1451 3397 1564 3458 sactum
1588 3415 1656 3457 esse
1680 3415 1739 3457 non

382 3503 492 3564 posse,
527 3505 614 3564 quam
646 3495 679 3548 ut
701 3487 785 3547 Deus
818 3489 966 3548 mundum
982 3488 1019 3547 ad
1044 3487 1198 3565 exemplar
1221 3481 1240 3545 5
1265 3485 1445 3565 regularium
1468 3504 1625 3564 corporum
1648 3503 1739 3545 exor-

382 3579 490 3648 naret,
525 3572 596 3635 licet
626 3576 655 3635 in
686 3576 774 3636 modo
808 3576 991 3639 erraverint:
1030 3575 1162 3654 vulgaris
1193 3582 1299 3635 contra
1323 3575 1388 3635 laus
1413 3574 1471 3635 erit
1494 3572 1662 3653 Coperuici,
1688 3569 1738 3652 qni
1777 3598 1781 3604 ·

382 3661 501 3741 iugenio
526 3663 643 3741 quidem
668 3684 738 3725 usus
762 3685 820 3726 non
844 3665 970 3745 vulgari,
995 3664 1228 3744 descriptionem
1243 3670 1344 3723 tamen
1365 3662 1465 3723 mundi
1485 3663 1571 3741 quasi
1586 3662 1738 3723 ocularem

383 3751 466 3825 fecit,
490 3751 586 3813 solum
610 3776 644 3814 το
670 3748 714 3814 ὅτι
737 3754 766 3815 iu
791 3755 884 3815 lucem
909 3754 1051 3825 efferens3
1083 3753 1171 3816 cedet
1196 3753 1283 3830 longe
1314 3751 1465 3812 veteribus
1489 3751 1654 3829 Keplerus,
1688 3747 1739 3828 qni

383 3860 422 3900 ex
457 3841 570 3902 oculari
604 3842 713 3904 intuitu
746 3843 921 3925 systematis
951 3840 1169 3922 Copernicani,
1203 3840 1289 3922 quasi
1318 3836 1349 3901 iu
1379 3861 1433 3900 του
1462 3835 1506 3900 ὁτι
1533 3838 1673 3901 ascendit
1700 3836 1739 3898 ad

384 3948 494 3991 causas
532 3932 653 3992 easdem
687 3932 784 4012 adque
813 3954 848 3994 ro
877 3937 967 4005 διοτι,
1001 3931 1078 4011 quod
1110 3931 1200 3991 Plato
1239 3950 1257 3989 a
1294 3928 1383 4007 priori
1425 3927 1553 4007 desuper
1585 3935 1633 3989 tot
1668 3935 1739 3988 ante

383 4018 495 4080 seculis
518 4019 707 4098 prodiderat3
742 4022 932 4101 ostenditque
957 4020 986 4080 in
1011 4027 1178 4101 systemate
1202 4018 1303 4079 mundi
1327 4016 1535 4096 Copernicauo
1565 4035 1740 4097 expressam

384 4127 454 4170 esse
468 4108 617 4170 rationem
632 4110 759 4191 quinque
776 4129 931 4189 corporum
947 4109 1181 4170 Platonicorum.
1214 4108 1280 4169 Nec
1304 4107 1466 4168 absurdum
1489 4117 1542 4168 aut
1561 4105 1740 4168 invidiosum

336 4256 341 4267 ,
384 4196 442 4258 hoc
462 4205 519 4270 est,
544 4198 611 4259 illos
635 4199 681 4260 bis
704 4200 865 4279 praeferri;
890 4198 1025 4278 postulat
1048 4198 1077 4258 id
1101 4198 1168 4276 ipsa
1193 4197 1235 4257 rei
1258 4205 1376 4257 natura.
1416 4196 1495 4257 Nam
1520 4196 1547 4257 si
1571 4196 1668 4274 major
1692 4200 1741 4255 est

383 4286 483 4368 gloria
506 4287 663 4349 architecti
687 4289 776 4368 hujus
799 4286 913 4362 mundi,
947 4307 1034 4367 quarn
1066 4285 1313 4365 contemplatoris
1342 4284 1442 4345 mundi
1477 4284 1668 4364 quantumvis
1692 4284 1742 4346 in·

383 4373 512 4455 geniosi,
537 4375 607 4454 quia
630 4377 679 4438 ille
704 4376 837 4438 rationes
862 4376 994 4437 fabricae
1019 4395 1113 4436 exse
1138 4376 1204 4455 ipso
1236 4373 1415 4452 depromsit,
1443 4373 1493 4433 hic
1525 4392 1687 4454 expressas
1710 4371 1741 4434 in

384 4463 503 4525 fabrica
521 4466 655 4527 rationes
678 4466 729 4527 vix
753 4486 861 4546 magno
886 4466 989 4526 labore
1014 4464 1166 4544 agnoscit,
1197 4471 1278 4524 certe
1311 4463 1360 4541 qui
1383 4481 1482 4524 rerum
1505 4483 1622 4535 causas,
1649 4467 1740 4522 ante·

385 4572 476 4633 quam
504 4572 552 4615 res
580 4562 688 4633 patent
710 4556 857 4629 sensibus,
888 4554 1059 4633 concipiunt
1087 4552 1220 4631 ingenio,
1251 4551 1271 4611 ii
1302 4549 1460 4612 architecti
1488 4550 1647 4613 similiores
1671 4554 1742 4610 sunt

384 4641 513 4712 ceteris,
551 4643 600 4722 qui
633 4654 704 4723 post
736 4664 798 4705 vem
828 4644 925 4704 visam
959 4644 1095 4721 cogitant
1127 4642 1164 4703 de
1198 4639 1308 4702 causis.
1359 4641 1468 4720 Itaque
1501 4660 1561 4702 non
1592 4635 1741 4700 invidebis

386 4728 527 4794 Galilaee
560 4733 673 4794 nostris
705 4732 947 4795 antecessoribus
971 4751 1056 4792 suam
1080 4730 1127 4791 hic
1152 4729 1287 4797 laudern,
1312 4729 1359 4807 qui
1385 4729 1464 4809 qnod
1487 4726 1657 4809 nuperrime
1681 4725 1741 4788 tuis

385 4818 482 4882 oculis
511 4819 745 4901 deprehendisse
776 4822 837 4896 ais,
872 4821 915 4882 sic
949 4840 1015 4881 esse
1047 4827 1185 4899 oportere
1215 4817 1272 4879 tibi
1299 4824 1386 4878 tanto
1414 4825 1486 4879 ante
1517 4816 1741 4897 praedixerant.

385 4908 453 4970 Tua
467 4907 658 4971 nihilominus
673 4912 770 4991 gloria
785 4912 860 4971 haec
880 4911 945 4983 erit,
972 4910 1050 4989 quod
1065 4918 1098 4970 ut
1114 4906 1306 4986 Copernicus,
1333 4914 1365 4967 et
1387 4925 1426 4968 ex
1449 4925 1484 4967 eo
1509 4924 1575 4985 ego,
1589 4903 1743 4966 veteribus
1777 4959 1780 4963 ,

386 5001 519 5060 errorem
533 4997 563 5059 in
579 5000 666 5061 modo
682 4999 963 5073 demonstravimus,
988 5017 1046 5077 qno
1064 4998 1213 5077 putabant
1228 5012 1373 5073 expressa
1396 5014 1465 5056 esse
1485 4994 1515 5055 in
1530 4994 1638 5055 mundo
1653 4991 1742 5072 quiu-

385 5104 444 5168 qne
459 5105 595 5168 corpora,
620 5088 785 5152 substituto
809 5088 897 5151 modo
920 5086 1048 5168 genuino
1068 5094 1101 5147 et
1119 5083 1287 5159 verissimo,
1312 5083 1355 5147 sic
1378 5092 1413 5147 tu
1435 5082 1512 5146 banc
1526 5080 1625 5146 Brutii
1646 5078 1745 5145 nostri
