4584 6192
956 582 1200 631 xxxvn-xrrn.
1695 580 1760 647 535

403 758 445 820 IP
469 760 537 837 (per
560 751 699 825 Vlll.l.'
723 760 815 838 Atqui
841 759 911 820 LlO
936 760 1069 836 aequalis
1094 767 1142 818 est
1167 757 1223 837 ipsi
1249 758 1337 824 NIH,
1372 758 1441 837 qnia
1465 758 1527 831 AI,
1552 759 1593 819 IP
1617 760 1760 838 aequales

405 857 436 907 et
458 846 532 908 ΗΙΟ
557 848 613 926 ipsi
637 849 693 908 ΛΡ
717 849 888 927 parallelus.
937 848 1097 908 Retractus
1123 848 1214 925 Igitur·
1242 846 1322 906 intra
1350 865 1457 925 eorpus
1487 848 1613 907 densum
1635 845 1761 910 v'eniens

405 938 514 997 incidet
540 938 567 996 in
594 957 730 997 aversam
746 938 809 1015 ejus
834 938 1018 1016 superficiem
1033 935 1110 996 KlG
1130 937 1229 1014 (cujus
1253 936 1506 1014 perpendicularis
1526 957 1580 1017 per
1595 937 1609 996 Ι
1625 946 1672 997 est
1687 938 1759 1010 AL)

405 1024 514 1103 angulo
539 1027 587 1104 qui
613 1027 702 1086 tertia
729 1035 815 1106 parte
844 1027 940 1104 major
969 1035 1016 1085 est
1040 1044 1126 1104 quarn
1152 1023 1234 1085 LlO.
1282 1025 1383 1084 Habet
1411 1024 1503 1103 igitur
1534 1026 1682 1086 refractus
1709 1028 1760 1088 ille

406 1115 486 1175 intra
501 1133 608 1193 cerpus
631 1117 764 1195 crystalli
790 1115 991 1175 inclinationis
1008 1116 1036 1174 iu
1053 1134 1161 1174 aversa
1178 1114 1332 1191 superficie
1351 1121 1456 1192 partes
1472 1122 1610 1193 quatuor.
1647 1115 1763 1177 Exiens

405 1222 476 1263 vere
499 1222 553 1281 per
577 1205 591 1263 Ι
616 1204 643 1262 in
671 1205 794 1263 liberum
818 1211 918 1264 aerem
943 1204 1064 1263 dimidie
1089 1204 1231 1280 majorem
1258 1202 1347 1262 debet
1367 1206 1394 1261 iu
1415 1209 1484 1261 a'ere
1509 1204 1610 1264 sortiri
1634 1202 1761 1265 inclina·

406 1292 531 1365 tionem,
567 1293 636 1370 quia
660 1293 708 1371 qui
733 1313 769 1352 ex
794 1293 844 1352 ille
876 1299 945 1351 a'cre
979 1292 1083 1351 incidit
1108 1293 1134 1350 in
1161 1310 1324 1350 convexum
1357 1291 1533 1363 inclinatuS,
1560 1292 1661 1369 perdit
1684 1294 1764 1354 intra

404 1400 511 1459 corpus
537 1382 657 1441 tertiam
681 1392 797 1459 partem
822 1380 1024 1440 inclinationis
1050 1383 1118 1459 (per
1143 1381 1256 1451 VIII).
1304 1380 1385 1456 Ergo
1416 1380 1577 1440 inclinatus
1600 1381 1652 1441 ille
1677 1390 1762 1443 trans

406 1471 517 1529 lentem
547 1469 574 1529 iu
608 1477 677 1529 aere
709 1470 800 1529 habet
832 1489 887 1528 sex
918 1480 1038 1547 parem,
1073 1470 1205 1547 qualium
1238 1469 1364 1544 angulus
1396 1469 1471 1530 NIIl
1495 1470 1543 1528 vel
1568 1468 1637 1529 LlO
1671 1471 1764 1531 habet

404 1567 509 1636 partes
533 1568 604 1617 tres.
652 1559 767 1638 Duplns
792 1559 883 1636 igitur
907 1568 954 1617 est
978 1559 1104 1637 angulus
1129 1558 1209 1617 illius
1234 1557 1436 1617 inclinationis
1460 1558 1498 1617 ad
1523 1559 1664 1635 angulum
1678 1549 1761 1620 LIO.

405 1647 502 1726 Atqui
526 1647 595 1706 LIP
618 1648 710 1707 etiarn
739 1649 846 1726 duplus
872 1656 919 1706 est
943 1648 980 1706 ad
1006 1647 1090 1721 LlO,
1117 1648 1186 1725 qnia
1210 1645 1297 1720 LlO,
1323 1643 1394 1706 ΟΙΡ
1418 1646 1569 1725 aequales.
1616 1647 1698 1726 Ergo
1722 1647 1763 1709 IP

406 1744 452 1795 est
477 1735 527 1794 ille
552 1735 590 1794 ab
611 1737 654 1795 llI
679 1739 802 1796 veniens
826 1738 984 1809 refractus
1010 1748 1040 1795 et
1060 1737 1106 1796 bis
1131 1737 1249 1814 quidem
1273 1736 1429 1808 refractus,
1455 1737 1546 1796 semel
1572 1735 1600 1795 in
1625 1736 1764 1815 Ingressu

407 1826 420 1884 I
445 1825 569 1883 convexi
593 1824 680 1896 DIM,
707 1826 813 1885 iterum
838 1825 866 1883 in
891 1844 1015 1902 egressu
1040 1826 1052 1885 I
1076 1825 1202 1885 convexi
1227 1822 1313 1883 GlX.
1361 1823 1462 1894 Quare
1482 1825 1507 1884 P
1531 1831 1663 1885 centrum
1689 1845 1763 1886 cen·
1842 1836 1847 1846 ’

407 1914 474 1972 vexi
499 1913 616 1972 obversi
632 1914 704 1975 BDI
728 1925 774 1974 est
799 1915 881 1973 locns
905 1933 1064 1973 concursus
1088 1914 1298 1992 parallelorum
1320 1911 1383 1984 CB,
1401 1913 1548 1985 AD,le
1575 1914 1599 1974 si
1620 1915 1762 1976 convexi-

405 2010 487 2061 tates
514 2003 622 2062 luerint
648 2004 801 2083 aequales.
841 2001 1008 2081 (Corripere
1031 2003 1182 2075 XXXIV,
1207 2002 1342 2076 XXXV,
1362 2002 1563 2074 XXXVIII.)
1600 2004 1765 2065 Memoriae

407 2090 577 2151 causa'sic:
604 2092 725 2153 tribus
750 2092 1040 2151 senridiarnetris
1060 2100 1146 2170 pest
1170 2110 1375 2151 cenvexnrrr
1401 2093 1601 2162 obversum,
1627 2092 1764 2154 duabus

405 2186 494 2257 post
517 2198 703 2252 aversum,
729 2201 797 2242 uua
820 2190 905 2259 pest
929 2190 1131 2259 utrumque.

496 2268 564 2329 XL.
612 2270 793 2330 Porisma.
851 2271 943 2329 Patet
985 2271 1070 2340 binc,
1115 2270 1140 2329 si
1182 2269 1355 2345 inaequales
1399 2268 1508 2329 fuerint
1545 2270 1763 2345 convexitates,
1864 2267 1866 2271 '

406 2366 548 2434 punctum
582 2377 743 2419 concursus
774 2360 835 2419 sere
869 2369 937 2437 pest
970 2359 1082 2418 lentem
1114 2358 1142 2418 in
1177 2358 1341 2431 distantia,
1385 2378 1460 2437 quae
1494 2357 1573 2419 inter
1609 2358 1764 2439 utriusque

407 2447 609 2507 convexitatis
639 2449 877 2509 semidiametros
908 2457 1054 2507 versetur.
1102 2448 1201 2525 Major
1230 2447 1348 2506 seilicet
1375 2446 1600 2507 semidiametro
1630 2448 1762 2523 minoris,

408 2535 480 2612 quia
504 2537 601 2595 altera
625 2538 796 2615 superficies
821 2546 868 2597 est
893 2537 928 2596 de
958 2538 1061 2615 majori
1096 2537 1223 2610 oucule,
1243 2554 1332 2614 ,quae
1363 2536 1388 2595 si
1422 2537 1458 2595 de
1493 2536 1611 2615 aequali
1645 2537 1762 2613 fuisset,

408 2624 623 2686 semidiametri
648 2646 788 2686 mensura
811 2628 840 2687 in
866 2627 921 2685 boc
945 2626 1105 2685 intervallo
1131 2625 1247 2685 fnisset.
1286 2625 1384 2684 Minor
1408 2644 1477 2684 vere
1498 2626 1645 2686 diametro
1665 2626 1763 2688 miuo-

408 2714 463 2786 ris,
500 2714 570 2792 quia
600 2716 772 2791 superlieies
806 2715 928 2775 mineris
957 2735 1014 2775 non
1045 2723 1092 2775 est
1115 2716 1191 2775 sela.
1238 2713 1339 2774 Minor
1372 2713 1498 2792 denique
1542 2715 1763 2776 semidiametro

409 2801 549 2879 majoris,
579 2804 661 2881 quia,
695 2804 721 2863 si
746 2804 911 2882 superficiei
937 2805 1058 2863 mineris
1084 2804 1211 2863 circulus
1236 2802 1371 2882 aequalis
1402 2803 1524 2877 fuisset,
1555 2812 1617 2864 turn
1647 2805 1764 2865 demum

407 2891 624 2951 semidiametri
648 2894 770 2970 majoris
804 2912 943 2953 mensura
976 2893 1003 2952 in
1029 2894 1084 2952 hec
1119 2892 1278 2951 intervallo
1303 2891 1429 2965 fuisset,
1465 2912 1541 2953 nune
1566 2900 1673 2954 auteur
1706 2912 1764 2955 nen

408 2980 546 3058 aequalis
570 2981 624 3042 scd
647 2981 741 3041 minor
766 2992 822 3041 est.

497 3069 580 3129 XLI.
628 3071 853 3148 Propositio.
907 3069 1077 3148 Longinqni
1105 3070 1207 3147 puncti
1240 3070 1275 3127 de
1310 3088 1340 3128 re
1375 3069 1485 3129 visibili
1519 3070 1595 3130 radii
1629 3070 1764 3149 proxime

406 3157 518 3218 lentem
552 3170 747 3232 concurrunt,
787 3159 1005 3237 propinquioris
1040 3159 1141 3237 puncti
1176 3159 1324 3218 radiorum
1358 3178 1520 3219 concursus
1553 3167 1623 3239 post
1651 3160 1764 3221 lentem

404 3254 454 3305 est
478 3247 629 3307 remetior.

495 3335 573 3395 Nam
597 3356 650 3413 per
673 3337 824 3395 XXXIV.
851 3335 985 3395 XXXV.
1015 3335 1201 3396 XXXVIII.
1237 3335 1264 3394 in
1296 3355 1397 3395 earum
1432 3337 1636 3398 schematibus
1667 3338 1765 3400 tribus

404 3434 516 3503 puncto
547 3426 658 3485 Infinite
684 3425 809 3485 distanti
835 3443 995 3484 concursus
1027 3436 1074 3482 est
1098 3426 1131 3495 F,
1158 3425 1180 3484 S
1205 3424 1252 3483 vel
1277 3426 1310 3486 P.
1337 3425 1482 3486 Vicissim
1509 3435 1619 3504 puncto
1644 3428 1765 3489 radiese

405 3514 445 3572 ad
470 3532 532 3573 rem
557 3515 738 3587 accedente,
773 3523 806 3573 ut
831 3533 867 3572 ex
893 3512 1052 3591 longinque
1077 3514 1137 3572 tiat'
1154 3514 1368 3593 propinquum,
1402 3522 1434 3573 et
1456 3515 1605 3576 collocate
1629 3515 1657 3575 in
1681 3518 1716 3590 F,
1742 3514 1765 3576 S

405 3602 454 3661 vel
477 3603 512 3674 P,
538 3622 698 3663 concursus
724 3604 853 3663 excurrit
878 3603 907 3661 in
933 3602 1090 3674 infinitum,
1116 3622 1170 3680 per
1195 3604 1316 3661 easdem
1341 3611 1372 3662 et
1396 3622 1450 3680 per·
1474 3604 1531 3664 III.
1579 3605 1669 3664 Datis
1693 3622 1765 3665 vere

405 3691 552 3751 extremis
578 3693 687 3752 dantur
711 3702 741 3752 et
765 3691 959 3761 intermedia,
985 3699 1017 3749 ut
1040 3702 1150 3768 puncto
1175 3700 1315 3751 versante
1345 3692 1426 3750 ultra
1450 3694 1484 3764 F,
1510 3690 1532 3752 S
1556 3693 1604 3752 vel
1628 3693 1662 3765 P,
1689 3711 1764 3752 cen-

406 3798 512 3839 cnrsus
542 3781 690 3840 radiorum
717 3784 768 3840 b'at
793 3781 871 3840 iutra
895 3780 1053 3852 infinitum,
1090 3780 1266 3859 longinquus
1299 3788 1398 3839 tamen
1424 3779 1464 3839 sit
1488 3781 1665 3859 quantisper
1688 3781 1764 3842 visi-

405 3868 465 3928 bile
490 3870 577 3928 valde
603 3871 813 3948 propinquum,
839 3878 870 3928 et
893 3868 1024 3928 vicissim
1049 3868 1158 3928 visibili
1183 3870 1211 3928 in
1233 3868 1425 3946 longinquum
1449 3878 1576 3929 exeunte
1601 3889 1764 3931 concursus

405 3956 481 4035 ipsis
496 3959 530 4029 F,
556 3956 578 4018 S
594 3959 641 4018 vel
657 3961 681 4018 P
696 3958 890 4036 propinquet:
918 3966 948 4016 et
970 3957 1096 4034 denique
1113 3958 1329 4028 (XXXVIII.)
1353 3958 1378 4017 si
1403 3958 1549 4036 utrimque
1574 3977 1709 4019 convexa
1724 3959 1766 4021 stt

406 4046 482 4117 lens,
508 4056 617 4124 puncto
633 4048 752 4107 radiose
768 4047 906 4107 diametri
927 4045 1086 4105 intervallo
1111 4048 1237 4106 absente
1258 4069 1275 4106 a
1298 4047 1387 4120 lente,
1414 4066 1574 4109 concursus
1589 4046 1681 4109 etiam
1696 4047 1764 4111 dia-

405 4142 502 4195 metre
526 4136 615 4208 absit,
641 4137 733 4197 radiis
758 4136 786 4195 in
812 4137 891 4196 lente
914 4134 1070 4212 parallelis
1094 4136 1303 4197 existentibus.

852 4278 986 4338 Lentis
1011 4276 1155 4340 effecta
1178 4297 1244 4360 per
1268 4297 1316 4337 se.

497 4400 599 4461 XLII.
646 4401 844 4480 Definitio.
893 4399 968 4463 Corn
993 4403 1145 4481 quaelibet
1175 4403 1238 4462 lens
1263 4420 1398 4461 convexa
1429 4409 1518 4480 cogat
1552 4404 1653 4465 radies
1677 4404 1765 4466 unies

407 4489 536 4550 lucentis
560 4491 663 4568 puncti
687 4491 725 4550 ad
749 4510 839 4552 unum
864 4500 978 4551 certum
1011 4500 1174 4570 puncturn;
1209 4490 1237 4549 id
1271 4507 1342 4550 vere
1378 4490 1494 4569 longius
1526 4501 1597 4570 pest
1629 4500 1763 4554 centrum

407 4578 510 4650 abeat,
535 4579 561 4638 si
586 4580 687 4640 lucens
712 4581 907 4659 propinquum
933 4586 993 4654 est,
1024 4600 1112 4659 quam
1136 4581 1163 4640 si
1187 4578 1383 4657 leugInquum¹
1407 4582 1476 4659 (per
1503 4580 1612 4654 XLI):
1645 4581 1763 4661 quoties

408 4666 500 4744 igitur
526 4687 686 4729 concursus
709 4678 851 4747 punctum
877 4667 1047 4729 nominatur
1070 4668 1255 4747 simpliciter,
1279 4667 1352 4727 nihil
1377 4668 1489 4738 addite,
1514 4669 1702 4748 intelligatur
1725 4670 1762 4731 de

407 4775 444 4816 ee
469 4765 600 4835 puncto,
635 4758 673 4818 ad
697 4758 776 4838 qued
800 4765 947 4836 eoguntur
970 4765 1001 4818 et
1031 4764 1212 4820 concurrunt
1244 4755 1429 4819 radiationes
1460 4758 1564 4838 puncti
1583 4757 1760 4838 'lengInqui

406 4844 527 4906 seilicet
548 4847 722 4924 parallelae.

498 4933 617 4996 XLIII.
655 4935 863 4996 Problema.
903 4933 1001 5012 Super
1017 4934 1086 4996 albe
1105 4935 1220 5012 pariete
1234 4933 1359 5013 pingere
1374 4934 1505 4996 visibilia
1519 4933 1599 4997 lente
1615 4955 1760 5000 convexa.

497 5024 533 5084 In
557 5042 678 5084 camera
700 5024 830 5085 obscura
854 5023 918 5083 lens
943 5040 1079 5084 convexa
1102 5022 1243 5084 obsideat
1265 5023 1383 5084 unicam
1408 5024 1607 5086 fenestellam.
1659 5025 1763 5109 Papy-

406 5129 460 5174 rus
484 5111 523 5173 ad
556 5120 700 5191 punctum
731 5129 893 5175 concursus
927 5111 1104 5191 applleetnr.
1150 5112 1230 5174 Nem
1262 5119 1406 5192 punctum
1437 5114 1481 5176 rei
1511 5112 1641 5177 visibilis
1672 5131 1763 5196 super
