4584 6192
1010 524 1092 614 dapus
1109 551 1154 601 lv.
1174 552 1199 601 8.
1718 557 1783 623 213

425 731 543 786 stanter
564 725 714 798 affirmat,
743 725 873 788 minores
897 729 1093 790 communiter
1121 748 1265 807 apparere
1295 730 1426 792 siderum
1450 733 1660 811 retractiones,
1693 755 1781 816 qnam

426 822 495 876 sunt
527 812 615 888 illae,
652 835 728 893 quas
761 815 864 896 Tyelro
895 816 995 877 Brahe
1028 817 1057 878 in
1088 817 1189 879 Dania
1222 819 1395 881 observavit
1426 820 1476 882 fol.
1502 819 1553 883 29.
1589 832 1620 884 et
1649 822 1702 887 85.
1727 821 1781 889 86.

424 902 588 982 Epistolar.
615 903 883 966 astronomicarum
905 905 1075 985 Tycbonis:
1101 907 1306 986 permovitque
1330 908 1511 989 Tyehonem,
1538 919 1570 971 ut
1595 912 1783 975 existimaret

425 990 671 1054 meridionalibus
695 993 769 1053 locis
792 994 882 1055 minui
907 994 1123 1057 retractiones:
1154 997 1231 1075 quod
1256 998 1291 1057 de
1316 997 1431 1058 Hassia
1454 999 1571 1077 quidem
1596 1018 1698 1064 verum
1723 1009 1781 1076 est,

424 1089 457 1143 at
478 1099 537 1142 non
561 1090 711 1160 quatenus
734 1081 764 1142 in
789 1083 942 1144 meridiem
967 1084 1067 1162 vergit
1090 1085 1238 1158 aDania,
1262 1085 1316 1145 sed
1340 1094 1488 1166 quatenns
1513 1109 1531 1147 a
1550 1096 1653 1150 centro
1669 1091 1781 1152 Terrae

425 1177 472 1232 est
503 1168 653 1231 elevatior
686 1176 718 1232 et
749 1172 914 1249 superficiei
952 1173 1032 1234 adria
1069 1174 1199 1252 propior.
1255 1173 1334 1233 Vide
1365 1175 1487 1236 Tommn
1518 1177 1541 1237 Ι.
1576 1177 1781 1256 Epistolamm

424 1257 574 1340 Tycbonis
597 1258 713 1328 Brahe,
744 1259 795 1319 fol.
822 1257 873 1323 63.
900 1257 951 1323 64.
977 1260 1030 1324 85.
1061 1260 1130 1323 112.
1162 1261 1210 1322 uhi
1235 1262 1336 1343 Tycho
1359 1262 1544 1325 Rotlrmanni
1575 1276 1781 1345 argumentum

425 1347 567 1408 refellens
590 1356 800 1426 argumentum
825 1369 922 1412 meum
946 1352 1111 1412 confirmat.
1150 1350 1297 1429 Equidem
1322 1353 1399 1429 quod
1425 1351 1595 1431 frigidiores
1615 1354 1644 1415 in
1661 1355 1779 1417 Vinde-

424 1435 488 1498 licis
512 1436 636 1517 hyemes
660 1445 803 1516 expertns
827 1446 876 1499 est
899 1440 991 1519 (quod
1014 1441 1205 1519 postmodum
1230 1441 1266 1500 de
1290 1440 1437 1501 Bohemia
1465 1460 1580 1521 quoque
1604 1444 1780 1518 affirmavit)

424 1526 512 1604 plane
537 1524 594 1586 hoc
618 1526 732 1604 arguit,
763 1526 905 1588 minorem
933 1548 1001 1589 esse
1025 1528 1054 1589 in
1084 1527 1233 1590 montanis
1265 1529 1344 1590 aeris
1375 1529 1610 1606 profunditatem
1638 1550 1726 1611 quam
1751 1534 1780 1594 in

424 1613 571 1674 litoribus.
628 1614 679 1675 Ad
712 1616 816 1676 oceani
848 1617 966 1695 quidem
1001 1617 1090 1679 litora
1121 1637 1244 1678 causam
1277 1619 1406 1678 afferunt
1439 1617 1549 1691 aliam,
1584 1619 1655 1680 cieri
1689 1622 1781 1682 flatus

372 1779 377 1788 Ι
424 1700 539 1764 calidos
564 1722 584 1762 a
613 1702 796 1783 quotidianis
830 1705 964 1767 aestibus
999 1707 1105 1780 maris,
1140 1706 1189 1785 qui
1225 1705 1316 1767 litora
1348 1707 1502 1783 operiant,
1537 1715 1571 1768 ut
1598 1727 1666 1769 raro
1696 1710 1780 1771 nives

424 1790 596 1871 perdurent.
643 1793 678 1852 ln
701 1792 784 1853 Balti
808 1811 879 1854 vero
909 1794 983 1855 nulli
1007 1803 1078 1855 sunt
1100 1804 1204 1856 aestus
1233 1804 1286 1856 aut
1313 1795 1467 1872 perexigui
1495 1802 1616 1875 statque
1646 1816 1739 1859 cansa
1761 1817 1781 1860 a

425 1899 470 1942 me
503 1879 637 1940 adducta
667 1879 842 1957 incolumis,
876 1902 933 1943 non
963 1902 1000 1942 ea
1032 1884 1151 1962 quidem
1185 1901 1274 1962 qnam
1302 1883 1512 1945 Rothmannus
1552 1886 1657 1959 affert,
1698 1886 1780 1965 'qnod

423 1967 557 2030 crassior
580 1968 622 2029 sit
645 1976 698 2030 adr
720 1970 749 2029 in
769 1971 868 2032 Dania
887 1972 924 2032 ob
948 1972 1166 2033 sublimitatem
1185 1973 1245 2050 poli
1269 1973 1387 2033 tantulo
1412 1972 1596 2035 auctiorem:
1622 1973 1675 2034 sed
1695 1975 1780 2047 haec,

423 2057 502 2137 qnod
525 2057 702 2136 profundior
725 2058 766 2118 sit
790 2066 842 2120 aer
865 2061 894 2120 in
924 2060 974 2121 illo
1004 2080 1132 2138 aequore
1159 2062 1187 2122 in
1218 2062 1295 2139 quod
1322 2061 1461 2139 Visurgis
1495 2061 1654 2122 edunditur
1687 2062 1779 2134 (idem

424 2146 503 2207 enim
528 2153 577 2206 est
601 2146 702 2226 utique
726 2166 837 2226 aequor
861 2149 965 2210 oceani
989 2149 1068 2210 illius
1092 2157 1123 2209 et
1141 2149 1251 2222 Baltis,
1277 2148 1488 2210 confluentium
1511 2149 1540 2209 in
1566 2151 1642 2211 freto
1667 2150 1780 2224 vicino)

425 2254 513 2316 quam
538 2235 569 2296 in
594 2235 727 2314 fastigio,
753 2237 830 2297 unde
854 2238 961 2298 fluvius
985 2238 1034 2298 ille
1060 2238 1215 2299 euoritur.¹
1249 2237 1372 2299 lnterim
1395 2257 1452 2298 non
1483 2254 1572 2313 nego,
1602 2240 1780 2301 crassiorem

425 2324 519 2385 etiam
542 2342 611 2385 esse
634 2341 741 2402 posse,
765 2326 819 2385 sed
843 2326 871 2386 in
896 2345 1011 2387 summo
1035 2327 1250 2405 septentrione.
1291 2326 1407 2387 Eodem
1432 2325 1503 2387 folio
1529 2324 1601 2388 112.
1627 2327 1781 2390 existimat

422 2412 526 2493 Tycha
560 2411 655 2473 etiam
688 2413 718 2473 in
753 2414 887 2492 ejusdem
919 2414 1084 2477 horizontis
1119 2415 1246 2476 diversis
1279 2414 1377 2494 plagis
1409 2414 1446 2475 eb
1483 2415 1620 2476 diversos
1652 2434 1780 2495 vapores

422 2501 547 2563 alterari
570 2519 662 2579 posse
692 2503 908 2564 refractiores:
941 2504 1033 2565 multo
1058 2503 1150 2582 igitur
1173 2503 1271 2582 magis
1294 2503 1323 2563 in
1348 2502 1475 2563 diversis
1504 2503 1588 2565 locis.
1635 2504 1780 2566 Vicissim

422 2589 553 2652 Hasaiac
573 2590 786 2667 Landgravius
811 2591 878 2665 (fol.
900 2590 953 2654 22.
978 2592 1184 2671 Epistolarum
1198 2590 1364 2673 Tycbonis)
1389 2592 1527 2663 affirmat,
1552 2612 1571 2652 a
1594 2611 1627 2652 se
1651 2594 1780 2673 quadam

422 2686 510 2740 nocte
544 2678 683 2758 diligenti
715 2680 927 2742 observatione
960 2681 1178 2760 deprehensam
1216 2682 1338 2743 stellam
1368 2680 1498 2741 Veneris
1537 2680 1656 2743 circiter
1688 2681 1780 2744 horas

422 2768 622 2847 quadrantem
645 2768 793 2830 horizonti
816 2769 972 2833 inhaerere
997 2770 1216 2844 stationariam,
1242 2769 1328 2849 quasi
1347 2776 1430 2830 motu
1452 2767 1541 2847 primi
1563 2768 1683 2831 mobilis
1706 2768 1781 2831 nihil

422 2865 595 2936 raperetur,
629 2876 697 2918 eum
720 2857 836 2919 duobus
865 2858 992 2938 amplius
1025 2860 1169 2937 gradibus
1194 2859 1260 2938 jam
1284 2866 1368 2918 esset
1396 2857 1554 2931 demersa;
1586 2864 1658 2936 post
1681 2856 1780 2919 subito

422 2964 613 3007 evanescere.
654 2945 691 3006 Id
715 2945 867 3008 insolitum
891 2948 1095 3026 spectaculum
1115 2966 1174 3008 nen
1199 2947 1317 3008 aliunde
1342 2946 1454 3019 extitit,
1479 2964 1566 3025 qnam
1583 2964 1620 3005 ex
1638 2953 1780 3026 surgente

421 3034 572 3113 paulatim
595 3052 700 3095 crasso
725 3053 836 3114 vapore
859 3035 1023 3115 statimque
1048 3035 1077 3096 in
1101 3036 1181 3098 aeris
1205 3054 1317 3115 aequor
1339 3053 1456 3095 rursum
1480 3034 1597 3095 diffuso.

511 3122 580 3185 Non
605 3121 752 3184 dissimile
785 3125 1021 3203 experimentum
1052 3124 1146 3186 tradit
1174 3126 1208 3186 M
1216 3124 1402 3186 aestlinus
1433 3129 1613 3202 praeceptor
1642 3140 1726 3183 meua
1749 3122 1779 3184 in

422 3211 572 3274 Thesibus
593 3210 630 3271 de
649 3211 831 3290 Eclipsibns‚
857 3232 932 3293 quas
953 3230 1031 3275 anno
1046 3209 1099 3276 96.
1125 3213 1230 3285 edidit,
1254 3214 1338 3293 cujus
1361 3211 1455 3272 verba
1474 3210 1516 3272 th.
1533 3208 1584 3274 55.
1605 3211 1680 3272 haec
1700 3217 1779 3271 sunt.

509 3316 592 3366 Anno
623 3310 699 3365 1590
728 3311 771 3365 die
798 3312 824 3366 7.
846 3312 926 3377 Julii,
953 3330 1002 3366 nos
1030 3312 1075 3365 hic
1096 3314 1257 3384 Tuhingae,
1284 3311 1356 3367 Solis
1382 3318 1477 3366 centro
1503 3327 1590 3381 supra
1608 3310 1780 3366 horizontem

420 3397 591 3463 emergente,
614 3389 728 3444 vidimus
749 3393 857 3446 Lunam
878 3394 913 3446 ab
935 3399 1031 3446 austro
1055 3393 1163 3462 aliquot
1183 3394 1277 3464 digitis
1294 3390 1355 3460 jam
1377 3392 1560 3456 deficientem,
1582 3393 1687 3446 dnobus
1708 3408 1780 3483 pena

420 3473 555 3544 gradibus
576 3470 734 3525 elevatam:
763 3479 792 3525 et
812 3481 916 3537 contra,
938 3475 1034 3526 Lunae
1056 3480 1152 3527 centro
1173 3475 1224 3527 snb
1250 3488 1377 3526 occasum
1405 3473 1596 3535 descendente,
1625 3477 1781 3525 notavimus

421 3552 493 3607 Solis
513 3567 601 3622 snpra
621 3557 711 3606 ertum
732 3554 845 3607 duorum
866 3554 1001 3623 graduum
1028 3551 1210 3608 altitudinem.
1253 3552 1359 3606 Occidit
1385 3559 1479 3607 antem
1498 3553 1580 3606 Luna
1599 3550 1675 3621 prius
1697 3565 1779 3622 quarn

421 3634 458 3687 ad
478 3632 628 3687 maximam
649 3632 870 3686 obscurationem
892 3636 1050 3686 devenerat.

510 3710 561 3771 Ex
593 3709 641 3770 his
674 3710 844 3789 colligitur,
876 3711 1088 3772 refractionem
1122 3709 1187 3787 ejus
1220 3708 1278 3769 diei
1312 3708 1530 3771 horizontalem
1563 3708 1658 3770 fuisse
1687 3706 1781 3767 multo

423 3800 571 3880 majorem
590 3798 706 3859 duobos
725 3799 878 3877 gradibus,
898 3818 1022 3877 quorum
1046 3798 1198 3859 dimidium
1214 3796 1288 3871 Soli,
1313 3797 1458 3877 reliquum
1475 3798 1580 3858 Lunae
1605 3795 1779 3857 debebatur.

423 3887 545 3950 Etenim
569 3885 652 3949 Solis
677 3894 783 3949 centro
806 3887 920 3950 oriente
944 3886 1160 3960 conveniebat,
1186 3892 1219 3946 ut
1243 3885 1364 3947 umbrae
1388 3893 1523 3947 centrum
1550 3883 1715 3955 occideret,
1744 3899 1781 3943 ac

616 4041 744 4052 .—

422 4143 526 4191 earnm,
549 4143 622 4197 quae
643 4125 810 4197 contingunt
828 4126 857 4180 in
878 4126 974 4198 aliqua
995 4125 1113 4179 siderum
1134 4124 1297 4190 altitudine,
1320 4123 1444 4196 sequitur
1464 4121 1571 4194 quidem
1592 4120 1677 4176 etiam
1696 4117 1781 4175 immi·

422 4208 500 4272 natio
521 4207 620 4262 totalis
639 4206 821 4270 refractionis,
844 4207 904 4275 ejus
918 4223 1026 4275 nempe,
1048 4206 1167 4275 quaesit
1185 4205 1214 4259 in
1232 4205 1310 4260 radio
1331 4207 1479 4275 sphaeram
1497 4202 1570 4257 adria
1592 4200 1780 4272 contingente.

422 4287 531 4343 Deinde
552 4303 620 4340 vero
634 4285 662 4340 in
676 4287 773 4339 eadem
787 4286 838 4339 illa
858 4286 973 4359 regione
988 4293 1017 4339 et
1038 4291 1171 4354 tempore,
1192 4284 1372 4339 horizontalis
1393 4282 1567 4337 nihilominus
1581 4280 1670 4351 major
1688 4284 1784 4352 potest

422 4382 580 4437 appetem
605 4370 758 4435 propterea
779 4368 851 4437 quod
878 4368 913 4421 ob
935 4365 1109 4421 altitudinem
1129 4364 1252 4435 regionis
1273 4366 1436 4420 observator
1463 4369 1606 4416 extremae
1628 4357 1783 4430 superficiei

423 4446 499 4502 aeris
520 4451 567 4500 est
586 4444 708 4509 vicinior,
731 4445 885 4516 fruaturque
906 4446 983 4501 radio
1004 4444 1183 4515 contingente
1205 4444 1278 4499 aeris
1307 4445 1454 4514 sphaeram
1478 4441 1625 4511 plurimum
1644 4440 1782 4501 refracto;

423 4526 473 4598 qui
491 4527 579 4598 longa
599 4540 686 4594 supra
705 4531 791 4593 caput
812 4524 897 4595 ipsius
926 4525 1025 4581 fuisset
1046 4524 1229 4588 transiturus,
1252 4524 1275 4577 si
1296 4526 1458 4578 observator
1479 4520 1617 4575 humiliori
1637 4520 1697 4573 loco
1719 4534 1782 4571 con·

424 4603 554 4670 atih’ssot.
596 4605 659 4660 Non
680 4604 752 4659 enim
772 4604 873 4675 ubique
900 4608 1036 4669 locorum,
1063 4610 1169 4674 quanta
1196 4603 1334 4675 contingit
1358 4602 1480 4660 maxima
1499 4598 1645 4662 retractio,
1675 4603 1783 4651 tantam

424 4691 458 4740 et
475 4685 565 4742 habet
584 4684 634 4741 sol
654 4687 826 4749 occumbens,
849 4692 881 4738 ut
901 4685 1051 4756 diligenter
1071 4683 1215 4737 inculcavi.

515 4765 555 4820 Et
574 4781 626 4835 per
646 4780 677 4818 aa
696 4768 793 4834 patet,
825 4765 992 4835 quantitatis
1013 4764 1123 4817 minoris
1155 4762 1277 4832 aliquam
1297 4779 1359 4816 ease
1389 4767 1509 4830 partem,
1539 4757 1591 4811 teti
1616 4754 1783 4818 viciniorem,

425 4859 500 4917 quae
518 4843 609 4915 major
628 4859 691 4898 esse
710 4842 801 4914 possit
817 4851 899 4913 parte
920 4845 1016 4914 ahqua
1036 4843 1201 4914 quantitatis
1223 4841 1343 4911 majoris,
1365 4841 1427 4910 plus
1446 4856 1464 4893 a
1478 4845 1538 4893 toto
1559 4853 1608 4891 suo
1631 4834 1783 4889 deficiente.

426 4925 523 4988 Quare
542 4923 598 4980 etei
617 4922 717 4979 totalis
736 4922 868 4978 refractis
882 4924 953 4979 radii
973 4923 1159 4995 contingentis
1174 4922 1262 4976 minor
1283 4921 1429 4991 aliqnando
1443 4918 1481 4972 sit
1497 4918 1525 4971 in
1546 4934 1601 4970 uno
1622 4916 1682 4969 loco
1704 4927 1785 4984 quam

425 5005 459 5059 in
477 5003 551 5070 alio,
579 5002 670 5075 maior
698 5007 792 5061 tamon
812 5019 875 5059 esse
903 5011 999 5076 potest
1023 5019 1089 5074 para
1110 5003 1186 5073 ejus,
1216 5018 1299 5073 qnam
1317 5002 1406 5055 habet
1426 4999 1475 5054 Sol
1502 4997 1673 5061 occumbens,
1703 4996 1785 5065 parte

426 5083 550 5142 alffius.
564 5084 629 5142 lod.
