4584 6192
573 629 616 698 82
989 628 1090 678 Literac
1108 626 1211 690 Keplerl
1230 627 1381 691 aliorumque
1399 633 1500 676 mutuae

574 816 693 868 utamur
722 804 797 865 liunt
823 798 931 864 11133‘
955 799 1030 874 22⁴2
1056 799 1175 860 duratio
1199 794 1287 861 3116‘
1307 794 1382 872 44¹¹,
1407 798 1456 859 ubi
1482 816 1537 877 ego
1561 800 1647 878 posui
1675 794 1784 861 1h3t‘
1808 793 1874 860 49⁴¹
1899 799 1928 858 ui

574 895 662 957 fallor
694 901 727 953 et
755 892 943 953 durationem
975 886 1012 952 3¹¹
1040 884 1081 952 9⁴.
1137 885 1280 966 Sequitur
1317 887 1378 947 alia
1410 885 1563 961 confusio,
1607 888 1686 967 quod
1719 888 1794 950 haec
1830 887 1929 947 scribo

573 981 736 1044 destitutus
765 987 797 1040 et
829 978 992 1057 exemplari
1025 985 1055 1037 et
1086 974 1146 1036 tuis
1179 975 1290 1048 literis,
1326 976 1364 1035 ad
1393 995 1467 1054 quas
1492 984 1558 1036 eunt
1591 976 1839 1055 respondendum.
1888 973 1930 1035 Et

573 1088 690 1133 rursum
709 1069 783 1130 haec
801 1068 894 1128 multo
910 1063 1143 1137 absurdissima,
1169 1064 1247 1143 quod
1270 1074 1445 1142 conceptum
1461 1064 1614 1125 literarum
1634 1066 1672 1127 ad
1688 1063 1930 1134 Serenissimum,

573 1158 616 1221 uti
642 1158 716 1220 illud
740 1157 931 1218 decreveram
951 1154 1133 1224 describere,
1159 1171 1197 1211 ex
1220 1152 1325 1213 eadem
1347 1152 1385 1213 D.
1408 1152 1584 1232 Vihepeckii
1610 1154 1804 1216 festinatione
1824 1151 1930 1232 reliqui

571 1248 601 1309 in
624 1245 806 1325 exemplario
831 1243 929 1305 soluto
961 1252 993 1303 et
1024 1241 1195 1319 constipato
1227 1260 1280 1301 seu
1319 1240 1477 1315 malleato,
1516 1241 1616 1321 itaque
1647 1262 1713 1304 cum
1746 1242 1812 1322 ejus
1843 1241 1932 1321 copia

571 1354 702 1410 caream,
726 1351 818 1413 cogor
842 1332 923 1412 prius
947 1350 985 1392 ex
1008 1330 1052 1390 M.
1077 1329 1112 1389 Τ.
1139 1328 1269 1398 discere,
1298 1349 1336 1389 au
1361 1328 1432 1390 talis
1460 1329 1584 1409 scriptio
1608 1331 1650 1391 sit
1680 1332 1779 1393 lutura
1803 1340 1932 1410 accepta

571 1432 605 1486 et
625 1423 774 1495 honesta;
798 1421 854 1483 nisi
879 1426 1037 1499 pernoctet
1058 1417 1097 1478 D.
1123 1417 1279 1496 Vibepeck
1304 1416 1427 1497 ejusque
1456 1417 1558 1479 lamuli
1583 1419 1652 1480 mihi
1676 1439 1753 1480 vasa
1777 1420 1934 1481 resolvant

572 1512 750 1591 copiamque
775 1509 899 1571 faciant.

659 1597 822 1678 Negotium
844 1605 944 1658 autem
967 1593 1172 1666 domesticum,
1196 1593 1274 1672 quod
1294 1593 1365 1654 mihi
1384 1594 1501 1672 peperit
1522 1594 1577 1655 has
1598 1594 1788 1659 conhrsiones
1810 1596 1932 1670 (dicen-

572 1687 643 1751 dum
663 1686 749 1761 enim,
775 1694 809 1748 ut
830 1685 947 1747 abunde
967 1684 1022 1745 sim
1048 1683 1236 1755 excusatus),
1261 1679 1351 1760 plane
1374 1681 1562 1774 negotiosum
1581 1692 1637 1757 est,
1653 1692 1757 1763 utpote
1777 1684 1934 1747 muliebre.

573 1774 654 1848 Quid
687 1773 767 1836 enim
801 1773 954 1835 turbarum
982 1770 1020 1834 15
1045 1772 1092 1832 vel
1120 1767 1159 1832 16
1191 1770 1330 1831 mulieres
1354 1770 1391 1830 ad
1424 1789 1521 1831 meam
1554 1791 1731 1851 puerperam
1763 1774 1933 1843 vocandae.

572 1864 709 1927 convivio
731 1861 936 1941 excipiendae,
963 1859 1156 1921 deducendae
1172 1860 1236 1931 tic,
1258 1858 1327 1936 quid
1347 1858 1533 1937 negotiorum
1549 1880 1606 1922 non
1627 1861 1809 1924 exhibeant?
1831 1861 1935 1924 Natus

576 1953 654 2015 enim
678 1951 750 2013 mihi
774 1950 851 2011 filius
876 1946 906 2011 3.
931 1946 1116 2020 Decembris,
1141 1946 1313 2024 baptisatus
1338 1947 1453 2009 nudius.

660 2041 693 2101 Iu
717 2057 863 2120 praesens
882 2037 975 2116 igitur·
996 2035 1035 2096 D.
1059 2034 1217 2114 Vihepeck
1240 2035 1300 2096 tria
1323 2036 1412 2096 affert
1436 2035 1630 2114 exemplaria,
1655 2057 1743 2099 uuum
1763 2057 1817 2118 pro
1837 2036 1934 2101 Sere-

576 2128 710 2203 nissimo,
736 2134 832 2190 totum
853 2126 970 2187 album:
991 2124 1033 2185 sic
1051 2124 1129 2184 enim
1152 2132 1183 2181 et
1203 2141 1256 2201 pro
1278 2121 1431 2185 Caesarea
1446 2124 1610 2201 Majestate
1630 2126 1773 2187 adornavi
1784 2145 1793 2198 ;
1817 2126 1936 2208 reliqua

579 2219 637 2280 duo
670 2217 781 2289 soluta,
815 2233 937 2295 quorum
970 2212 1148 2273 electionem
1171 2212 1214 2273 M.
1240 2211 1275 2271 T.
1309 2212 1450 2274 concedo.
1498 2211 1551 2273 Sin
1581 2220 1682 2275 autem
1711 2215 1751 2275 D.
1775 2215 1935 2295 Vihepeck

573 2307 697 2386 patitur,
722 2312 878 2383 utrumque
896 2310 962 2363 esto
982 2301 1024 2362 M.
1045 2301 1138 2361 Tuae.
1164 2299 1274 2380 Majori
1294 2301 1397 2374 forma,
1420 2302 1508 2380 quale
1526 2309 1575 2362 est
1594 2300 1795 2376 Serenissimi,
1815 2310 1935 2365 tantum

578 2393 597 2456 ’1
624 2393 730 2465 habui,
758 2392 823 2470 jam
846 2391 1011 2464 distracta,
1045 2388 1111 2449 misi
1137 2388 1217 2449 enim
1240 2397 1272 2448 ct
1295 2389 1332 2449 ad
1356 2389 1553 2458 Archiduces,
1586 2409 1652 2451 cum
1683 2401 1766 2453 esset
1789 2391 1827 2453 de
1855 2410 1938 2454 nova

510 2549 517 2569 .
575 2482 667 2544 stella
691 2479 890 2542 scribendum.

663 2568 777 2632 Addidi
802 2576 833 2628 et
857 2564 876 2629 3
901 2566 1039 2644 exempla
1069 2564 1234 2626 discursus.
1253 2564 1309 2625 mei
1333 2565 1370 2626 de
1404 2584 1481 2626 nova
1510 2567 1610 2628 stella.
1658 2567 1704 2629 De
1728 2577 1830 2630 cetero
1856 2568 1937 2631 sciat

576 2657 620 2720 M.
645 2658 698 2731 T.‚
731 2655 850 2719 turbam
884 2655 1036 2734 ingentem
1071 2653 1234 2732 ingentium
1267 2653 1433 2731 gratiarum
1453 2654 1518 2733 jam
1549 2656 1663 2733 pridem
1697 2664 1843 2735 angustae
1877 2658 1938 2718 mei

576 2745 711 2827 pectoris
735 2744 874 2806 obsidere
897 2750 1013 2822 portas,
1038 2748 1183 2821 tantaque
1213 2741 1435 2821 compressione
1464 2745 1648 2822 eruptionem
1673 2744 1787 2819 moliri,
1813 2754 1847 2807 ut
1871 2746 1940 2826 ipsa

579 2833 667 2924 copia
690 2833 848 2895 claudatur
872 2831 990 2892 exitus:
1016 2829 1142 2910 gratias,
1168 2829 1299 2910 iuquam,
1325 2830 1410 2911 cupio
1426 2830 1469 2891 M.
1487 2831 1520 2892 T.
1544 2850 1644 2912 agere,
1670 2833 1749 2913 quod
1772 2834 1939 2896 etiamnum

578 2923 668 2985 durat
700 2919 966 2984 commendationis
999 2939 1018 2979 a
1049 2918 1091 2979 M.
1125 2918 1159 2979 T.
1193 2920 1335 2980 obtentae
1373 2921 1497 2981 effectus
1528 2929 1560 2982 et
1588 2921 1618 2982 in
1651 2922 1815 2984 utilitatem
1847 2924 1939 3002 plane

578 3010 750 3073 evidentem
772 3009 881 3077 evasit,
906 3009 975 3069 dum
995 3025 1061 3067 eam
1085 3006 1253 3084 opinionem
1278 3007 1450 3069 conciliarit
1474 3008 1612 3089 operibus
1632 3010 1716 3082 meis,
1742 3019 1774 3072 ut
1794 3029 1938 3073 remune-

579 3098 697 3161 ratione
721 3099 813 3178 digna
837 3104 1025 3158 censeantur.
1072 3094 1187 3155 Mentio
1211 3096 1339 3156 nominis
1364 3096 1419 3156 Tui
1445 3095 1520 3176 Cap.
1543 3095 1572 3160 8.
1598 3117 1673 3177 pene
1698 3099 1830 3161 excidit:
1862 3119 1939 3179 sup·

577 3188 674 3269 pressi
697 3197 808 3260 tamen,
833 3186 903 3264 quia
927 3192 993 3246 erat
1016 3190 1122 3244 contra
1151 3183 1339 3244 scribendum
1363 3193 1395 3244 et
1417 3186 1487 3265 quia
1511 3205 1567 3247 nou
1593 3186 1728 3266 quamvis
1752 3188 1939 3251 mentionem

579 3278 608 3337 in
634 3276 739 3355 quovis
764 3275 830 3336 loco
854 3283 883 3334 te
909 3290 1003 3352 aequo
1028 3272 1126 3331 animo
1152 3273 1228 3333 l'erre
1254 3271 1402 3334 existimo.

666 3363 746 3424 Vale
770 3362 931 3440 Magnifice
957 3361 1012 3421 Vir
1036 3378 1141 3440 meque
1165 3379 1253 3439 porro
1278 3361 1519 3422 commendatum
1543 3362 1596 3422 tibi
1623 3363 1745 3427 habeas.

667 3453 785 3532 Pragae
820 3446 866 3511 10.
890 3449 964 3511 Dec.
1000 3444 1093 3509 1601.
1141 3449 1220 3510 Nob.
1251 3449 1294 3509 M.
1325 3449 1359 3510 T.
1392 3449 1561 3511 olliciosiss.
1592 3460 1624 3511 et
1652 3453 1939 3515 observantissimus

1560 3556 1702 3620 Ioannes
1723 3558 1895 3642 Keplerree.

669 3713 717 3764 Die
746 3711 787 3761 22.
815 3713 873 3763 dan.
903 3709 970 3761 1605
1000 3721 1129 3776 acceptum
1159 3713 1233 3760 refert
1260 3711 1444 3760 Herwartus
1471 3712 1575 3762 librum:
1604 3715 1691 3764 dassen
1710 3715 1847 3768 Schrelbeu
1874 3727 1942 3769 samt

492 3830 499 3842 ,
581 3784 653 3836 Βιιι1ι
672 3784 721 3834 hah
738 3784 778 3833 ich
797 3784 954 3848 empfangcm
975 3784 1065 3834 derant
1080 3784 1162 3833 seiner
1174 3782 1263 3831 h'hrstl.
1277 3782 1377 3830 Durchl.
1397 3782 1441 3830 das
1454 3782 1526 3833 Buch
1537 3793 1603 3833 samt
1620 3787 1756 3838 mnndirter
1773 3790 1941 3853 supplicetion

579 3856 639 3906 odor
657 3855 755 3906 Remiss
773 3854 934 3920 unterthtnig
951 3855 1109 3918 praesentire.
1147 3853 1194 3902 Die
1213 3853 1295 3902 haben
1315 3867 1341 3902 es
1359 3868 1419 3916 geru
1439 3868 1609 3912 rernommeu,
1630 3858 1655 3905 in
1674 3858 1730 3907 dem
1748 3859 1821 3910 Buch
1839 3860 1941 3926 geleeen

579 3927 629 3977 und
648 3927 714 3977 uach
743 3926 818 3975 etlich
837 3925 924 3989 Tagen
953 3925 1010 3974 dero
1038 3924 1116 3974 iitrstl.
1137 3924 1300 3972 Holirammer
1327 3923 1453 3983 berohleu,
1483 3925 1538 3974 dem
1557 3926 1637 3976 Herm
1667 3927 1700 3975 12
1719 3930 1743 3977 11.
1772 3932 1941 3981 uuznordnen.

579 3997 633 4048 Dar
657 3998 730 4047 haett
747 3995 791 4046 Ich
810 3995 866 4046 dem
884 3995 965 4046 Herru
994 3995 1154 4061 geschrieben
1173 3994 1224 4044 und
1251 3994 1420 4051 hberschiclrt,
1449 4011 1476 4043 so
1498 3996 1531 4043 ist
1549 4012 1575 4045 es
1600 3999 1659 4047 aber
1686 3999 1749 4049 noch
1767 4002 1819 4049 nit.
1833 4002 1939 4067 emolat:

580 4067 740 4119 uberachichc
760 4067 812 4117 lme
831 4065 953 4116 demnach
971 4067 1011 4116 die
1031 4064 1063 4114 12
1082 4067 1125 4125 fl.,
1146 4081 1173 4113 so
1192 4064 1232 4113 ich
1251 4064 1327 4113 sehon
1346 4066 1416 4113 weiss
1435 4066 1525 4115 wieder
1544 4083 1575 4116 au
1593 4068 1717 4127 erhebeu‚
1746 4071 1797 4121 und
1815 4072 1865 4122 rrlll
1884 4071 1940 4122 dem

579 4139 668 4199 Herm,
697 4153 771 4188 wann
790 4137 835 4187 Ich
854 4137 899 4186 das
916 4136 988 4186 Buch
1006 4137 1116 4201 gelescn.
1144 4137 1230 4184 veiter
1248 4135 1328 4184 daron
1351 4136 1487 4187 schreihen.
1524 4138 1628 4188 Interim
1647 4155 1677 4189 zu
1695 4141 1803 4199 melden,
1830 4141 1883 4193 hab
1900 4142 1941 4193 ich

580 4210 658 4258 obiter
675 4223 699 4272 p.
719 4206 772 4256 29⁴
792 4206 875 4270 (vm.
895 4205 923 4268 2)
947 4207 1066 4271 gelmon,
1094 4208 1152 4256 dass
1171 4204 1375 4270 Lichteubergius
1402 4206 1557 4271 tempores.
1578 4209 1681 4259 Martini
1708 4212 1782 4261 etlioh
1810 4214 1942 4265 namhalte

580 4277 690 4342 Belipses
707 4279 862 4342 specificirte.
899 4277 957 4327 h'un
975 4280 1007 4327 ist
1025 4285 1121 4340 tempus
1140 4277 1224 4324 mortis
1243 4275 1269 4324 S.
1291 4276 1393 4325 Martini
1411 4293 1457 4343 gar
1475 4278 1559 4327 starck
1579 4282 1603 4327 in
1623 4280 1738 4331 hochstet
1756 4286 1940 4341 controversin

580 4348 642 4398 bitte
661 4349 782 4399 demnach
800 4349 865 4399 mich
878 4364 909 4398 zu
921 4348 1056 4408 berichten,
1075 4361 1127 4396 uras
1146 4345 1279 4410 cigentlich
1292 4345 1495 4413 Lichteubergius
1509 4364 1555 4398 ron
1573 4350 1658 4401 diesen
1672 4353 1809 4417 Eclipsibus
1827 4354 1942 4405 schreibe

582 4418 632 4468 und
649 4420 695 4468 mit
712 4434 763 4469 was
782 4422 821 4469 ihr
839 4420 1002 4470 Umsttndcn.

672 4488 777 4540 Sonsten
797 4491 857 4540 aber
875 4489 923 4539 hab
942 4490 981 4539 ich
1001 4488 1090 4539 etliche
1105 4488 1215 4550 Eclipses
1234 4487 1391 4552 luminarium
1409 4492 1555 4553 supputiert,
1575 4492 1625 4541 und
1644 4498 1709 4543 utre
1727 4496 1941 4551 muliebrem

580 4560 621 4610 ich
640 4560 705 4611 auch
724 4562 828 4611 anderer
854 4560 976 4610 calculum
996 4561 1075 4608 daron
1101 4559 1182 4607 haben
1208 4559 1259 4607 und
1277 4560 1321 4607 mit
1340 4559 1396 4608 dem
1423 4562 1548 4625 meinigen
1577 4564 1713 4613 conseriren
1732 4565 1833 4616 honntc.
1873 4568 1942 4618 Biton

580 4632 710 4688 demnaeh.
729 4632 774 4681 der
791 4632 855 4699 Hert
873 4631 944 4681 colb
962 4630 1028 4680 mich
1047 4630 1188 4685 berichten,
1218 4630 1271 4678 weil
1289 4628 1329 4679 ich
1349 4630 1475 4687 varstehe,
1505 4631 1564 4680 dass
1582 4632 1615 4682 Er
1640 4634 1748 4685 selbsten
1768 4639 1842 4687 einen
1862 4638 1941 4691 arith-

579 4704 696 4754 meticum
715 4710 742 4752 et
759 4701 964 4753 mathematicum
982 4702 1021 4750 bei
1040 4700 1091 4750 und
1110 4708 1182 4749 unter
1199 4699 1323 4755 lmc.hat,
1343 4701 1376 4753 ob.
1392 4701 1432 4750 ich
1450 4704 1488 4750 nit
1504 4702 1603 4754 mdchte
1628 4704 1717 4755 etiiche
1736 4706 1846 4757 calculos
1860 4709 1941 4775 ‘sedp-

579 4777 642 4825 atnm
657 4789 687 4823 ex
699 4773 801 4823 Tabulis
814 4773 951 4823 Prntenicis
968 4772 1121 4822 bekommen.
1149 4770 1192 4820 lch
1205 4771 1277 4820 welto
1290 4787 1350 4835 geru
1363 4788 1404 4820 um
1422 4774 1493 4821 einen
1511 4774 1586 4835 jeden
1606 4775 1727 4825 calculum
1743 4779 1785 4828 eiu
1802 4779 1942 4831 benendtu

578 4845 704 4898 rerehren.
732 4857 789 4893 wan
808 4843 847 4893 ich
874 4848 979 4898 vilsam,
1007 4857 1059 4891 vae
1078 4843 1146 4891 einer
1165 4842 1204 4891 fur
1232 4842 1304 4891 cinen
1333 4842 1454 4892 calculum
1474 4843 1537 4893 Solis
1560 4845 1612 4894 und
1630 4845 1719 4897 Lunae
1746 4847 1830 4900 haben
1848 4851 1941 4902 'cilte-

580 4913 738 4965 Schllesslich
756 4915 796 4963 bin
814 4914 855 4963 ich
873 4916 918 4962 rnit
936 4913 1080 4978 Verlangen
1099 4913 1247 4961 erwartend.
1267 4915 1313 4961 wie
1332 4928 1358 4961 es
1378 4913 1422 4962 der
1433 4912 1498 4962 Hert
1515 4916 1560 4964 mit
1579 4915 1623 4965 der
1639 4916 1736 4967 theom
1748 4917 1847 4978 Martie,
1866 4920 1943 4986 quarn

580 5000 664 5036 omncs
683 4999 700 5034 a
716 4992 743 5035 tc
762 4992 922 5048 expectamus
941 4990 967 5032 et
986 4991 1108 5047 optamus,
1127 4983 1233 5032 macheu
1253 4984 1333 5032 werde
1351 4983 1402 5034 und
1420 4986 1466 5033 rrie
1486 4999 1512 5033 es
1531 4984 1583 5035 lme
1602 4986 1700 5051 ergehe.
1729 4987 1806 5040 Danu
1824 4989 1870 5041 leh
1887 4990 1942 5042 Inue

580 5056 735 5121 angenehme
754 5054 845 5106 Dienst
862 5069 893 5103 au
912 5056 1030 5104 ervsissu
1046 5054 1118 5116 jeder
1136 5053 1193 5103 Zeit
1210 5054 1284 5119 villig
1302 5053 1354 5104 und
1371 5069 1437 5119 gana
1455 5058 1558 5120 geueigt
1575 5057 1707 5108 rcrblcibe.

669 5142 713 5200 hd
726 5143 790 5194 haec
808 5142 933 5207 respondit
952 5141 1132 5205 Keplerus:
