4584 6192
909 606 941 657 ua
958 607 1026 658 rom
1044 604 1204 659 secernerem.
1673 606 1734 674 511

382 791 511 858 stantes,
536 790 568 843 et
592 780 725 861 quintam
747 784 836 866 paulo
860 784 989 864 longius,
1014 793 1045 846 et
1068 792 1186 847 sextam
1200 785 1333 865 proxime
1356 785 1454 865 ipsum
1471 786 1563 848 luisse
1588 787 1741 849 docebant

384 874 449 935 dies
473 878 656 953 sequentes..
693 870 769 934 Curn
792 873 884 952 igitur
906 874 1042 934 misisset
1064 872 1224 935 Galilaeus
1248 875 1304 934 huc
1329 876 1475 953 quasdam
1506 876 1610 937 literas
1634 887 1739 938 trans-

382 962 518 1043 positas,
559 979 679 1021 numero
705 958 766 1037 37,
805 963 910 1042 quibus
948 963 992 1023 ait
1028 963 1175 1025 contineri
1208 980 1315 1024 novam
1350 951 1606 1039 observatione'm,
1642 966 1740 1043 priore

383 1058 512 1132 quatuor
530 1048 615 1110 Jovis
641 1050 805 1112 satellitum
830 1051 1062 1112 mirabiliorem:
1088 1071 1163 1131 quas
1188 1071 1243 1130 ego
1267 1051 1372 1113 literas
1401 1054 1560 1114 memoriae
1580 1073 1683 1129 causa,
1708 1063 1742 1115 ut

381 1140 475 1220 potui,
501 1138 530 1199 in
555 1138 632 1199 hunc
656 1138 894 1201 semibarbarum
918 1159 1036 1201 versum
1061 1141 1254 1220 redegeram:

650 1226 742 1287 Salve
765 1229 976 1289 umbistineum
1001 1230 1182 1305 geminatum
1206 1229 1321 1290 Martia
1343 1229 1453 1306 proles,

383 1316 547 1378 multauos
566 1315 692 1376 incessit
711 1317 865 1394 cogitatio,
891 1319 916 1378 si
941 1318 1042 1377 forsan
1067 1325 1097 1377 et
1121 1319 1202 1378 circa
1216 1319 1345 1378 Martem
1371 1317 1488 1396 aliquas
1513 1317 1591 1378 tales
1606 1318 1741 1379 Lunulas

382 1406 549 1467 videamus.
589 1404 649 1465 Sed
666 1407 852 1484 sequentium
873 1407 984 1468 dierum
1009 1408 1182 1467 observatio
1208 1406 1318 1478 docuit,
1338 1406 1470 1466 Martem
1495 1406 1629 1486 quamvis
1653 1408 1741 1469 tardo

383 1503 467 1556 motu
483 1494 581 1554 exisse
601 1513 617 1553 e
637 1503 724 1572 septo
740 1495 845 1555 harum
861 1496 1048 1555 stellularum
1069 1513 1174 1556 versus
1194 1496 1339 1555 orientem
1360 1502 1391 1554 et
1410 1496 1591 1555 denudatum
1612 1496 1741 1573 penitus.

383 1585 492 1662 Itaque
516 1582 593 1642 lixae
619 1592 716 1654 erant,
742 1583 777 1643 de
803 1584 908 1662 quibus
933 1584 1000 1644 ideo
1024 1584 1135 1644 nullam
1159 1602 1247 1663 porro
1272 1584 1380 1664 faciam
1405 1583 1597 1645 mentionem.
1713 1577 1715 1581 ⁴

474 1670 582 1732 Jovem
615 1679 786 1747 surgentem
829 1672 1024 1751 contemplati
1057 1673 1184 1752 primam
1216 1672 1417 1733 indubitatam
1447 1680 1479 1732 et
1510 1672 1742 1751 pulcherrimam

383 1760 487 1839 adepti
523 1778 625 1819 sumus
664 1760 906 1822 observationem
929 1761 1143 1823 Mediceorum.
1200 1762 1364 1822 Rationem
1397 1761 1474 1821 hanc
1506 1760 1671 1834 tenuimus,
1709 1769 1743 1821 ut

384 1849 454 1929 quid
480 1847 606 1927 quilibet
630 1848 840 1923 observasset,
875 1851 904 1910 id
938 1850 1049 1911 tacitus
1078 1859 1163 1912 creta
1185 1850 1323 1929 pingeret
1351 1849 1379 1911 in
1403 1849 1520 1929 pariete
1550 1849 1676 1911 seorsim
1704 1848 1742 1909 ab

383 1937 510 1999 alterius
543 1946 722 2015 conspectu:
761 1945 870 2017 postea
903 1940 980 2000 alter
1013 1940 1052 1999 ad
1085 1939 1210 2000 alterius
1238 1939 1386 2017 picturam
1414 1938 1503 1999 simul
1534 1936 1742 2013 transiremus,

387 2025 572 2106 exploraturi
597 2044 783 2088 consensum.
830 2028 867 2090 Id
899 2027 1035 2106 intellige
1069 2037 1100 2089 et
1133 2030 1170 2089 de
1203 2028 1405 2107 sequentibus.
1453 2026 1538 2089 Certi
1571 2046 1672 2087 sumus
1705 2026 1742 2087 de

382 2115 489 2189 tribus,
515 2115 551 2174 de
568 2124 673 2195 quarto
690 2116 825 2189 obscuro,
846 2136 933 2197 quum
947 2115 1017 2177 Jovi
1033 2117 1155 2197 propior
1170 2125 1244 2190 erat,
1266 2116 1479 2189 dubitavimus,
1502 2115 1600 2194 magis
1614 2115 1743 2178 Ursinus

383 2223 472 2282 quam
497 2221 563 2281 ego.
604 2201 780 2264 Clarissime
804 2205 861 2265 risi
882 2213 952 2267 sunt
972 2206 1030 2265 duo
1054 2205 1258 2267 occidentales
1282 2224 1375 2284 usqne
1399 2205 1428 2265 in
1453 2205 1580 2268 multam
1603 2222 1742 2265 auroram

382 2311 459 2372 pene
484 2291 615 2370 contigui
626 2311 635 2366 ;
670 2299 739 2354 tunc
765 2293 889 2373 denique
919 2295 1009 2373 plane
1034 2295 1110 2370 dno,
1140 2314 1199 2355 non
1223 2302 1287 2354 tres
1315 2293 1503 2354 videbantur.
1550 2292 1650 2372 Duplo
1674 2293 1744 2371 plus

383 2379 520 2443 distabat
547 2381 701 2441 orientalis
726 2402 744 2441 a
767 2381 858 2455 Jove,
883 2402 971 2462 quam
995 2384 1285 2445 occidentalissimus
1310 2381 1348 2443 ab
1377 2383 1483 2444 eodem
1506 2390 1537 2443 et
1560 2382 1628 2461 plus
1654 2399 1743 2460 quam

386 2477 459 2530 ante
483 2468 603 2529 biduum
628 2470 741 2531 distare
765 2479 943 2549 putaveram
967 2472 1050 2532 illum
1079 2473 1254 2534 orientalem
1283 2470 1470 2533 haesitanter
1492 2470 1599 2532 visum.
1646 2470 1744 2531 Linea

386 2557 515 2619 omnium
541 2567 634 2631 recta,
658 2561 837 2638 praesertim
864 2561 1094 2623 occidentalium
1126 2568 1196 2637 (cum
1227 2572 1346 2624 haberet
1374 2571 1484 2634 radios,
1516 2568 1623 2639 species
1650 2570 1744 2623 lineae

382 2656 447 2702 erat
461 2648 540 2719 quasi
555 2649 635 2702 unius
651 2651 719 2703 radii
734 2652 828 2704 nodosi
844 2650 1021 2722 longiusculi,
1044 2659 1094 2705 aut
1107 2653 1245 2706 mehercle
1268 2650 1361 2719 capilli
1383 2651 1471 2704 tribus
1486 2651 1545 2703 oris
1566 2648 1744 2719 pediculariis

385 2734 518 2801 concreti)
548 2747 623 2806 quae
662 2729 757 2790 instar
793 2732 897 2789 nodosi
936 2730 1011 2791 radii
1051 2741 1125 2791 erat.
1172 2730 1252 2792 Nam
1291 2740 1321 2789 et
1357 2730 1443 2789 nohis
1467 2729 1604 2806 Jupiter,
1643 2736 1676 2788 ut
1712 2736 1746 2788 et

382 2818 468 2877 Mars
492 2824 523 2875 et
550 2835 637 2876 mane
662 2818 827 2878 Mercurius
852 2826 883 2879 et
912 2818 1007 2879 Sirius
1042 2827 1245 2897 apparuerunt
1275 2818 1480 2898 quadranguli.
1526 2817 1637 2878 Altera
1666 2815 1745 2877 enirn

383 2905 596 2966 diametrorum
634 2906 846 2983 angulosarum
877 2908 1016 2968 caerulea
1044 2916 1124 2980 erat,
1156 2909 1254 2968 altera
1285 2906 1428 2985 punicea,
1461 2905 1491 2965 in
1515 2904 1612 2966 medio
1637 2922 1745 2984 corpus

383 2996 493 3055 flavum
514 2994 629 3070 fulgore
649 2996 827 3056 admirabili.
866 2997 930 3056 Hoc
951 3004 1045 3056 totum
1071 2997 1182 3058 accidit
1206 2994 1411 3056 imbecillitate
1437 2994 1530 3068 visus,
1556 2992 1745 3055 conniventis

387 3083 426 3145 ad
453 3090 515 3143 tam
540 3083 705 3143 confertam
740 3086 852 3159 lucem,
887 3085 929 3145 uti
959 3104 1026 3145 eam
1059 3084 1229 3146 accumulat
1261 3084 1501 3145 instrumentum.
1549 3083 1629 3153 Nam
1652 3091 1684 3143 et
1707 3082 1770 3143 de'

385 3172 433 3233 die
459 3171 667 3250 spectantibus
691 3192 745 3253 per
769 3174 824 3233 hoc
849 3172 1078 3235 instrumentum
1101 3183 1224 3253 propter
1247 3172 1369 3234 nimiam
1392 3173 1466 3232 lucis
1486 3171 1602 3250 copiam
1627 3171 1745 3232 colores

385 3258 470 3321 iridis
505 3259 647 3322 oriuntur.
705 3260 851 3323 Omnibus
882 3262 966 3323 hisce
1000 3262 1105 3323 diebus
1139 3270 1171 3322 et
1204 3261 1340 3340 pauculis
1372 3270 1462 3334 ante,
1497 3267 1568 3339 post
1600 3259 1746 3339 quadram

384 3348 633 3418 scilicetLunae‚
658 3348 685 3409 in
709 3351 773 3428 ejus
789 3370 912 3432 corpore
936 3352 1019 3412 visus
1040 3360 1088 3412 est
1111 3351 1296 3411 clarissimus
1315 3349 1403 3411 umbo
1428 3349 1514 3429 quasi
1538 3348 1744 3428 triangularis,

383 3457 490 3498 uersus
514 3445 630 3516 partem
655 3440 838 3517 superiorem
861 3458 1004 3519 vergens,
1037 3448 1068 3501 et
1092 3440 1120 3501 in
1146 3441 1291 3501 orientem
1321 3439 1405 3519 quasi
1430 3440 1577 3500 dodrante
1605 3436 1745 3517 paralleli

385 3527 432 3588 sni
458 3527 497 3586 ad
521 3527 717 3588 bisectionem
741 3529 825 3590 recti.
873 3530 903 3589 Is
928 3529 1024 3608 primo
1048 3529 1154 3589 stabat
1178 3537 1247 3589 ante
1272 3529 1430 3590 terminum
1453 3528 1568 3606 justum
1592 3525 1746 3587 illumina·

383 3614 486 3687 tionis,
506 3615 571 3693 jam
595 3616 789 3690 illuminatus,
814 3626 885 3697 post
898 3618 1035 3695 conditus
1051 3618 1130 3678 intra
1145 3618 1220 3679 lucis
1244 3617 1442 3678 radiationem
1467 3634 1584 3695 semper
1604 3612 1746 3675 claritate

385 3703 516 3764 emicuit.
564 3703 688 3765 Diceres
720 3706 812 3766 animi
845 3706 946 3784 gratia
978 3706 1076 3767 nivem
1109 3706 1138 3765 in
1172 3705 1387 3768 excelsissimis
1414 3705 1555 3783 Alpibus.
1601 3703 1667 3763 Hoc
1698 3701 1745 3761 die

386 3799 544 3872 spectator
568 3803 599 3854 et
622 3793 712 3854 testis
736 3795 807 3855 mihi
832 3794 889 3855 fuit
913 3796 1049 3856 oculatus
1073 3795 1201 3857 Ursinus
1226 3794 1428 3873 supradictus.

480 3889 538 3952 Die
562 3886 594 3951 4.
611 3888 800 3969 Septembris
825 3912 911 3953 mane
930 3893 1051 3972 Jupiter
1065 3912 1119 3973 per
1143 3893 1245 3953 nubila
1264 3911 1330 3951 cum
1355 3892 1469 3952 duobus
1494 3888 1676 3950 satellitibus
1701 3895 1748 3950 est

385 3978 485 4051 visus,
515 3979 597 4039 claro
622 3980 811 4055 occidentali,
841 3981 939 4044 minus
964 3983 1045 4043 claro
1075 3982 1230 4050 orientali,
1256 3981 1348 4060 dupla
1371 3981 1517 4041 distantia
1549 3977 1747 4039 occidentalis

385 4067 427 4128 ad
451 4067 629 4129 distantiam
653 4069 826 4142 orientalis,
859 4072 938 4132 linea
962 4080 1045 4133 recta
1070 4080 1102 4130 et
1125 4072 1235 4144 ardua,
1271 4069 1355 4149 quasi
1380 4070 1447 4149 plus
1476 4087 1565 4147 quam
1596 4067 1745 4146 ecliptica.
1792 4099 1794 4103 v
1880 4084 1882 4087 ’

385 4156 597 4218 Occidentalis
622 4158 683 4218 fere
709 4159 853 4233 distabat,
879 4171 912 4220 ut
936 4160 1227 4221 occidentalissimus
1247 4159 1294 4219 die
1316 4158 1341 4219 1.
1358 4157 1556 4237 Septembris.
1582 4157 1658 4218 Erat
1672 4156 1748 4217 haec

385 4245 535 4307 distantia
564 4245 752 4309 instrumenti
780 4267 995 4327 parsparra,
1027 4250 1104 4309 forte
1138 4249 1242 4328 quinta
1265 4256 1317 4308 aut
1341 4256 1438 4309 sexta.
1485 4246 1613 4307 Praesto
1638 4246 1750 4307 fuerint

385 4334 495 4413 reliqui
522 4333 579 4395 dno
604 4355 642 4396 an
666 4354 726 4397 non
750 4337 830 4398 haud
854 4347 986 4399 constat.
1023 4338 1137 4400 liubila
1161 4337 1238 4399 enim
1263 4337 1444 4398 creberrima
1467 4335 1626 4397 turbarunt
1649 4334 1748 4415 inqui-

384 4422 537 4485 sitiouem.

476 4512 534 4574 Die
559 4509 588 4573 5.
613 4511 801 4591 Septembris
825 4535 913 4575 mane
939 4534 1013 4576 unus
1037 4515 1136 4576 clarus
1165 4514 1291 4575 satelles
1314 4513 1400 4574 Jovis
1424 4514 1464 4573 ad
1488 4513 1634 4573 orientem
1655 4508 1750 4571 tertia

383 4608 474 4682 parte
498 4601 698 4675 instrumenti,
725 4603 796 4662 nulli
812 4612 979 4682 praeterea,
1001 4606 1084 4664 coelo
1109 4603 1274 4665 clarissimo
1295 4604 1349 4664 sed
1367 4602 1432 4681 jam
1450 4602 1577 4662 multum
1596 4598 1748 4660 albicante

383 4691 425 4751 ob
459 4708 598 4751 auroram
628 4700 659 4750 et
690 4692 787 4752 lumen
812 4693 928 4754 Lunae.
977 4693 1063 4754 Vidit
1088 4703 1118 4753 et
1147 4692 1278 4754 Thomas
1308 4691 1460 4770 Segethus
1488 4689 1671 4762 Britannus,
1701 4687 1750 4750 vir

378 4780 447 4859 jam
470 4777 633 4839 celebrium
657 4781 786 4841 virorum
818 4781 902 4842 libris
927 4790 959 4842 et
982 4781 1078 4843 literis
1108 4791 1214 4856 notus,
1240 4780 1286 4842 cui
1311 4800 1366 4841 sua
1389 4779 1457 4841 ideo
1485 4777 1614 4839 nominis
1638 4774 1748 4838 existi·
1840 4825 1845 4837 .

382 4868 690 5034 matlolibirrssosessrim
712 4957 878 5037 praeterire
898 4957 967 5037 quin
988 4957 1077 5019 animi
1098 4957 1200 5037 gratia
1215 4956 1362 5036 explicem
1381 4963 1413 5018 et
1431 4954 1648 5035 spectaculum,
1668 4952 1747 5033 quod

381 5044 475 5109 uobis
501 5045 588 5105 Luna
612 5044 790 5107 decrescens
815 5046 959 5107 exhibuit.

474 5132 534 5194 Est
553 5132 584 5193 in
602 5133 708 5195 Lunae
729 5134 806 5195 lacie
831 5154 923 5215 supra
946 5135 1064 5197 oculum
1082 5134 1146 5215 ejus
1170 5132 1326 5196 sinistrum
1345 5154 1362 5195 e
1383 5133 1505 5213 regione
1526 5130 1626 5194 nostri
1649 5130 1749 5194 dextri
