4584 6192
474 603 539 672 Μ
948 602 988 651 Ι)ι
1007 601 1087 653 scetus
1103 600 1176 650 Nora
1192 600 1343 665 Serpeutarii

467 784 638 866 conjunctis
659 780 790 862 planetis
818 779 1051 860 supersteterit?
1080 776 1255 857 Cuiusmodi
1279 777 1304 839 si
1328 777 1394 859 quis
1417 777 1527 840 alicubi
1551 778 1670 856 latitat,
1696 780 1750 860 qni
1764 782 1828 843 subi

467 874 517 950 eol
539 872 717 953 prophetiae
744 888 850 931 monus
878 868 1072 946 arrogasset
1096 867 1251 948 potentiae
1275 867 1313 928 ad
1344 868 1499 929 destinata
1527 868 1720 946 perficienda
1752 889 1826 931 con-

466 964 548 1027 scius
571 971 638 1026 est:
672 961 749 1022 hunc
781 958 920 1038 equidem
948 958 1178 1036 praefiguratum
1211 958 1378 1019 censuerim
1406 956 1456 1017 illo
1480 967 1638 1033 monstro,
1665 959 1750 1037 quod
1773 959 1828 1022 hoc

466 1070 545 1116 anno
579 1044 673 1115 1606.
704 1047 841 1110 Januarii
871 1047 919 1107 die
948 1039 1053 1126 ἳΙιῖι
1072 1055 1175 1107 natum
1210 1055 1259 1107 est
1286 1046 1485 1125 Argentiuae.
1540 1047 1703 1108 Femellae
1742 1050 1828 1122 duae,

467 1160 591 1223 quarum
623 1145 744 1200 ventres
773 1136 930 1198 inferiores
961 1127 1102 1209 discreti,
1128 1135 1265 1214 jecinora
1295 1134 1382 1207 hina,
1416 1134 1560 1215 cujusque
1590 1155 1693 1197 venae
1718 1135 1749 1197 in
1773 1157 1827 1199 sna

466 1229 591 1292 brachia
612 1245 741 1305 suosque
764 1226 857 1304 pedes
880 1224 1024 1299 directae,
1048 1242 1173 1304 quornm
1195 1223 1296 1300 gratia
1314 1234 1345 1285 et
1363 1224 1483 1325 gemina
1506 1224 1597 1304 spina
1612 1225 1828 1306 geminumque

467 1316 684 1381 cerebellum*
666 1334 706 1377 ι-ιι
736 1315 888 1393 geminato
925 1313 1072 1392 occipite,
1111 1321 1145 1374 nt
1177 1312 1260 1372 nerui
1285 1313 1412 1374 motorii
1446 1313 1474 1374 in
1505 1314 1666 1392 geminata
1704 1315 1828 1377 brachia

467 1406 617 1498 pedesque
641 1404 738 1478 ireut3
767 1403 856 1464 simul
880 1411 912 1463 et
933 1402 1004 1463 bina
1027 1402 1141 1464 aurium
1170 1401 1269 1480 paria,
1294 1402 1372 1504 quod
1395 1402 1535 1463 auditorii
1565 1403 1654 1463 nervi
1680 1423 1722 1465 ex
1745 1422 1829 1465 cere·

468 1473 546 1558 bhllo
570 1494 723 1566 oriantur,
755 1493 832 1571 qnod
856 1492 903 1553 bic
931 1499 998 1553 erat
1025 1490 1194 1569 geminum:
1228 1489 1323 1551 hae
1298 1510 1450 1571 rur-quam
1448 1491 1534 1553 duae
1558 1491 1706 1553 femellae
1740 1512 1828 1574 supra

467 1582 646 1660 umbiculum
671 1579 849 1643 adversae
840 1601 870 1642 ιι
894 1599 983 1641 noum
1006 1580 1173 1654 thoracem,
1201 1579 1350 1658 capitibus
1372 1597 1456 1641 vero
1471 1580 1614 1641 secundis
1637 1591 1723 1662 post
1739 1601 1826 1644 unam

470 1672 578 1738 faciem
602 1670 793 1741 coaluerunt,
825 1690 914 1731 unum
939 1688 994 1749 par
1017 1669 1182 1741 oculorum,
1212 1688 1302 1729 unum
1323 1688 1447 1742 nasum,
1472 1685 1560 1730 unum
1585 1689 1656 1748 os,=
1679 1690 1777 1750 quare
1799 1684 1829 1733 et

472 1781 561 1824 unum
583 1769 697 1840 guttur.
721 1758 810 1820 unum
827 1758 1006 1838 pulmonem,
1030 1778 1119 1819 unum
1134 1777 1196 1827 cor,
1219 1758 1262 1818 sic
1276 1777 1365 1818 unam
1380 1760 1490 1836 gulam,
1516 1778 1608 1820 unum
1627 1761 1828 1823 ventriculum

467 1856 659 1930 acceperunt
704 1846 775 1909 Etsi
797 1865 868 1908 vero
891 1847 1017 1908 monstri
1043 1859 1131 1926 pater
1158 1846 1323 1907 arcularius
1355 1846 1448 1908 luisse
1482 1849 1598 1930 fertur,
1629 1849 1691 1931 cui·
1713 1849 1826 1928 opificio

470 1938 675 2020 quotidianum
698 1953 772 2016 opus
796 1945 854 2011 ιιι,
877 1936 1083 2014 conglutinare
1106 1955 1225 1997 asseres
1250 1935 1324 1995 bene
1349 1936 1468 1997 dolatos
1492 1948 1524 1996 et
1542 1938 1775 2016 complanatos,
1798 1950 1826 2002 ot

469 2028 537 2092 inde
560 2024 690 2107 suspicio
714 2025 828 2088 oriatur
850 2024 1055 2105 impressionis
1078 2025 1292 2104 imaginativae
1314 2024 1343 2085 in
1359 2025 1554 2103 praegnantis
1579 2028 1689 2087 uxoris
1713 2028 1825 2090 loetum

470 2117 589 2181 laetae:
614 2123 714 2175 tamen
730 2114 757 2174 is
776 2114 825 2193 qui
849 2114 984 2176 femellas
1008 2114 1235 2193 conglutinavit,
1261 2113 1445 2176 admirabilis
1468 2115 1592 2192 opifex·
1606 2116 1826 2180 incredibiliter

470 2205 612 2286 majorem
636 2202 773 2266 adhibuit
794 2203 984 2283 sapientiam,
1009 2204 1087 2284 quod
1110 2203 1284 2263 fatebuntur
1306 2203 1477 2278 anatomici,
1502 2223 1592 2282 qnam
1607 2206 1717 2267 solent
1740 2226 1823 2268 arcu-

470 2293 548 2370 larii,
572 2292 688 2355 ratione
712 2290 844 2361 inuenta,
868 2312 928 2372 qua
950 2293 1007 2353 duo
1031 2311 1068 2352 ex
1091 2292 1196 2352 eodem
1218 2291 1363 2371 principio
1386 2292 1532 2353 virerent.
1570 2292 1731 2373 Equidem
1754 2311 1822 2359 cou-

470 2381 636 2445 tentiouum
660 2373 808 2442 derebus
832 2381 899 2442 fidei
919 2382 983 2460 jam
1007 2381 1120 2460 pridem
1144 2388 1230 2442 satur
1253 2388 1301 2441 est
1322 2381 1463 2455 mundus,
1492 2401 1588 2460 neque
1618 2392 1731 2445 tamen
1759 2404 1822 2465 spes

469 2473 501 2535 in
523 2471 688 2553 propinquo
703 2479 760 2539 est,
783 2470 907 2554 ¹reliquis
926 2470 1061 2549 partibus
1084 2468 1288 2531 intermortuis
1308 2489 1395 2533 noem
1417 2470 1514 2541 solam
1530 2471 1559 2531 in
1575 2474 1692 2534 mondo
1719 2473 1820 2536 obten-

469 2568 576 2624 turam.
621 2556 702 2630 Quid
724 2558 852 2620 enimsi
876 2559 912 2619 de
936 2559 972 2620 iis
995 2558 1142 2638 partibus,
1167 2578 1241 2637 quae
1265 2558 1351 2619 hodie
1375 2570 1518 2638 pugnant,
1543 2559 1627 2621 idem
1652 2562 1727 2636 liat,
1751 2562 1819 2643 quod

471 2651 508 2712 de
517 2648 663 2729 antiquis
681 2645 921 2711 Christianorum
943 2648 1046 2723 sectis,
1070 2656 1103 2709 ιι
1125 2648 1292 2709 diutissime
1310 2648 1339 2708 in
1355 2648 1463 2709 mundo
1484 2648 1611 2710 durent:
1638 2651 1723 2713 sicut
1741 2653 1820 2732 joxta

470 2737 597 2801 Latinos
621 2735 765 2798 durarunt
788 2756 842 2816 per
864 2737 972 2799 Asiam
996 2746 1029 2797 et
1049 2737 1186 2798 Africam
1207 2734 1327 2808 Graeci,
1352 2736 1471 2797 Suriani
1490 2737 1709 2815 dudaizantes,
1732 2742 1817 2803 Jaco-

471 2826 542 2899 biui,
565 2824 755 2910 Eutychiani,
779 2826 908 2898 Tattari,
928 2825 1112 2900 Nestorium,
1137 2845 1260 2905 quorum
1283 2825 1338 2887 illi
1350 2845 1403 2905 per
1415 2826 1564 2899 Africam
1590 2827 1624 2891 hi
1649 2848 1707 2908 per
1723 2832 1817 2892 Asiam

384 2911 387 2916 ⁴
474 2914 742 2998 septentrionalem
765 2903 951 2993 amplissima
973 2934 1066 2994 regna
1086 2914 1300 3017 possidebant;
1322 2925 1480 3018 praeterea
1503 2917 1693 2993 hlaronitae,
1718 2920 1816 2981 Mono-

471 3004 616 3077 thol'etue,
640 3002 774 3078 Armeni,
800 3002 975 3084 Georgiani.
1012 3004 1118 3083 Itaque
1141 3004 1190 3084 qui
1213 3004 1361 3067 rationem
1382 3004 1513 3065 inuenire
1539 3006 1657 3081 nititur,
1685 3028 1747 3089 qua
1768 3009 1815 3069 duo

472 3092 621 3155 diversum
652 3092 819 3155 sentientes
843 3093 871 3153 in
896 3113 985 3155 unum
1008 3111 1059 3154 cor
1082 3113 1182 3154 amore
1212 3093 1400 3165 coalescant,
1435 3112 1522 3155 unum
1552 3113 1629 3174 prae
1654 3117 1693 3158 se
1719 3099 1814 3167 lerant,

472 3200 561 3245 onum
591 3181 767 3276 loquantur,
801 3201 889 3244 unam
921 3181 1140 3244 consessionem
1173 3191 1332 3262 usurpent,
1367 3182 1470 3244 multis
1503 3183 1643 3246 manibus
1681 3205 1737 3265 pro
1768 3204 1814 3246 uuo

443 3291 449 3302 ·
471 3277 622 3352 pugnent
656 3270 723 3332 enm
748 3272 882 3351 quamvis
907 3273 1105 3334 monstrorum
1135 3270 1347 3333 fabricatorem
1374 3271 1535 3333 uerisimile
1558 3282 1611 3334 est
1634 3277 1750 3338 mundo
1770 3293 1814 3335 ao-

472 3370 592 3440 ceptum
616 3359 680 3421 fore
704 3366 736 3421 et
758 3380 778 3420 a
799 3366 933 3421 monstro
956 3360 1012 3421 hoc
1035 3360 1243 3422 adumbratum
1266 3379 1344 3421 esse.
1390 3360 1500 3422 Nisif
1486 3363 1562 3422 forte
1593 3341 1748 3441 praelusit
1768 3365 1814 3425 hoe

472 3456 638 3511 monstrum
676 3448 895 3510 foederatarum
925 3449 1175 3511 Hanseatioarum
1209 3450 1363 3510 ciuitatum
1401 3450 1583 3529 expeditioni
1608 3454 1650 3513 ad
1677 3453 1815 3515 Brunsii·

474 3557 594 3600 oensem
620 3536 804 3599 obsidionem
828 3537 1012 3612 solvendam,
1038 3540 1115 3617 quod
1135 3539 1278 3618 exemplis
1303 3539 1432 3618 antiquis
1450 3540 1545 3617 magis
1560 3544 1719 3619 congruit.
1750 3543 1815 3604 Dico

473 3646 545 3688 vero
572 3626 710 3705 amplius,
735 3627 805 3706 quid
821 3626 846 3688 si
862 3626 909 3706 qui
928 3646 1022 3687 novas
1037 3628 1138 3688 indias
1156 3629 1275 3696 adeunt,
1299 3629 1464 3688 confirmati
1480 3629 1570 3690 stella
1585 3650 1671 3691 nova
1694 3633 1815 3711 vigilan·

474 3716 567 3779 tiores
592 3735 660 3776 sese
684 3715 713 3775 in
736 3716 938 3796 propagandis
963 3713 1154 3779 Christianae
1183 3718 1251 3777 fidei
1284 3717 1483 3778 fundamentis
1516 3718 1745 3783 exhibuerunt?
1775 3719 1816 3800 qui

473 3824 530 3867 non
554 3813 671 3866 tantum
694 3805 871 3883 prudentiae
896 3806 949 3866 sed
973 3806 1063 3867 etiam
1087 3806 1214 3867 eximiae
1237 3806 1361 3887 pietatis
1385 3807 1501 3867 landem
1525 3809 1603 3886 apud
1631 3830 1683 3872 me
1707 3810 1816 3892 quidem

474 3894 543 3956 inde
566 3903 775 3972 reportarent,
805 3895 883 3973 quod
911 3895 1018 3956 stellae
1048 3894 1135 3974 hujus
1164 3895 1349 3975 apparitione
1376 3896 1542 3958 rectissime
1567 3906 1600 3957 et
1625 3900 1669 3960 ad
1693 3907 1815 3962 normam

473 3982 552 4043 illius
575 3983 733 4062 Magorum
764 3983 871 4044 stellae
903 3992 1006 4045 essent
1027 3985 1083 4045 usi.
1131 3982 1262 4053 Quorum
1295 3985 1412 4064 quidem
1439 3986 1497 4046 iter
1530 3986 1644 4047 stellae
1679 3989 1816 4067 parallelo

473 4070 640 4149 subjectum
663 4072 784 4152 propius
807 4072 890 4151 ipsos
914 4073 1072 4134 admonere
1081 4074 1203 4155 p,otuit
1227 4083 1257 4135 et
1281 4082 1314 4136 ut
1337 4075 1497 4136 admoneat
1519 4074 1669 4153 plurimos
1694 4098 1730 4138 eo
1753 4098 1815 4158 pro-

472 4158 639 4232 ficiscendi,
674 4168 764 4263 opto:
802 4180 868 4223 oum
901 4162 1007 4223 messis
1042 4148 1216 4243 spiritualis
1241 4163 1426 4242 amplissima
1454 4163 1495 4224 ibi
1525 4183 1592 4225 esse
1627 4167 1815 4245 perhibeatur

473 4247 602 4328 nihilque
626 4248 682 4310 nisi
705 4250 808 4311 fideles
837 4250 982 4331 operarii,
1018 4252 1122 4331 quibus
1147 4252 1193 4313 hic
1224 4253 1426 4321 abundamus,
1459 4252 1520 4314 illic
1549 4254 1673 4317 deesse
1722 4260 1813 4337 Atque

475 4335 644 4416 hujusmodi
666 4339 762 4399 multa
784 4338 846 4401 alia
868 4340 1034 4402 hominibus
1058 4342 1168 4419 partim
1198 4343 1357 4416 accidisse,
1381 4341 1492 4422 partim
1516 4342 1657 4405 accidere
1686 4348 1813 4425 potuisse

472 4435 706 4500 consentaneum
724 4436 781 4489 est.
819 4428 889 4490 Fuit
911 4429 1048 4510 equidem
1066 4430 1140 4492 haec
1164 4432 1320 4511 praecipue
1343 4451 1403 4492 vox
1418 4442 1620 4505 ,novastella
1637 4444 1812 4501 novusRex'

472 4516 549 4577 adeo
573 4517 732 4578 crebram
756 4537 805 4579 ore
834 4518 916 4596 vulgi
945 4537 999 4597 per
1023 4518 1233 4595 Germaniam,
1256 4530 1290 4581 ut
1316 4520 1384 4600 jure
1413 4521 1548 4595 mireris,
1573 4540 1635 4583 non
1660 4527 1811 4589 exstitisse

472 4605 577 4666 ducem
608 4606 736 4686 aliquem
769 4606 892 4668 factioni
928 4608 1132 4670 validissimae
1165 4610 1370 4672 concitandae.
1425 4610 1572 4673 Nimirum
1606 4612 1666 4675 hoc
1701 4617 1812 4697 proluit,

472 4694 555 4774 vulgi
578 4696 680 4756 oculos
704 4716 722 4756 a
744 4696 952 4774 praesentibus
977 4717 1100 4759 aversos
1124 4707 1153 4760 et
1169 4698 1198 4760 in
1214 4708 1386 4761 extraneum
1410 4699 1539 4780 aliquem
1562 4701 1684 4765 eminus
1709 4707 1810 4768 tumul·

474 4788 609 4847 tuantem
631 4802 791 4847 conversos
814 4785 855 4847 ibi
871 4786 1016 4860 haesisse,
1041 4787 1160 4850 donec
1149 4790 1209 4850 usta
1225 4808 1320 4850 rerum
1335 4806 1478 4850 novarum
1501 4793 1698 4869 exspectatio
1723 4796 1812 4857 deler-

473 4870 619 4936 besceret.

562 4957 762 5040 Quaecunque
786 4962 823 5022 de
846 4963 979 5039 homine,
1012 4973 1159 5043 quatenus
1187 4965 1213 5025 is
1241 4966 1355 5026 ratione
1387 4966 1495 5040 utitur,
1523 4967 1590 5044 jam
1625 4971 1713 5035 dicta
1744 4980 1810 5044 sunl,

474 5048 578 5111 eadem
601 5050 691 5110 etde
716 5051 834 5113 occulta
856 5053 909 5115 illa
933 5054 1086 5130 facultate,
1112 5074 1186 5134 quae
1203 5055 1311 5134 homiui
1330 5075 1395 5116 cum
1419 5057 1556 5118 omuibus
1577 5061 1673 5124 rebus
1698 5075 1809 5127 natura·

476 5134 553 5199 libus
583 5139 745 5199 corumunis
776 5153 838 5213 est,
870 5143 929 5203 dici
961 5153 1105 5223 possunt:
1138 5163 1242 5223 nempe
1271 5143 1339 5206 illos
1362 5145 1468 5221 etiam,
1494 5147 1544 5227 qui
1568 5150 1608 5210 de
1632 5145 1704 5214 ortu
1727 5172 1809 5215 norae
