4584 6192
1017 549 1049 599 ds
1065 550 1137 599 rebus
1157 548 1260 613 Opttcis.
1780 544 1822 611 73

466 725 587 790 dubium
609 726 691 789 circa
714 726 826 809 aliqua.
874 725 1027 788 Primum:
1052 725 1154 788 nescio
1180 744 1238 805 qua
1258 744 1325 786 cum
1350 725 1428 787 linea
1452 726 1578 805 angulus
1602 726 1656 788 tibi
1682 726 1826 788 formetur

465 814 659 889 incidentiae,
685 835 755 878 num
778 817 820 877 sit
844 815 869 877 is
893 817 1022 895 angulus
1046 815 1125 877 inter
1151 814 1332 876 incidentem
1358 823 1388 876 et
1411 815 1533 894 planum
1559 815 1587 876 iu
1611 816 1689 896 quod
1713 815 1826 887 incidit,

467 907 505 968 a'n
537 903 620 966 inter
651 904 834 967 incidentem
866 914 899 968 et
930 904 1208 986 perpendicularem
1246 902 1325 964 illius
1357 903 1451 982 plani,
1488 912 1521 965 ut
1544 903 1671 967 Vitellio
1703 903 1828 984 posuit?

466 992 584 1057 Deinde
616 993 791 1056 maluissem
819 1013 857 1054 ex
886 1001 956 1055 abre
989 993 1169 1055 incidissent
1201 1011 1304 1053 omnes
1333 992 1409 1052 radii
1433 992 1461 1052 in
1497 993 1591 1053 densa
1623 994 1733 1071 angulo
1757 987 1827 1054 30⁰.

467 1081 589 1144 Tertio:
614 1100 688 1163 rogo
704 1083 846 1163 majorem
861 1082 891 1144 in
907 1084 1035 1157 modum,
1060 1089 1092 1143 ut
1106 1082 1233 1162 primum
1257 1080 1495 1156 incidentiarum,
1516 1081 1695 1161 praesertim
1710 1079 1761 1141 ubi
1778 1099 1829 1141 re-

469 1169 635 1233 tractiones
659 1172 807 1234 maximae
832 1172 980 1251 incipiunt
1002 1191 1080 1240 esse,
1104 1170 1292 1251 quantitates
1315 1170 1529 1231 refractiouum
1552 1171 1734 1251 perscribas.
1781 1169 1831 1231 Ex

469 1259 600 1322 numeris
624 1259 723 1339 longis
738 1262 784 1321 vis
803 1279 849 1322 me
865 1262 902 1321 de
917 1261 1042 1323 raritate
1059 1268 1089 1322 et
1105 1261 1257 1322 densitate
1277 1258 1422 1337 judicare.
1459 1258 1526 1337 Ego
1551 1278 1621 1322 vero
1636 1259 1674 1321 de
1697 1258 1830 1339 pondere

470 1348 538 1411 inde
557 1347 681 1427 judico,
714 1350 751 1411 de
775 1348 928 1411 densitate
952 1350 1139 1421 titubanter;
1164 1369 1221 1410 non
1251 1355 1321 1408 sunt
1345 1347 1422 1408 enim
1447 1349 1561 1422 omnia,
1587 1348 1665 1428 quod
1694 1347 1834 1408 videntur

470 1456 576 1500 crasso
599 1446 705 1499 nostro
729 1438 815 1512 visui,
841 1439 1036 1516 homogenea.
1084 1434 1164 1508 Quid
1189 1437 1215 1498 si
1239 1437 1316 1497 enim
1341 1437 1371 1498 iu
1401 1438 1544 1516 crystalio
1574 1438 1668 1498 insint
1695 1442 1833 1497 ramenta

473 1525 628 1589 metallica
657 1527 834 1600 invisibilia,
873 1526 980 1607 quibus
1006 1527 1123 1608 pondus
1155 1534 1296 1606 augetur,
1329 1525 1433 1587 umbra
1456 1526 1549 1588 radiis
1587 1525 1774 1597 obtenditur,
1799 1532 1833 1584 ut

474 1614 665 1678 obscuriores
688 1624 847 1678 transeant
870 1635 959 1696 quam
973 1636 1027 1696 per
1050 1615 1218 1678 electrum?
1241 1614 1310 1676 Etsi
1330 1614 1357 1674 in
1374 1616 1486 1675 electro
1504 1616 1566 1677 alia
1580 1634 1672 1677 eausa
1696 1612 1833 1674 obscuri-

476 1703 549 1765 tatis
572 1704 712 1779 accedat,
739 1705 817 1784 quod
841 1705 1022 1767 colorantur.
1069 1707 1135 1766 ilac
1159 1703 1282 1766 inducta
1311 1703 1481 1783 suspicione
1494 1706 1570 1784 ,jam
1591 1723 1668 1785 pene
1698 1700 1832 1765 dissolvo

476 1801 557 1855 tuam
581 1793 784 1872 objectionem
806 1795 843 1855 de
867 1794 1026 1856 contrariis
1051 1793 1281 1858 retractionibus
1306 1792 1364 1872 legi
1388 1793 1535 1857 hactenus
1559 1794 1702 1855 creditae.
1750 1792 1835 1852 Inest

476 1883 584 1964 quippe
609 1883 719 1945 occulti
744 1883 814 1961 quid
838 1884 867 1944 in
891 1884 1076 1962 corporibus,
1101 1883 1180 1962 quod
1205 1882 1355 1944 diversum
1380 1883 1451 1962 quid
1475 1896 1523 1945 est
1545 1905 1564 1946 a
1586 1886 1728 1964 pondere,
1753 1878 1831 1959 quod

476 1973 527 2034 illa
549 1972 713 2052 perspicua
745 1972 832 2045 facit,
867 1979 898 2034 et
922 1972 1006 2051 cujus
1039 1992 1132 2034 causa
1168 1970 1394 2052 perspicuitatis
1428 1992 1553 2052 corpora
1577 1974 1671 2036 densa
1693 1970 1741 2031 vel
1765 1987 1834 2029 rara

476 2069 553 2123 sunt.
603 2059 744 2123 Clarius:
773 2060 913 2139 ponderis
942 2081 1036 2123 causa
1063 2069 1111 2122 est
1139 2080 1196 2122 non
1226 2061 1293 2122 sola
1323 2061 1483 2124 multitudo
1511 2065 1656 2125 materiae
1681 2064 1710 2126 in
1740 2073 1834 2136 parvo

478 2150 539 2212 loco
565 2159 597 2212 et
621 2168 747 2230 corpore
770 2150 963 2228 homogeueo,
990 2149 1151 2211 sedetiam
1170 2149 1314 2211 admixtio
1338 2150 1603 2229 heterogeneorum
1628 2146 1831 2217 invisibilium·

477 2237 612 2321 Utraque
636 2240 755 2322 quidem
779 2257 872 2300 causa
902 2239 1067 2319 participat
1090 2240 1126 2300 de
1151 2237 1299 2301 communi
1331 2238 1502 2303 densitate:
1532 2243 1586 2303 sed
1610 2244 1691 2305 iilius
1715 2235 1832 2297 nomine

478 2330 667 2411 perspicuum
696 2347 804 2408 corpus
832 2345 921 2390 unum
951 2329 1067 2391 censeri
1094 2338 1212 2408 potest,
1241 2328 1329 2408 hujus
1359 2330 1477 2392 nomine
1506 2334 1695 2413 perspicuum
1725 2342 1834 2403 corpus

479 2422 570 2485 multa
593 2429 653 2482 est.

563 2510 668 2572 Aliam
692 2506 784 2569 struis
809 2503 1016 2585 objectionem,
1042 2523 1095 2567 cur
1117 2506 1219 2567 radius
1247 2526 1305 2566 uon
1330 2514 1396 2569 toto
1425 2509 1556 2569 transitu
1587 2509 1778 2589 refringatur,
1803 2509 1836 2563 et

479 2601 563 2680 fingis
590 2617 638 2660 me
668 2595 851 2677 respondere
880 2594 916 2655 de
946 2594 1083 2673 quaesito
1112 2594 1278 2657 commodo.
1324 2598 1390 2677 Ego
1419 2616 1490 2658 vero
1518 2607 1550 2659 et
1578 2598 1732 2678 repudiavi
1761 2611 1835 2653 cou-

481 2688 692 2752 siderationem
719 2684 787 2747 finis
816 2702 868 2744 seu
896 2682 965 2744 boni
990 2683 1019 2743 in
1048 2683 1164 2761 legibus
1194 2685 1302 2762 opticis
1330 2696 1362 2747 ct
1390 2706 1511 2748 causam
1536 2688 1619 2763 dedi,
1649 2707 1702 2749 cur
1726 2699 1834 2759 super-

481 2779 558 2841 ficies
588 2776 753 2854 refringat,
785 2791 892 2851 corpus
916 2791 975 2832 uon
996 2772 1145 2851 refringat
1169 2771 1257 2850 (Opt.
1282 2775 1306 2848 l,
1335 2772 1486 2846 10-1tr.
1534 2780 1646 2840 Lucem
1671 2776 1748 2838 enirn
1774 2769 1835 2835 dixi

479 2884 648 2952 exgenere
673 2882 741 2925 esse
764 2861 920 2941 superficie
944 2860 1203 2940 participantium,
1230 2863 1330 2943 itaque
1357 2886 1375 2925 a
1403 2866 1615 2944 superficiebus
1639 2866 1714 2946 pati,
1737 2883 1796 2925 non
1818 2865 1842 2924 a'

482 2953 676 3038 corpulentia,
702 2971 768 3015 cum
792 2969 829 3011 ea
852 2970 910 3011 uon
935 2949 1097 3029 participet
1121 2950 1196 3029 ipsa.
1231 2951 1313 3031 Lege
1337 2954 1462 3033 primum
1487 2963 1579 3037 caput
1597 2974 1682 3016 meae
1697 2952 1835 3033 Optices.

483 3046 522 3107 Tu
550 3062 624 3106 veru
655 3061 718 3103 rem
743 3042 781 3102 ad
809 3038 1056 3102 contradictionis
1083 3040 1196 3100 bivium
1220 3042 1370 3119 pertrahis
1399 3051 1431 3105 et
1458 3046 1568 3123 partim
1598 3041 1835 3122 argumentando

483 3132 590 3214 partim
623 3130 787 3211 allegoriis,
821 3127 1021 3210 chymicorum
1045 3128 1074 3189 in
1098 3147 1226 3203 morem,
1253 3129 1379 3192 ludendo
1404 3150 1450 3193 me
1476 3134 1514 3194 ad
1543 3142 1661 3195 atomos
1684 3140 1717 3193 et
1739 3149 1836 3191 vacua

484 3232 605 3285 naturae
630 3219 773 3300 ablegare
797 3216 917 3278 videris.
964 3217 1017 3291 At,
1043 3218 1122 3297 quod
1150 3215 1206 3279 tibi
1234 3217 1353 3281 ridetur
1383 3220 1558 3296 absurdum,
1589 3222 1667 3283 idam
1694 3227 1836 3299 punctum

485 3313 585 3375 eodem
615 3308 741 3371 instanti
771 3315 803 3368 et
835 3306 1040 3368 transmittere
1073 3306 1189 3369 radium
1220 3314 1252 3368 et
1281 3317 1485 3387 repercutere,
1519 3312 1549 3373 id
1573 3310 1645 3372 mihi
1674 3308 1836 3371 absurdum

485 3422 536 3465 non
568 3407 628 3462 est.
676 3396 806 3459 Defendi
841 3396 897 3455 hoc
929 3402 1037 3474 aperta
1067 3395 1272 3476 propositione
1306 3396 1389 3473 (27.)
1423 3418 1490 3479 cap.
1519 3402 1543 3460 l.
1578 3398 1715 3479 Optices.
1762 3396 1837 3458 Luci

486 3490 572 3565 enim,
605 3488 665 3549 etsi
696 3486 896 3566 superficiem,
930 3482 990 3545 und
1013 3493 1114 3546 tamen
1138 3495 1171 3546 et
1201 3485 1381 3548 densitatem
1415 3484 1525 3562 tribui}
1559 3489 1645 3568 cujus
1678 3487 1779 3564 gratia
1807 3486 1835 3546 in

461 3579 634 3646 tenuiores
668 3577 742 3637 duas
775 3575 857 3636 luces
891 3572 1017 3634 distrahi
1052 3575 1159 3653 possit.
1206 3574 1249 3635 Et
1282 3576 1350 3654 quid
1384 3577 1505 3638 absurdi
1535 3579 1576 3650 si,
1602 3596 1667 3637 curn
1692 3575 1734 3637 sit
1757 3594 1836 3635 mere

488 3668 567 3748 opaci
591 3675 701 3730 natura
725 3682 804 3725 mere
829 3669 1031 3741 repercutere,
1057 3682 1137 3724 mere
1162 3664 1311 3743 perspicui
1342 3665 1385 3732 (id
1417 3673 1479 3740 est,
1504 3667 1661 3746 superficie
1690 3663 1836 3735 carentis)

488 3774 559 3819 mere
584 3753 801 3826 transmittere,
826 3751 861 3827 si,
886 3752 1016 3830 iuquam,
1043 3752 1119 3831 quod
1145 3762 1192 3812 est
1216 3751 1423 3817 intermedium
1447 3756 1526 3816 inter
1549 3774 1674 3833 opacum
1702 3762 1733 3817 et
1756 3770 1836 3813 mere

489 3845 687 3925 perspicuum,
724 3851 758 3903 ut
786 3849 857 3902 sunt
884 3859 1012 3920 corpora
1041 3841 1139 3901 omnia
1171 3841 1322 3919 pellucida
1354 3842 1567 3925 superficiebus
1601 3843 1773 3910 terminata,
1807 3839 1836 3898 id

492 3935 590 4014 partim
615 3932 807 3995 transmittat
829 3930 934 4003 lucem,
961 3937 1108 4009 quatenus
1126 3929 1327 4009 perspicuum,
1350 3933 1463 4013 partim
1479 3930 1837 4012 repercutiat-quatenus

494 4022 522 4085 de
543 4042 640 4104 opaco
665 4019 832 4103 participat
854 4025 886 4079 et
909 4017 1064 4098 superficie
1088 4020 1276 4081 terminatur.

567 4112 615 4174 Da
649 4108 839 4172 coloribus
868 4114 900 4168 et
932 4108 1023 4168 iride
1057 4108 1159 4169 differs
1190 4128 1236 4169 me
1265 4109 1431 4187 cupiditate
1461 4109 1582 4171 videndi
1614 4107 1734 4169 libellos
1758 4113 1837 4180 tuos,

497 4216 566 4280 quos,
591 4200 728 4272 obsecro,
754 4198 827 4258 edas
850 4196 944 4276 primo
969 4214 1084 4277 quoque
1108 4205 1253 4278 tempore.
1300 4199 1380 4260 Nam
1404 4199 1440 4259 de
1464 4199 1538 4260 iride
1562 4196 1649 4257 rideo
1672 4215 1736 4257 rem
1761 4214 1839 4266 esse,

497 4290 629 4363 udicis,
654 4298 686 4349 te
711 4285 847 4349 uimimm
872 4294 905 4346 et
931 4285 1044 4346 dixisse
1068 4293 1165 4347 toturn
1191 4287 1227 4347 de
1258 4295 1345 4362 gotta
1368 4296 1399 4349 et
1427 4281 1499 4348 nibil
1531 4297 1632 4348 tamen
1660 4285 1838 4366 propalasse
1870 4292 1878 4321 ⁸

500 4378 561 4456 quod
583 4380 622 4441 ad
645 4377 778 4440 colorum
802 4375 976 4436 essentiam.
1022 4375 1101 4437 Nam
1125 4394 1163 4435 cx
1187 4395 1243 4456 quo
1264 4374 1377 4455 Optica
1399 4373 1516 4456 scripsi,
1542 4375 1642 4454 aliqua
1666 4382 1697 4436 et
1721 4374 1785 4454 ipse
1810 4372 1839 4433 iu

501 4466 588 4530 melius
610 4464 746 4539 restitui,
781 4474 812 4525 et
834 4463 995 4544 perscripsi
1025 4464 1063 4525 ad
1087 4471 1117 4525 te
1150 4464 1351 4545 superioribus
1380 4465 1490 4539 literis,
1525 4485 1572 4526 me
1596 4483 1718 4525 causam
1751 4481 1839 4547 arcus

503 4569 626 4631 maerere
647 4556 679 4618 in
703 4552 798 4632 guttis
822 4552 958 4631 siugulis,
982 4553 1072 4632 plane
1095 4561 1130 4614 ut
1153 4562 1194 4627 tu,
1220 4554 1273 4614 sed
1298 4563 1329 4615 et
1352 4573 1529 4634 componere
1561 4572 1683 4616 causam
1707 4552 1840 4612 colorum

505 4658 720 4726 irrepercussa
743 4641 773 4703 in
804 4661 938 4703 concava
965 4642 1119 4721 superficie
1145 4649 1176 4704 et
1205 4644 1385 4706 refractione
1410 4643 1437 4703 in
1467 4660 1611 4704 convexa.
1659 4642 1765 4719 ltaque
1791 4637 1838 4700 bis

505 4726 598 4806 luobus
622 4732 697 4795 locis
719 4738 824 4792 tantus
847 4730 925 4791 inter
948 4748 1002 4790 nos
1026 4749 1190 4792 consensus
1215 4739 1276 4805 est,
1306 4753 1340 4794 ac
1364 4732 1390 4793 si
1415 4732 1493 4793 alter
1517 4750 1554 4792 ex
1586 4729 1710 4791 alterius
1742 4726 1839 4789 literis

508 4833 560 4881 tras
581 4820 803 4901 descripsisset.
851 4816 919 4889 Quo
942 4819 1039 4899 magis
1063 4828 1094 4881 ct
1118 4830 1170 4882 tua
1193 4839 1286 4901 opera
1309 4829 1340 4882 et
1363 4819 1526 4898 pleniorem
1550 4817 1775 4897 responsionem
1800 4815 1839 4876 ad

507 4906 611 4980 primaru
634 4928 731 4971 meam
755 4907 925 4988 epistolam,
951 4907 976 4969 si
1001 4908 1079 4987 quod
1103 4928 1190 4986 spero
1215 4929 1290 4971 nunc
1313 4910 1398 4971 vales
1422 4908 1537 4984 melius,
1563 4905 1711 4970 desidero.

577 4999 665 5060 Vale.
713 4998 832 5078 Pragac
856 4996 884 5057 d.
909 4994 940 5057 2.
966 4996 1044 5074 Aug.
1074 4995 1166 5063 ¹607.

576 5104 613 5156 fid
630 5104 695 5156 baec
713 5102 893 5156 Harriotnr
911 5101 995 5169 elapso
1013 5103 1111 5154 interim
1131 5104 1182 5156 fere
1199 5106 1297 5171 integro
1316 5117 1382 5154 anno
1399 5102 1467 5154 bunc
1483 5102 1510 5152 in
1527 5099 1626 5151 modum
1644 5097 1786 5164 respondit:
