4584 6192
469 637 531 704 132
940 633 1131 700 Paralipomena
1147 636 1173 686 in
1193 634 1358 685 vitellianum.

467 818 496 878 in
521 816 646 877 nihilum
669 814 752 898 abire
777 813 903 891 poterit:
929 813 1083 891 quantitas
1107 813 1185 873 enim
1208 814 1306 874 etsie
1330 813 1467 873 densitas
1492 813 1641 874 diuisione
1666 812 1696 873 in
1724 813 1826 873 inlini-

468 916 530 966 tum
554 904 632 966 abit.
670 904 755 964 llaec
778 902 815 961 de
840 901 983 962 essentia.
1021 899 1084 961 Sed
1109 912 1139 962 et
1163 901 1420 980 risejaculatoria
1444 901 1559 962 inlinita
1583 910 1647 975 est,
1673 901 1745 981 quia
1770 902 1827 963 luci

466 993 603 1066 materia,
628 992 755 1071 pondus,
781 1010 832 1050 seu
856 989 1031 1049 resistentia
1055 990 1135 1049 nulla
1159 999 1208 1050 est
1231 1008 1283 1068 per
1306 991 1472 1068 superiora.
1516 991 1637 1051 Infinita
1661 1009 1736 1069 ergo
1763 991 1825 1052 rir-

468 1081 543 1144 tutis
567 1081 606 1141 ad
630 1080 746 1159 pondus
770 1078 931 1157 proportio.

555 1169 647 1248 Prop.
673 1168 729 1228 lv.
777 1165 921 1227 Liueae
954 1166 1084 1226 harum
1117 1166 1423 1244 ejaculatiouum
1459 1176 1591 1227 rectae
1629 1176 1736 1241 sunt,
1771 1167 1825 1227 di-

467 1269 608 1321 cantur
631 1257 740 1317 radii.
788 1255 866 1316 Nam
891 1254 1020 1316 diximus
1044 1254 1180 1314 affectari
1205 1275 1223 1314 a
1247 1256 1311 1316 luce
1335 1255 1542 1333 figurationem
1558 1254 1719 1334 sphaerici.
1754 1256 1826 1333 Ejus

467 1365 539 1409 uero
563 1346 683 1425 genesis
708 1362 779 1403 rere
803 1344 985 1422 geometrica
1001 1343 1140 1403 consistit
1165 1344 1393 1423 inaequalitate
1412 1344 1655 1417 intervallorum,
1680 1364 1734 1424 per
1750 1364 1826 1423 quae

467 1444 609 1516 punctum
633 1433 761 1494 medium
781 1432 809 1491 in
830 1432 1016 1511 superficiem
1041 1431 1166 1492 diditur:
1193 1432 1262 1492 illae
1282 1451 1352 1494 uero
1373 1442 1443 1493 sunt
1468 1443 1569 1493 rectae
1591 1432 1697 1494 lineae.
1737 1432 1826 1503 Quod

466 1524 493 1584 si
517 1523 616 1585 curvis
640 1522 690 1583 lux
714 1529 862 1593 uteretur,
888 1521 970 1582 nulla
994 1528 1078 1580 esset
1101 1519 1128 1579 in
1145 1520 1274 1581 didendo
1297 1520 1485 1599 aequalitas,
1511 1521 1583 1582 nihil
1609 1522 1701 1600 igitur
1725 1521 1823 1583 simile

466 1612 633 1691 sphaerico.

558 1699 638 1762 idem
664 1698 757 1758 etiam
781 1696 836 1757 hoc
861 1696 949 1757 modo
978 1695 1122 1773 probatur
1145 1716 1198 1757 seu
1228 1697 1328 1777 potius
1353 1697 1534 1759 declaratur.
1581 1699 1687 1759 Motus
1712 1697 1825 1760 diuersi

466 1797 537 1850 sunt
559 1788 644 1849 fines.
691 1787 757 1847 Aut
780 1786 860 1846 enisu
893 1794 1001 1845 natura
1034 1785 1158 1845 affectat
1183 1787 1327 1847 unitatem
1357 1787 1486 1864 partium
1511 1796 1564 1847 aut
1587 1786 1826 1866 separationem,

413 1863 422 1882 '
467 1887 624 1955 utrumque
648 1876 682 1935 fit
705 1892 758 1953 per
788 1883 902 1934 motum
925 1883 1040 1934 rectum
1063 1875 1369 1952 compendiosissime.
1416 1875 1495 1937 Nam
1529 1875 1599 1954 quia
1622 1895 1680 1955 quo
1705 1876 1826 1938 brevius

400 1986 404 1992 ·
466 1983 604 2045 quaeque
628 1964 746 2024 distant
768 1962 824 2023 hoc
847 1961 944 2039 magis
967 1963 1051 2021 uuita
1076 1962 1297 2040 intelliguntur,
1323 1972 1354 2024 et
1376 1969 1482 2025 rectae
1495 1977 1564 2023 sunt
1581 1965 1712 2026 omniurn
1728 1964 1825 2026 linea-

468 2073 534 2116 rum
559 2054 637 2114 inter
661 2051 767 2112 eadem
798 2061 910 2129 puncta
933 2050 1141 2123 brevissimae,
1166 2063 1277 2112 motum
1302 2070 1374 2130 ergo
1397 2052 1447 2131 qui
1471 2052 1535 2113 unit
1558 2072 1621 2127 res,
1654 2061 1689 2113 ut
1712 2064 1825 2115 motum

469 2142 635 2223 ponderum
660 2142 697 2201 ad
723 2140 862 2212 Terram,
893 2138 1028 2219 chalybis
1053 2140 1091 2199 ad
1117 2151 1306 2219 magnetem,
1341 2140 1370 2201 in
1400 2140 1480 2202 linea
1504 2150 1588 2201 recta
1610 2142 1673 2202 fieri
1700 2161 1825 2203 necesse

468 2240 533 2304 est;
558 2231 635 2291 alias
659 2249 716 2290 non
741 2247 844 2288 omnes
868 2237 972 2308 partes
995 2236 1095 2288 motus
1119 2230 1156 2289 ad
1177 2229 1302 2289 eundem
1325 2230 1413 2291 linem
1431 2229 1603 2303 tenderent,
1629 2230 1684 2290 sed
1708 2231 1738 2292 iu
1759 2251 1824 2292 rne-

469 2319 518 2382 dio
542 2319 649 2380 itinere
675 2316 799 2386 alicubi,
835 2316 911 2395 quod
943 2323 1010 2376 erat
1040 2318 1197 2378 uniendum
1222 2317 1324 2391 alteri,
1357 2317 1534 2379 deflecteret
1561 2319 1599 2379 ab
1624 2319 1681 2379 hac
1707 2320 1826 2380 unionis

466 2407 673 2470 affectatione.
720 2405 837 2465 Eadem
861 2406 897 2464 de
922 2404 1072 2467 contrario
1097 2417 1178 2466 motu
1204 2406 1421 2486 separationis,
1453 2408 1502 2486 qui
1528 2408 1556 2469 iu
1581 2406 1671 2468 rebus
1696 2417 1825 2469 natura-

467 2496 544 2560 libus
567 2496 717 2557 violentus
742 2493 868 2567 dieitur,
904 2492 1101 2570 intelligenda
1130 2506 1211 2556 suut.
1257 2494 1337 2557 Nam
1362 2495 1389 2555 ei
1413 2497 1505 2557 etiam
1529 2497 1700 2557 contrarius
1725 2507 1826 2558 nrotus

465 2584 609 2646 unitionis
641 2581 734 2643 motui
767 2583 929 2662 competit:
964 2589 1063 2643 rectus
1097 2583 1201 2662 igitur,
1237 2583 1306 2663 quia
1337 2594 1419 2644 recto
1453 2603 1510 2646 non
1536 2585 1593 2645 uisi
1618 2595 1721 2647 rectus
1750 2605 1824 2648 con·

465 2673 588 2735 trarius.
939 2678 942 2684 '
1429 2697 1432 2702 ·

554 2760 629 2822 Luci
653 2778 709 2820 non
735 2758 829 2819 unitio
854 2759 906 2819 sed
931 2759 1133 2837 separationis
1166 2760 1277 2839 aliquid
1311 2761 1408 2821 simile
1438 2761 1582 2840 competit
1606 2771 1637 2822 et
1662 2762 1826 2840 ejaculatis

466 2848 686 2912 violentissima
710 2865 762 2908 seu
787 2849 915 2908 elilmrus
946 2846 1075 2926 quidam.
1121 2848 1203 2928 Ergo
1229 2859 1259 2910 et
1292 2859 1390 2910 motus
1424 2859 1534 2911 rectus.
1582 2849 1647 2911 Aut
1671 2850 1697 2910 si
1723 2850 1826 2930 placet

465 2941 514 3001 dic
539 2939 700 3000 unitionem
725 2936 789 3014 ejus
820 2937 913 3010 lucis,
948 2956 1023 3014 quae
1058 2946 1106 2998 cst
1139 2937 1167 2998 in
1202 2937 1315 3010 lucido,
1350 2958 1415 2998 cunr
1447 2959 1477 2998 re
1502 2938 1692 3000 illustranda.
1742 2940 1826 3000 Idem

466 3048 593 3108 namque
617 3036 769 3107 sequetur.

554 3117 617 3178 Sed
641 3134 736 3194 neque
761 3133 798 3173 es
824 3113 897 3173 lucis
922 3121 1030 3174 natura
1054 3122 1101 3173 est
1124 3132 1217 3173 curra
1240 3113 1328 3176 linea.
1367 3114 1445 3176 Nam
1470 3135 1523 3195 per
1547 3112 1577 3177 3.
1603 3135 1636 3176 se
1661 3117 1728 3196 ipsa
1753 3129 1828 3197 apta

464 3216 512 3268 est
535 3206 565 3267 in
590 3203 735 3266 infinitum
759 3201 929 3281 prorogari:
962 3202 1057 3263 lineae
1082 3220 1152 3261 roro
1177 3210 1472 3286 cu1·rae,·quatenus
1497 3223 1606 3266 carruae
1632 3205 1659 3266 iu
1686 3227 1719 3268 se
1743 3190 1826 3287 ipsas

468 3295 594 3355 redeunt
618 3301 649 3352 et
672 3291 878 3352 terminantur.
907 3337 911 3342 .

554 3384 643 3461 Prop.
670 3381 708 3441 V.
765 3379 874 3441 Lucis
897 3390 1016 3440 ruotus
1040 3398 1106 3438 non
1131 3378 1248 3439 estin
1273 3388 1454 3458 tempore,
1479 3381 1544 3442 sed
1568 3382 1601 3442 in
1625 3394 1826 3447 momento.

466 3473 545 3535 nam
581 3483 615 3531 ut
648 3470 675 3530 in
709 3468 794 3530 libris
819 3469 855 3528 de
886 3478 968 3529 motu
1002 3468 1238 3528 demonstratum
1270 3476 1317 3527 est
1350 3470 1388 3529 ab
1417 3470 1604 3542 Aristotele,
1636 3490 1827 3554 eorumensus

466 3560 586 3640 quidam
603 3567 650 3619 est
669 3557 813 3637 temporis
833 3559 872 3617 ad
892 3577 957 3618 earu
978 3556 1211 3634 proportionem,
1236 3567 1375 3635 quaeest
1395 3558 1472 3619 inter·
1491 3559 1631 3619 virtutem
1652 3572 1827 3624 mouentem

467 3661 500 3710 et
521 3648 637 3728 pondus
672 3665 724 3706 seu
759 3650 866 3708 molem
899 3645 1056 3718 mobilem,
1089 3644 1152 3704 sire
1181 3644 1322 3723 ponderis
1351 3648 1388 3706 ad
1423 3647 1561 3708 medium.
1609 3646 1672 3710 Sed
1701 3648 1827 3712 hic'ris

465 3757 589 3800 movens
613 3737 650 3796 ad
677 3736 771 3796 luceru
795 3735 972 3795 movendam
997 3733 1142 3793 infinitam
1171 3734 1263 3793 habet
1292 3737 1535 3812 proportionem:
1565 3739 1636 3816 quia
1660 3738 1717 3800 luci
1744 3740 1828 3801 nulla

467 3827 612 3897 materia,
648 3844 739 3903 qnare
771 3842 865 3903 neque
897 3824 1023 3901 pondus.
1076 3822 1122 3881 lta
1156 3823 1283 3883 urredium
1317 3823 1375 3883 luci
1408 3824 1479 3885 nilril
1509 3825 1639 3900 resistit,
1675 3827 1746 3907 quia
1777 3829 1827 3889 lux

467 3916 596 3978 materia
619 3920 705 3975 caret
727 3932 780 3991 per
811 3931 899 3991 quam
923 3912 976 3972 fiat
1007 3911 1191 3972 resistentia.
1239 3911 1320 3989 Ergo
1350 3913 1424 3973 lucis
1454 3914 1570 3975 infinita
1597 3915 1740 3976 celeritas
1766 3926 1825 3979 est.

514 4050 520 4059 .
556 4005 647 4082 Prop.
675 4002 729 4061 Vl.
777 4001 865 4061 Luci
898 4019 972 4061 oum
1004 4000 1171 4060 discessu
1195 4022 1213 4059 a
1236 4008 1366 4062 centro
1397 4001 1538 4063 accidit
1568 4004 1696 4082 aliqua
1728 4015 1828 4068 atte-

468 4094 597 4156 nuatio
623 4093 657 4151 in
683 4091 805 4150 latum.
853 4090 930 4152 liam
957 4089 1005 4149 lux
1029 4108 1082 4167 per
1106 4085 1135 4147 2.
1162 4098 1191 4149 et
1217 4084 1246 4149 4.
1273 4089 1396 4150 infinitis
1426 4091 1518 4151 rectis
1550 4092 1725 4171 egreditur:
1757 4094 1829 4157 illae

468 4200 538 4242 uero
568 4179 735 4260 junctiores
769 4179 899 4238 suntad
934 4185 1085 4247 centrum,
1119 4178 1190 4256 quia
1222 4178 1347 4238 totidem
1378 4180 1406 4239 in
1439 4189 1569 4258 angusto
1602 4182 1668 4243 loeo
1700 4193 1775 4262 quot
1799 4184 1828 4244 in

468 4269 570 4349 spatio
594 4268 711 4347 majori.
759 4266 820 4328 Sed
844 4267 919 4327 haec
944 4274 992 4327 est
1015 4265 1147 4326 definitio
1176 4266 1334 4327 tenuitatis
1358 4277 1390 4327 et
1419 4268 1588 4331 densitatis.
1637 4271 1719 4346 Ergo
1745 4280 1828 4333 atte-

472 4368 581 4419 nuatur
604 4357 633 4418 in
658 4358 760 4418 latum.

560 4446 646 4524 Prop.
673 4445 744 4505 vll.
791 4443 904 4505 Lucis
928 4442 1034 4503 radio
1059 4461 1135 4503 cum
1160 4443 1335 4503 discessu
1359 4455 1530 4506 atentia
1559 4447 1663 4508 nulla
1687 4448 1830 4511 accidit

470 4534 689 4597 attenuatio
722 4534 756 4593 in
789 4533 951 4611 longum:
985 4532 1052 4593 hoc
1086 4539 1145 4593 est
1178 4550 1248 4591 non
1279 4552 1352 4611 quo
1387 4534 1552 4612 longior
1585 4535 1733 4597 radius
1762 4539 1829 4600 hoe

471 4625 592 4687 rarior
615 4641 677 4684 seu
701 4621 887 4700 sparsior,
912 4630 1065 4700 propter
1089 4620 1237 4697 quidem
1262 4621 1356 4682 hanc
1385 4622 1505 4702 ipsarn
1538 4625 1828 4702 longitudinem.

471 4715 504 4776 In
528 4712 632 4794 genesi
656 4728 782 4790 namque
806 4709 990 4789 geometrica
1012 4708 1162 4786 sphaerici
1186 4709 1258 4771 nihil
1279 4711 1340 4770 tale
1365 4712 1492 4790 cogitari
1517 4723 1630 4793 potest.
1668 4714 1738 4775 Lux
1759 4734 1829 4777 vero

461 4804 553 4868 illam
578 4801 702 4862 affectat
725 4818 781 4860 sua
803 4798 849 4860 sui
873 4798 966 4877 ipsius
997 4797 1275 4859 communicatione.
1323 4799 1486 4862 Praeterea
1518 4802 1672 4881 proportio
1704 4803 1828 4865 virtutis

472 4890 649 4972 ejaculantis
682 4888 720 4949 ad
747 4887 777 4947 id
810 4886 888 4967 quod
920 4885 1016 4945 effluit
1048 4885 1164 4946 infinita
1195 4896 1260 4959 ost,
1300 4907 1365 4948 curu
1397 4898 1500 4951 careat
1530 4891 1658 4953 materia
1681 4899 1715 4953 ut
1738 4912 1831 4972 supra

473 4980 585 5041 dictum
595 4997 604 5052 3
637 4985 670 5038 et
692 4995 745 5055 per
768 4972 799 5037 5.
824 4982 922 5034 motus
945 4975 980 5034 tit
1002 4974 1031 5033 in
1057 4984 1225 5035 momento:
1257 4985 1289 5036 et
1309 4996 1363 5054 per
1387 4976 1416 5040 3.
1442 4978 1471 5038 in
1505 4979 1663 5042 inlinitum.
1710 4980 1828 5062 Ubique

472 5068 563 5148 igitur
586 5068 615 5128 in
639 5062 784 5127 infinitum
818 5062 953 5141 aequalis
977 5071 1025 5123 est
1057 5064 1142 5140 rigor
1172 5064 1351 5142 ejaculator‚
1385 5066 1410 5125 is
1436 5067 1499 5146 ipse
1533 5082 1639 5148 nempe
1671 5069 1829 5152 quietio

473 5155 599 5240 origine.
646 5150 748 5223 Quare
772 5161 804 5213 et
827 5151 961 5231 aequalis
984 5150 1013 5211 in
1037 5153 1158 5231 longum
1182 5152 1326 5214 fortitudo
1351 5156 1437 5219 radii.
