4584 6192
940 574 972 624 de
990 573 1070 625 Stoiis
1086 572 1167 625 uovs
1666 571 1732 639 583

465 750 526 800 Post
550 757 631 801 ortnrn
656 748 779 802 hettaeum
805 750 911 801 mnitnrn
938 750 1075 801 ᾶιιιιιιιιι
1102 749 1314 800 animadvertitur.
1352 748 1424 810 Qnse
1452 750 1518 801 enim
1545 756 1623 802 ιιιιι
1645 751 1733 803 Jovesi

379 822 514 885 snporsbst
532 828 559 871 et
577 836 633 873 enm
645 821 744 872 Venere
763 823 884 878 cenabat.
903 835 1012 872 esnuno
1030 822 1070 870 rix
1088 836 1145 871 enm
1164 821 1237 871 eorde
1254 820 1394 883 Scorpionis
1413 828 1508 872 ιιιιιιι
1526 822 1629 882 ridant,
1643 821 1731 873 Satur·

377 907 436 941 nnm
454 893 494 941 vix
511 900 621 957 superet.
647 892 753 944 Lumine
771 901 855 943 tamen
869 900 897 943 ιι
911 901 971 943 ante
990 907 1090 942 corusco
1103 900 1129 941 ιι
1142 892 1354 941 vehementissime
1372 893 1525 944 scintillante
1544 892 1626 943 sdhno
1643 893 1731 958 fuiget,

377 964 482 1013 ociorem
500 978 596 1027 quoqne
615 964 647 1013 ad
664 972 792 1014 momentu
809 980 884 1029 prope
909 965 1008 1030 singnis
1025 965 1121 1019 vniat,
1149 963 1216 1012 aava
1235 977 1369 1027 apparens.
1396 979 1454 1013 mox
1472 978 1576 1022 crocea,
1595 966 1732 1029 evestigio

377 1047 500 1098 purpurea
518 1042 545 1084 et
561 1036 625 1088 ruia.
643 1042 673 1084 ιι
690 1036 818 1099 plurimum
838 1034 880 1095 (ox
892 1038 1020 1099 vaporibus
1038 1035 1112 1098 penio
1131 1035 1206 1083 nltins
1224 1032 1334 1094 eierato)
1348 1035 1463 1084 candus
1489 1035 1596 1085 Utente
1614 1049 1731 1085 ooessnrn

377 1105 502 1155 heliseum
520 1107 693 1171 magnitudine
716 1108 803 1157 eadem
829 1110 959 1170 apparuit,
978 1109 1021 1165 its,
1041 1120 1115 1170 qnam
1134 1120 1165 1155 ex
1182 1106 1257 1156 radiis
1282 1105 1396 1169 prodiens
1422 1107 1569 1156 &minutam
1594 1113 1733 1157 monstrare

377 1178 466 1239 eoepit,
485 1176 607 1227 haetenus
624 1179 772 1234 invariatum
790 1180 896 1228 retinere
914 1179 1017 1228 ridetur.
1056 1177 1106 1227 Sed
1124 1178 1155 1227 de
1173 1191 1205 1227 ιι
1225 1180 1278 1240 jam
1295 1179 1374 1236 satir3
1399 1193 1475 1227 nnnrn
1491 1179 1616 1243 quidpiam
1633 1179 1659 1227 in
1678 1180 1732 1241 elne

378 1249 548 1297 observatione
567 1263 613 1312 ego
633 1249 713 1299 adhue
732 1249 853 1305 desidero.
872 1250 928 1299 ideo
946 1250 1070 1299 calamum
1088 1250 1215 1312 abrumpo.

467 1318 513 1367 His
532 1320 641 1383 exceptis
659 1320 719 1369 nihii
739 1322 790 1385 egit
808 1321 932 1383 Kepierns
955 1336 1011 1370 cum
1030 1320 1163 1370 Maestiino
1181 1327 1234 1368 tuni
1257 1320 1372 1383 temporis
1394 1320 1466 1369 ninus
1487 1320 1612 1371 taciturno
1635 1317 1667 1368 de
1684 1319 1732 1372 hae

378 1389 461 1439 stella.
497 1388 596 1454 (Comp.
616 1393 694 1453 praei.
715 1392 747 1440 ad
766 1393 908 1455 opusculum
927 1392 958 1441 do
977 1393 1050 1441 stolia
1068 1394 1093 1440 in
1113 1390 1220 1456 Cygno.)
1239 1419 1271 1429 -

470 1460 509 1511 De
535 1463 622 1511 stodiis
650 1464 700 1512 suis
727 1463 893 1512 Herwarto
920 1464 1028 1513 reterens
1056 1464 1179 1527 Kepierns
1204 1462 1268 1511 haee
1293 1460 1391 1523 scripsit
1417 1458 1453 1521 (d.
1482 1458 1523 1509 1³.
1546 1462 1605 1511 an.
1635 1458 1732 1523 1606)ι

380 1531 538 1602 Quaesisti
561 1542 593 1593 tu
620 1552 763 1614 perquam
787 1544 922 1596 amanter
946 1544 976 1595 et
1000 1535 1160 1596 honorifice
1184 1536 1220 1594 de
1245 1534 1318 1594 uicis
1348 1531 1464 1592 studiis.
1510 1532 1577 1611 Ego
1599 1552 1671 1594 vero
1695 1549 1733 1593 ex

379 1640 436 1700 quo
461 1621 498 1681 ad
523 1622 565 1683 M.
592 1622 626 1684 Τ.
652 1623 755 1683 uitimo
780 1624 886 1701 scripsi
911 1630 1041 1697 (qnantum
1065 1630 1271 1693 emannscriptis
1298 1628 1414 1695 colligere
1440 1643 1582 1693 possumus,
1612 1628 1731 1689 ,nltima“

378 1724 395 1759 a
413 1708 522 1772 Kepiero
541 1710 573 1759 ad
590 1710 746 1761 Herennium
766 1710 826 1761 data
845 1712 950 1775 epistola
968 1718 1006 1762 est
1025 1725 1064 1768 ea,
1084 1726 1158 1776 quam
1176 1710 1343 1775 proposuimus
1369 1723 1443 1774 snpra
1460 1726 1484 1773 p.
1505 1706 1548 1768 93,
1567 1709 1591 1759 ἁ.
1611 1708 1653 1758 tt.
1673 1712 1733 1773 Apr.

378 1790 438 1838 anni
458 1786 535 1839 1605.
559 1787 677 1853 scripto).
707 1783 779 1843 nihil
812 1783 962 1862 praestiti.
1009 1783 1087 1843 Nam
1117 1802 1171 1861 per
1203 1792 1265 1843 tres
1298 1801 1418 1843 menses
1451 1781 1534 1842 abfui
1561 1781 1591 1841 in
1615 1780 1730 1862 Styrin.

378 1866 499 1933 (Pragam
517 1870 598 1926 rediit,
618 1878 683 1920 teste
700 1871 749 1921 hae
768 1872 822 1934 ipsa
841 1872 946 1935 epistola
963 1872 986 1919 d.
1006 1869 1048 1920 tu.
1070 1871 1138 1935 Sept.
1160 1867 1236 1926 1605.
1256 1886 1330 1932 qnnrn
1348 1871 1374 1919 in
1392 1869 1491 1919 exordio
1509 1870 1617 1919 scribat:
1635 1869 1733 1919 Lirem

377 1947 435 1987 ιιιι
455 1935 479 1986 6.
499 1942 563 2005 Aug.
584 1943 696 2004 scriptas,
716 1943 764 2007 legi
785 1941 827 1990 27.
848 1941 926 2005 Sept,
945 1956 1000 1991 cum
1019 1943 1184 2005 praecedente
1207 1947 1281 1991 nocte
1305 1942 1402 1990 domum
1421 1956 1435 1990 e
1455 1939 1538 2003 Styria
1558 1936 1734 2000 revertissem.)

379 2008 459 2079 Quid
484 2032 502 2071 a
525 2013 622 2073 reditu
647 2014 769 2091 egerim,
794 2014 911 2074 abunde
936 2015 1012 2075 satis
1037 2014 1197 2094 perscripsi
1222 2012 1542 2091 superinruentium
1564 2018 1733 2082 coaptemu-

377 2108 443 2158 rides
463 2112 616 2174 conscripsit,
636 2112 818 2161 observationes
837 2112 961 2175 Tychonis
979 2112 1192 2176 perscrutabatur,
1218 2112 1321 2175 negotia
1348 2109 1484 2160 domestica
1502 2106 1625 2169 absolvit).
1664 2100 1734 2161 Jam

381 2190 506 2269 accingo
531 2211 577 2251 rue
603 2192 639 2250 ad
672 2193 903 2270 descriptionem
935 2193 1043 2254 stellae
1066 2192 1191 2265 Novae,
1228 2201 1258 2252 et
1282 2190 1351 2271 quin
1384 2190 1456 2251 inihi
1485 2209 1533 2250 res
1557 2198 1605 2250 est
1633 2190 1735 2249 futura

378 2296 443 2339 curu
469 2279 656 2358 philosophis
681 2280 716 2341 de
743 2282 820 2355 fato,
847 2282 978 2355 fortuna,
1005 2301 1087 2356 casu,
1113 2283 1180 2340 duru
1205 2280 1341 2359 expendo
1368 2278 1535 2341 mirabilem
1559 2296 1734 2340 concursum

377 2368 597 2447 conjunctionis
622 2388 749 2448 magnae
773 2380 804 2431 et
828 2372 946 2443 stellae,
971 2371 1037 2431 ideo
1062 2370 1145 2448 coepi
1172 2370 1271 2448 legere
1295 2367 1543 2448 Augustiuum
1567 2367 1608 2427 de
1639 2366 1731 2427 eivi-

377 2466 456 2517 tate
488 2457 563 2520 Dei.
612 2464 709 2531 (Cump.
729 2468 803 2518 finem
823 2468 884 2533 Cap.
904 2469 994 2520 XXIV.
1018 2469 1090 2531 thus
1107 2462 1184 2527 iibri.)
1222 2458 1380 2518 Theorin
1409 2456 1546 2517 Mariis
1574 2462 1733 2534 exspectat

378 2545 516 2624 aliquem,
544 2546 591 2627 qui
616 2558 730 2609 sumtus
755 2551 783 2610 in
809 2569 882 2629 opus
907 2551 1052 2611 conferat.
1091 2557 1226 2618 Quaerenti
1245 2556 1374 2604 Ηιιιιιιιο
1393 2553 1424 2604 de
1443 2554 1612 2618 disquisitione
1631 2552 1733 2603 chrono-

375 2642 468 2707 logica,
488 2656 562 2707 qnam
581 2643 716 2708 Kepierum
736 2648 872 2699 coniecisse
892 2647 1027 2705 audiverat,
1046 2646 1172 2710 respondit
1191 2645 1314 2709 Kepierns
1326 2658 1332 2695 :
1344 2633 1732 2713 occasionescircutnspiuio

378 2724 545 2784 excudeudi
569 2727 750 2803 opusculum,
778 2729 825 2790 cui
849 2730 926 2790 hauc
950 2729 1183 2809 disputationem
1206 2726 1262 2786 ieci
1287 2725 1492 2804 appendicem.
1514 2728 1551 2793 (5.
1570 2732 1629 2781 ιιι.
1644 2725 1734 2792 tuuu.)

378 2810 526 2875 impressum
554 2812 640 2862 librum
665 2815 732 2864 haud
751 2818 787 2865 ita
812 2817 888 2866 inuito
915 2823 971 2881 post
998 2818 1092 2865 misisse
1119 2816 1216 2865 ridetur
1234 2813 1356 2876 Kepierus
1374 2813 1512 2870 Henarto,
1541 2827 1597 2862 curn
1614 2814 1641 2861 in
1658 2811 1735 2861 literis

377 2883 453 2944 huius
471 2882 495 2932 d.
516 2880 558 2932 28.
577 2883 639 2933 Nor.
661 2883 738 2936 1606.
763 2887 826 2937 haec
852 2890 920 2937 uobis
945 2895 1091 2937 occurrant:
1120 2886 1180 2936 Sein
1199 2885 1332 2935 Sehreiben
1351 2884 1401 2933 hab
1418 2883 1464 2934 Ich
1482 2885 1645 2948 empiangen,
1675 2883 1735 2932 aber

377 2953 525 3020 gleichvohl
551 2958 645 3004 meiner
672 2960 898 3022 ansegestandener
926 2958 1170 3009 Leibssohwnchheit
1196 2957 1246 3005 und
1277 2955 1414 3006 hernachor
1441 2955 1578 3019 gepflegter
1603 2953 1736 3004 Badtkhnr

376 3024 465 3075 halber
483 3026 532 3074 biss
554 3027 612 3075 dato
631 3031 847 3079 unveraudtuordt
864 3032 955 3080 tasson.
993 3030 1064 3079 Auch
1081 3028 1130 3077 hab
1149 3028 1193 3077 ich
1212 3028 1254 3076 des
1272 3026 1353 3075 Herrn
1368 3029 1457 3091 junget
1474 3040 1636 3091 ausgangone
1655 3024 1733 3075 beede

377 3096 489 3146 Biiechel
502 3097 548 3146 nol
561 3100 717 3164 empiangen,
738 3101 796 3151 thoe
810 3102 875 3151 mich
893 3099 1020 3151 derselhen
1036 3100 1248 3149 Communication
1267 3097 1404 3147 irenndlich
1421 3097 1561 3153 bedonico,
1580 3097 1629 3145 viu
1641 3089 1733 3152 solone.

377 3182 452 3217 vanu
472 3169 507 3217 sie
526 3169 671 3233 gebnnden,
699 3174 781 3221 zieren
803 3173 887 3222 lusson
905 3172 956 3221 und
973 3172 1082 3221 hernach
1101 3172 1157 3220 dem
1175 3171 1255 3219 Herm
1281 3169 1372 3217 wieder
1396 3170 1476 3218 daron
1499 3168 1634 3218 sohreihen.
1672 3168 1733 3216 Wss

378 3240 419 3289 die
438 3240 632 3303 Furstenperson
658 3243 722 3291 aihie
750 3244 855 3303 betridi,
883 3244 929 3292 hat
954 3244 1072 3293 dieseon
1097 3242 1256 3307 dergleichen
1274 3240 1373 3290 Sachen
1392 3254 1439 3305 gar
1455 3240 1514 3289 hein
1540 3239 1657 3290 affection
1676 3239 1735 3289 oder

377 3312 538 3376 Zuneigung.
568 3312 622 3361 Das
638 3313 688 3362 hab
706 3314 750 3363 Ich
768 3315 819 3365 Ime
839 3331 870 3365 an
882 3316 1073 3364 Widerantwort
1090 3316 1128 3363 nit
1144 3314 1223 3363 sollen
1242 3310 1370 3362 rerhaiten
1387 3312 1438 3361 und
1455 3310 1519 3362 bleib
1536 3310 1590 3361 lme
1608 3311 1734 3361 darneben

378 3397 544 3448 angenemme
562 3382 653 3433 Dieust
671 3400 701 3434 zu
721 3389 838 3436 erweisen
858 3387 942 3436 allicit
959 3387 1040 3451 wiilig.
1060 3410 1095 3420 —

468 3452 516 3504 Die
536 3451 560 3502 θ.
579 3454 662 3504 Martii
684 3452 758 3504 1607.
784 3457 848 3507 haec
872 3456 939 3506 dedit
957 3458 1100 3507 Herwartus
1118 3455 1243 3518 Kepier0:
1272 3452 1358 3503 Indem
1377 3453 1421 3502 der
1438 3453 1502 3502 Herr
1524 3453 1589 3502 mein
1614 3452 1734 3515 judicium

378 3526 482 3591 hogeri,
502 3525 533 3574 de
551 3526 720 3588 praedictione
740 3543 769 3576 ex
788 3543 853 3577 nova
879 3528 952 3577 steila
971 3536 997 3578 et
1015 3528 1046 3577 de
1064 3542 1121 3576 vero
1140 3526 1231 3575 Christi
1259 3539 1324 3574 anno
1351 3524 1482 3580 natalitio,
1509 3524 1541 3572 ist
1566 3538 1592 3573 es
1620 3524 1672 3573 aisn
1690 3524 1733 3573 be·

377 3596 500 3656 schnffen,
520 3596 578 3646 dare
596 3598 640 3647 leh
658 3600 721 3648 vohi
740 3599 851 3649 Ursache
869 3600 954 3656 hetto.
983 3600 1061 3648 dnmit
1080 3614 1110 3647 zu
1128 3597 1310 3650 hinterhnlten‚
1337 3596 1393 3644 veil
1411 3610 1438 3645 ιι
1455 3594 1580 3646 rielloioht
1597 3595 1641 3644 der
1658 3594 1736 3643 Mulie

377 3669 424 3717 des
442 3667 589 3717 Sehreibens
608 3671 660 3719 und
679 3671 850 3720 Coniutierens
868 3673 905 3720 nit
932 3671 1017 3721 ιιιιιι.
1055 3669 1119 3719 Weil
1138 3684 1165 3718 es
1184 3671 1243 3718 abor
1268 3668 1312 3716 der
1329 3667 1394 3716 Horr
1411 3668 1502 3731 orriri,
1530 3665 1580 3715 vui
1596 3664 1642 3715 leh
1660 3679 1687 3713 es
1705 3679 1737 3715 ιι

377 3746 465 3805 gustem
484 3738 624 3790 Vertrauen
643 3742 706 3791 rond
725 3743 775 3791 und
794 3742 860 3791 offen
879 3743 985 3792 melden.

468 3809 529 3859 Was
556 3812 737 3874 praedictiones
765 3812 901 3862 futurorum
925 3829 955 3863 ex
982 3812 1054 3861 astris
1081 3810 1197 3874 belungt.
1225 3810 1297 3857 weiss
1315 3806 1358 3855 Ich
1384 3804 1461 3867 vohi,
1488 3805 1553 3870 qnod
1579 3821 1628 3854 non
1656 3805 1737 3854 desint

378 3880 503 3931 Catholici
521 3897 617 3947 quoqne
630 3882 756 3948 iheoiogi,
776 3885 817 3947 qui
835 3884 1023 3933 inclinationem
1041 3881 1079 3932 vei
1098 3881 1156 3947 quid
1174 3879 1252 3929 simile
1273 3879 1345 3927 astris
1364 3880 1390 3926 in
1408 3883 1505 3926 ιιιιιιι
1524 3876 1641 3932 tribuant.
1660 3883 1688 3925 nt
1706 3889 1737 3925 es

377 3954 409 4002 iis
428 3953 512 4002 future
531 3954 615 4017 sitque
640 3958 758 4018 praesciri
786 3963 896 4020 queant;
924 3961 1033 4005 ceterum
1060 3967 1134 4017 qnam
1157 3952 1229 4005 bene.
1253 3952 1299 4014 ipsi
1317 3949 1430 3998 viderint.
1466 3946 1511 3997 Ich
1528 3946 1578 3998 hab
1595 3947 1660 3996 noch
1678 3947 1737 3998 hein

376 4024 484 4073 soiidnm
502 4033 528 4073 ιι
546 4024 642 4074 firmum
669 4027 858 4075 tundamentum
886 4026 968 4077 finden
996 4026 1114 4085 huonon,
1145 4023 1235 4072 durani
1260 4023 1327 4071 diese
1353 4018 1505 4084 praedietion
1525 4033 1556 4068 ιι
1574 4018 1658 4068 sussen
1676 4032 1738 4082 noyn

376 4095 460 4145 sollte.
487 4095 557 4145 Etsi
576 4097 639 4146 bene
656 4099 783 4161 ingenium
801 4099 857 4147 nori
876 4104 945 4146 tunm
964 4104 1076 4160 apertum
1095 4103 1121 4145 et
1140 4094 1280 4153 candidum,
1300 4090 1412 4157 gednnht
1430 4088 1504 4147 mich,
1524 4104 1551 4139 es
1568 4104 1613 4153 roy
1631 4104 1676 4139 ans
1694 4088 1738 4139 des

376 4164 460 4216 Herrn
474 4166 535 4215 Hin-
555 4168 605 4216 nnd
619 4169 827 4233 fler-Disputireu
847 4167 955 4218 selbsten
973 4183 1000 4217 so
1013 4166 1060 4216 viel
1079 4164 1259 4222 abzunohmem
1279 4164 1336 4213 dass
1350 4177 1377 4212 ιι
1394 4161 1470 4213 selbst
1482 4161 1520 4210 nit
1536 4161 1626 4222 sreisst,
1645 4160 1742 4211 ιιιιιιὶ

377 4251 406 4287 ιι
425 4235 487 4299 sich
499 4238 612 4287 dissinhis
631 4239 755 4288 verlassen
776 4238 854 4288 sollte.

471 4307 564 4359 inferet
581 4311 687 4360 tortasse
706 4311 810 4375 aliquis:
837 4326 895 4375 orgo
915 4312 976 4359 torte
995 4310 1095 4358 fortuna
1119 4308 1267 4371 contingunt
1285 4319 1315 4355 ea
1335 4305 1432 4360 omnis,
1452 4304 1561 4367 quaein
1579 4302 1739 4365 eoelospee-

378 4386 469 4431 tantnr
487 4389 513 4430 ιι
530 4381 667 4431 hominibus
686 4382 745 4431 nihil
764 4384 862 4445 penitus
880 4379 1003 4445 prosunt?
1028 4379 1100 4444 Nego
1121 4379 1332 4443 consequentiam,
1351 4377 1403 4425 und
1419 4373 1567 4425 iiberschiek
1584 4375 1640 4424 dem
1657 4373 1739 4424 Herm

378 4451 545 4503 beirerwnhrt
561 4452 676 4502 hierirber
695 4456 734 4503 ein
753 4453 965 4517 speculationem.
985 4452 1024 4501 die
1044 4451 1084 4500 ich
1103 4452 1167 4506 hitt,
1190 4452 1224 4497 im
1242 4447 1382 4498 Vortrsnen
1400 4445 1452 4495 nnd
1471 4445 1590 4506 Geheinn‚
1618 4452 1738 4509 tanquam

376 4522 474 4574 nudam
501 4522 714 4587 speculationem,
744 4539 774 4573 zu
792 4524 896 4581 hulten,
924 4524 1048 4571 mirabor
1075 4528 1224 4586 argumenta
1242 4534 1285 4583 pro
1305 4525 1331 4567 ιι
1350 4522 1437 4567 contra
1463 4516 1539 4565 iibere
1558 4523 1584 4565 et
1602 4522 1688 4579 aperte
1706 4527 1738 4565 ιιι

377 4595 596 4645 eommunieieren.
634 4594 758 4644 Videntur
776 4595 873 4659 quidem
891 4594 955 4643 haec
974 4594 1103 4656 depromta
1121 4607 1151 4641 ex
1169 4591 1301 4640 traditione
1324 4588 1445 4638 ecciesiae
1465 4594 1565 4636 ιιιιιιι
1584 4586 1737 4643 Catholicae,

375 4666 426 4716 leh
443 4667 491 4715 viii
511 4667 571 4716 aher
589 4668 615 4715 in
633 4666 724 4716 heinen
746 4666 847 4719 Zneiioi
875 4665 982 4722 stetten,
1001 4665 1035 4713 Er
1052 4664 1133 4713 verde
1153 4677 1180 4712 es
1198 4677 1240 4724 pro
1258 4675 1303 4710 sno
1322 4660 1444 4715 candore,
1473 4658 1520 4708 etsi
1538 4657 1619 4707 eidem
1637 4672 1686 4707 non
1704 4656 1740 4706 sis

377 4738 507 4793 addictus,
535 4737 651 4787 dannooh
679 4738 782 4787 auderet
799 4739 836 4785 nit
855 4737 891 4785 als
910 4735 1085 4801 wohigemeint
1112 4732 1263 4784 aninohmen
1280 4730 1331 4780 nnd
1350 4731 1396 4779 mir
1420 4729 1527 4779 daritber
1553 4729 1608 4778 sein
1634 4726 1727 4791 spooist

376 4808 513 4861 bedenken
524 4808 673 4859 mittheiien.
682 4836 714 4845 —
728 4808 793 4857 Hine
812 4809 900 4857 transit
912 4806 1055 4855 Bernartns
1069 4804 1102 4855 nd
1115 4805 1306 4868 disputationem
1319 4800 1420 4863 Kepieri
1434 4799 1464 4849 de
1483 4813 1549 4848 anno
1569 4798 1658 4848 Christi
1676 4802 1739 4855 nat„

374 4880 500 4944 judiciuin
528 4895 598 4929 snum
618 4880 649 4929 de
668 4893 699 4929 ea
717 4879 793 4929 libere
821 4892 966 4943 proponens.
1005 4874 1076 4936 Quod
1104 4890 1180 4940 quum
1207 4876 1260 4938 ipse
1276 4872 1399 4935 Kepierns
1428 4870 1580 4933 subjunxerit
1605 4870 1666 4919 libro
1694 4881 1738 4918 sno

375 4952 515 5015 inscripto:
545 4950 693 5015 Eciogao
723 4950 916 5009 chronicae,
945 4948 978 4997 ad
996 4947 1065 4997 iilum
1082 4948 1223 5011 relegamus
1240 4945 1365 4993 lectorem.
1403 4941 1553 5005 speculatio,
1573 4954 1647 5005 quein
1664 4950 1740 5002 snpra

377 5025 445 5075 dixit
463 5023 618 5079 fleamus,
637 5022 770 5083 subjuncto
783 5028 821 5071 ιιι
839 5021 876 5069 his
895 5020 979 5076 litoris,
998 5033 1078 5083 neque
1097 5032 1154 5067 roro
1173 5014 1426 5079 stipantium,
1445 5014 1510 5063 ιίιιι
1527 5012 1636 5076 reliques
1655 5025 1740 5061 omnes

377 5108 443 5162 qnos
462 5097 574 5146 continet
594 5093 647 5143 Vol.
667 5092 710 5142 lx.
730 5091 792 5143 nnn
810 5092 907 5156 Petrop.
928 5090 1058 5155 epistotae,
1077 5089 1226 5152 conscripta
1252 5085 1355 5136 Summa
1366 5085 1429 5135 haee
1446 5091 1501 5133 eet:
1520 5081 1607 5134 Coelos
1624 5098 1674 5133 non
1692 5081 1740 5133 nisi
