4584 6192
470 603 537 671 560
1082 599 1208 663 Dioptrice

470 784 589 845 omnino
612 782 776 862 proximae,
803 779 899 840 etsie
924 800 942 837 a
965 796 1059 855 parra
1082 777 1219 856 portione
1245 795 1395 837 convexae
1420 777 1512 839 lentis
1543 780 1702 859 allapsae:
1744 799 1841 859 quare

469 877 538 952 (per
553 870 685 944 CXIX.)
710 869 816 930 debilis
841 877 886 927 est
911 868 988 926 risio
1012 885 1065 945 per
1089 868 1198 926 lentem
1222 885 1315 945 parvo
1339 866 1482 927 caritatis
1506 869 1631 929 circulo.
1682 869 1770 929 Idem
1797 869 1841 941 fit,

468 962 495 1022 si
519 962 557 1023 de
580 961 715 1021 cavitate
739 957 839 1036 magni
864 957 954 1016 etiarn
979 955 1081 1015 circuli
1102 956 1142 1015 sit
1166 956 1264 1033 portio
1289 964 1421 1018 aneusta
1445 966 1475 1016 et
1500 957 1596 1017 minor
1621 958 1750 1035 pupilla.

558 1047 675 1111 CXXI.
722 1045 953 1125 Propositio.
1007 1044 1158 1104 Portionis
1192 1045 1228 1103 de
1261 1043 1483 1122 hemisphaerio
1518 1064 1571 1123 per
1609 1046 1711 1105 lentes
1753 1045 1840 1107 visae

468 1157 540 1218 pars
565 1137 665 1198 media
688 1145 718 1195 et
742 1133 979 1214 perpendiculari
996 1133 1132 1212 proxima
1147 1134 1258 1193 clarius
1278 1145 1309 1192 et
1334 1132 1440 1192 fortius
1466 1134 1585 1193 ridetur
1608 1153 1701 1212 quam
1727 1134 1840 1195 limbus

468 1227 671 1289 circumcirca.

559 1312 659 1375 Causa
706 1312 745 1371 ad
791 1311 907 1371 oculum
954 1319 1041 1388 patet
1083 1310 1111 1368 in
1158 1311 1312 1369 schemate
1361 1306 1409 1369 12.
1458 1309 1486 1368 in
1526 1328 1583 1388 quo
1622 1310 1665 1369 sit
1704 1310 1838 1372 latitudo

468 1403 598 1482 pupillae
624 1400 694 1470 QG.
742 1398 856 1460 Oculus
890 1399 967 1458 enim
1000 1399 1027 1458 in
1053 1396 1114 1467 QG
1148 1418 1200 1458 seu
1232 1397 1327 1456 nudus
1360 1417 1412 1456 sen
1445 1406 1607 1475 praetenta
1639 1399 1725 1458 lente
1762 1418 1839 1461 cara

468 1491 653 1563 collocatus,
700 1489 801 1568 puncti
840 1488 865 1547 E
903 1488 1087 1547 radiationes
1124 1506 1227 1546 omnes
1273 1487 1350 1546 inter
1395 1484 1498 1558 ΕΑΘ,
1537 1484 1623 1546 EBG
1667 1488 1835 1568 intercipit,

468 1579 570 1659 puncti
603 1597 671 1638 vero
697 1576 721 1638 C
746 1596 803 1638 non
829 1596 949 1650 omnes,
984 1577 1037 1636 sed
1075 1576 1205 1654 penicilli
1240 1572 1377 1636 CAFBC
1409 1583 1526 1653 partem
1561 1575 1673 1635 saltem
1709 1578 1836 1657 excipit,

468 1667 586 1728 seilicet
609 1668 688 1745 quod
712 1673 760 1726 est
783 1666 861 1725 inter
886 1664 967 1738 cal,
994 1662 1098 1725 CllG:
1124 1666 1201 1743 quod
1226 1683 1296 1722 rero
1316 1664 1381 1741 jam
1405 1672 1453 1722 est
1476 1663 1555 1723 inter
1580 1662 1670 1724 CHG
1692 1676 1726 1724 et
1747 1664 1838 1737 CBF,

469 1756 499 1816 id
530 1756 694 1816 aberrata
726 1754 841 1833 pupilla
864 1752 935 1823 QG.
984 1752 1085 1822 Quare
1119 1772 1184 1813 cum
1214 1753 1240 1811 l:
1269 1752 1407 1811 rideatur
1439 1770 1492 1830 per
1520 1752 1596 1824 AB,
1623 1751 1648 1813 C
1675 1772 1752 1814 xero
1785 1774 1838 1834 per

468 1844 537 1916 ΑΗ,
561 1863 614 1922 per
639 1841 755 1903 CXIX.
781 1842 888 1902 fortius
912 1851 944 1902 et
968 1842 1077 1901 clarius
1102 1842 1251 1901 ridebitur
1275 1842 1299 1900 E
1325 1861 1414 1919 quarn
1438 1839 1474 1901 C.

558 1931 689 1994 CXXII.
750 1930 976 2009 Propositio.
1037 1932 1179 2008 Angusta
1218 1930 1306 1990 lentis
1351 1948 1503 1989 convexae
1544 1929 1686 2006 portione
1727 1932 1838 1993 ceteris

467 2020 590 2099 paribus
616 2019 808 2080 distinctiora
832 2028 1098 2097 repraesentantur
1122 2019 1262 2091 risibilia,
1289 2019 1352 2078 lata
1376 2018 1554 2078 confusiora.

556 2109 636 2169 Nam
662 2128 737 2187 quae
763 2128 815 2186 per
839 2128 979 2186 magnam
1003 2108 1169 2186 portionem
1194 2107 1395 2167 convexitatis
1421 2107 1449 2166 iu
1474 2106 1591 2166 oculum
1621 2106 1760 2179 radiant,
1784 2109 1836 2170 illa

471 2216 525 2276 per
559 2196 677 2259 CXIX.
713 2198 819 2257 l'ortius
853 2198 991 2270 radiant,
1025 2217 1083 2276 qua
1116 2196 1290 2257 tortitudine
1321 2197 1446 2273 primum
1478 2194 1560 2253 iridis
1594 2195 1734 2270 colores,
1768 2197 1836 2258 inde

470 2285 598 2346 nebulae
623 2284 803 2345 excitantur.
847 2285 935 2346 Oculi
959 2286 1037 2346 enim
1062 2304 1136 2344 cara
1161 2295 1191 2345 et
1215 2284 1377 2345 retil'ormis
1401 2284 1503 2344 tunica
1526 2291 1573 2342 est
1598 2283 1710 2360 spiritu
1735 2287 1835 2364 plena,

470 2383 503 2434 et
526 2374 601 2434 licet
620 2394 638 2434 a
657 2383 768 2452 puncto
783 2374 880 2434 solum
904 2383 1056 2453 tangatur,
1082 2384 1181 2434 tamen
1199 2374 1224 2433 si
1240 2374 1269 2434 id
1293 2382 1433 2451 punctum
1454 2391 1490 2431 ex
1513 2391 1662 2432 concursu
1682 2375 1835 2435 radiorum

469 2462 629 2523 multorum
662 2463 703 2522 sit
735 2463 931 2523 immoderate
962 2463 1107 2536 luridum,
1139 2463 1261 2541 spiritus
1286 2463 1314 2521 in
1344 2462 1444 2540 aliqua
1475 2460 1637 2520 latitudine
1669 2463 1836 2524 retiiormis

468 2551 551 2613 circa
575 2551 631 2610 hoc
655 2562 797 2628 punctum
826 2552 996 2612 imbuuntur
1024 2552 1204 2630 contagione
1233 2551 1384 2629 passionis
1414 2550 1620 2629 penetrantis3
1652 2551 1725 2611 ride.
1751 2553 1834 2614 LXI.

470 2641 578 2718 ltaque
604 2658 658 2717 pro
690 2640 901 2699 commoditate
933 2641 1023 2714 oculi,
1058 2641 1246 2701 instrumenti
1271 2648 1301 2699 et
1330 2639 1405 2699 lueis
1439 2638 1560 2698 diurnae
1589 2639 1639 2699 vel
1670 2648 1835 2701 nocturnae

469 2726 634 2806 ampliatur
659 2736 690 2785 et
714 2728 860 2806 retegitur·
883 2747 1017 2788 conrexa
1044 2731 1118 2802 lens,
1145 2740 1196 2788 aut
1227 2736 1405 2804 angustatur
1429 2737 1460 2786 et
1483 2728 1613 2804 tegitur:
1647 2748 1704 2789 seu
1730 2730 1833 2790 imme·

469 2815 551 2877 diate
576 2835 629 2876 seu
656 2815 722 2875 loco
748 2816 925 2877 intermedio
955 2819 1032 2878 inter
1061 2818 1168 2890 lentes,
1195 2817 1329 2878 adhibito
1354 2817 1583 2894 diaphragmate
1608 2825 1757 2894 pertuso,
1783 2826 1833 2877 ant

468 2903 548 2965 collo
572 2904 763 2964 instrumenti
796 2905 957 2966 introrsum
986 2909 1062 2967 flexo
1087 2916 1117 2967 et
1143 2915 1322 2984 angustato,
1355 2914 1405 2964 aut
1437 2904 1633 2982 productione
1664 2906 1732 2966 tubi
1756 2908 1833 2968 ultra

470 2993 580 3053 lentem
606 3011 781 3064 convexam,
806 3004 839 3053 ut
863 2996 926 3074 ejus
950 2995 1131 3075 cylindraeei
1156 2995 1297 3054 orificium
1322 2993 1464 3054 remotius
1488 3012 1541 3071 per
1565 2994 1702 3056 LXVII.
1728 2994 1831 3056 minori

469 3081 579 3160 angulo
613 3091 754 3141 cernatur
789 3085 949 3163 valeatque
983 3094 1116 3158 tantum,
1155 3093 1296 3161 ‹prantunr
1337 3081 1493 3159 angustius
1531 3082 1655 3161 aliquid.
1716 3085 1832 3145 Natura

469 3168 617 3248 praelusit
641 3170 835 3249 ampliatione
860 3173 1015 3233 foraminis
1038 3192 1131 3232 ureae
1157 3173 1194 3231 ad
1220 3173 1314 3232 lucem
1344 3179 1532 3242 nocturnam,
1559 3172 1772 3233 contractione
1795 3174 1829 3232 ad

468 3257 616 3318 diurnam.

558 3346 660 3407 llabet
683 3347 884 3427 diaphragma
900 3357 930 3409 et
944 3350 1021 3410 hunc
1046 3368 1141 3423 usum,
1167 3359 1200 3409 ut
1215 3349 1295 3409 intus
1319 3346 1535 3407 obscuritatem
1561 3347 1667 3419 saciat,
1693 3367 1829 3428 quorsum

470 3441 501 3493 et
525 3436 608 3496 color
632 3434 717 3513 niger
750 3437 828 3498 intus
862 3438 1008 3499 obductus
1038 3438 1145 3509 servit,
1181 3446 1210 3498 et
1235 3436 1299 3496 litui
1325 3438 1435 3514 ligura,
1464 3454 1626 3514 progressu
1661 3446 1827 3499 extrorsum

469 3524 549 3584 flexa
573 3524 687 3583 habens
714 3526 823 3600 latera,
850 3528 878 3587 in
904 3528 1000 3586 medio
1026 3528 1203 3599 introrsum,
1229 3545 1265 3584 ne
1291 3526 1366 3585 radii
1390 3543 1482 3603 prope
1511 3544 1680 3587 convexam
1706 3527 1827 3606 ingressi

468 3630 583 3675 rursum
609 3631 804 3694 prorsunrqne
829 3616 1015 3676 rerihrentur
1040 3625 1071 3674 et
1094 3616 1264 3676 claritatem
1289 3614 1412 3674 faciant.

557 3702 670 3760 Eodem
696 3704 790 3763 servit
815 3715 845 3764 et
869 3706 1024 3783 productio
1050 3704 1111 3764 tubi
1138 3705 1226 3782 longe
1251 3704 1330 3763 ultra
1356 3703 1466 3762 lentem
1491 3720 1669 3776 convexam,
1696 3724 1734 3764 ne
1759 3724 1823 3765 con-

468 3808 575 3850 vexum
602 3790 762 3851 irradietur
787 3815 804 3852 a
829 3793 1004 3853 lateralibus
1029 3792 1241 3870 hemisphaerii
1265 3792 1412 3869 partibus.

557 3879 706 3940 t'XXlll.
754 3881 963 3942 Problema.
1012 3881 1142 3941 l'isihile
1167 3882 1194 3941 in
1220 3881 1349 3955 sublimi,
1376 3880 1402 3938 in
1428 3877 1585 3957 profundo,
1613 3898 1632 3936 a
1651 3878 1763 3943 dextra
1784 3879 1825 3940 rel

467 3966 592 4026 sinistra
618 3978 648 4027 et
674 3968 722 4028 ubi
748 3970 822 4029 velis
847 3970 958 4029 videre.

557 4056 615 4127 Fit,
641 4057 667 4115 si
692 4076 785 4117 carae
810 4058 900 4118 lentis
925 4059 1072 4119 diameter
1097 4059 1135 4118 sit
1162 4056 1250 4118 latior
1273 4057 1388 4135 pupilla
1412 4055 1488 4116 oculi
1513 4065 1544 4115 et
1567 4054 1647 4114 satis
1673 4055 1776 4135 larga,
1798 4065 1825 4116 ut

468 4143 571 4202 oculus
596 4166 614 4204 a
636 4154 740 4205 centro
766 4147 829 4224 ejus
854 4150 937 4226 justo
969 4148 1067 4226 spatio
1093 4149 1130 4207 ad
1157 4148 1253 4207 latera
1279 4146 1377 4223 possit
1401 4146 1492 4205 exire.
1538 4144 1618 4204 Nam
1643 4145 1779 4222 penicilli
1801 4145 1824 4204 in

468 4231 611 4293 lateribus
635 4253 729 4294 cavae
754 4236 955 4313 refringantur
980 4236 1036 4295 toti
1061 4245 1092 4295 et
1116 4235 1254 4314 oblique:
1286 4234 1492 4294 sinistrorsum
1518 4233 1546 4292 in
1571 4232 1724 4308 sinistris,
1756 4237 1823 4296 dex·

468 4328 597 4381 trorsuur
622 4322 651 4382 in
677 4323 802 4384 dextris.
851 4323 900 4384 Sit
929 4324 1006 4384 enim
1031 4324 1058 4383 in
1088 4326 1240 4384 schemate
1270 4321 1323 4383 25.
1354 4322 1469 4382 ABON
1503 4322 1582 4380 linea
1612 4322 1718 4383 media
1749 4323 1824 4384 unius

466 4408 599 4488 penicilli
616 4411 738 4472 veniens
754 4412 781 4472 in
799 4419 932 4473 centrum
947 4413 1089 4491 pupillae,
1111 4414 1164 4473 illa
1179 4430 1231 4491 per
1246 4412 1281 4484 B,
1299 4411 1325 4471 (l
1341 4408 1457 4488 puncta
1467 4410 1642 4488 retringitur
1661 4421 1824 4473 extrorsum

466 4497 505 4558 ad
530 4497 699 4574 sinistram,
733 4501 801 4580 quia
830 4510 860 4560 et
884 4500 940 4562 ΒΟ
970 4513 1018 4560 est
1047 4521 1116 4581 pars
1146 4501 1235 4561 lentis
1265 4501 1398 4559 sinistra.
1448 4499 1542 4559 Oculo
1574 4499 1666 4575 igitur
1692 4521 1712 4560 a
1736 4500 1824 4562 medio

466 4587 532 4647 cavi
558 4590 706 4649 translato
736 4591 772 4649 ad
799 4591 878 4649 latus
912 4591 1065 4649 sinistrum
1091 4589 1132 4663 Ο,
1169 4601 1310 4668 punctum
1335 4590 1363 4649 Α
1393 4608 1446 4667 per
1476 4596 1588 4648 rectam
1613 4585 1713 4648 ΝΟΜ
1737 4590 1824 4651 risum
1869 4627 1871 4632 -

466 4675 621 4752 putabitur
645 4697 711 4738 esse
737 4680 764 4738 in
790 4679 822 4738 Μ
846 4679 905 4739 situ
930 4680 1101 4752 dexteriori,
1129 4698 1182 4757 per
1201 4680 1290 4739 XlX.

556 4765 703 4827 CXXlV.
761 4768 966 4828 Problema.
1026 4768 1265 4845 Magnitudinem
1304 4766 1467 4843 ampliatae
1508 4765 1620 4843 speciei
1667 4767 1822 4828 artificiose

466 4853 640 4914 aestimare.

554 4941 712 5021 Dirigatnr
749 4943 873 5005 sinister
908 4946 1010 5004 oculus
1045 4945 1072 5003 in
1113 4964 1173 5003 rem
1212 4945 1359 5005 risihihrn
1396 4943 1458 5001 ¹sine
1497 4943 1699 5003 instrumento
1737 4943 1822 5014 liber;

466 5028 573 5091 dexter
602 5050 673 5091 vero
708 5039 790 5092 trans
828 5034 926 5093 lentes
962 5034 1087 5093 eandem
1125 5033 1284 5114 adspiciat.
1342 5033 1416 5093 t‘uru
1450 5030 1540 5108 igitur
1572 5030 1697 5092 sinister
1727 5032 1767 5092 sit
1797 5029 1821 5089 in
1873 5071 1874 5092 t

466 5116 585 5180 visibile
609 5119 751 5192 directus,
777 5119 883 5181 dexter
903 5131 1002 5182 autem
1019 5121 1143 5182 sinistro
1165 5130 1272 5200 sponte
1294 5141 1348 5180 sua
1373 5138 1490 5198 semper
1512 5128 1634 5180 maneat
1654 5118 1819 5199 parallelus,
