4584 6192
984 582 1068 649 Caput
1084 586 1118 637 V.

950 903 1071 1003 Caput
1103 901 1148 975 V.

372 1085 429 1152 Aa
449 1085 579 1150 annuae
603 1086 769 1167 mmmmm
796 1085 861 1147 sint
883 1083 1073 1155 antimaria,
1102 1099 1145 1141 on
1171 1100 1243 1143 vero
1269 1080 1438 1146 socordia
1460 1091 1490 1147 et
1510 1085 1730 1168 mgrdficativo.

464 1244 573 1307 Dicam
597 1243 689 1323 igitur
711 1244 841 1305 secundo
865 1243 931 1306 loco
955 1242 992 1303 de
1016 1240 1130 1321 origine
1155 1238 1313 1314 nominum,
1338 1241 1445 1322 quibus
1466 1241 1567 1305 sidera
1589 1253 1661 1307 sunt
1682 1241 1732 1309 in-

374 1332 500 1414 signita.
546 1333 589 1395 Et
611 1340 682 1394 sunt
705 1325 823 1412 quidem
847 1330 948 1411 magni
971 1330 1041 1405 viri,
1066 1330 1115 1408 qui
1135 1327 1319 1404 existimant,
1344 1329 1482 1392 desumta
1505 1350 1572 1394 esse
1596 1334 1731 1398 constel-

373 1421 521 1485 lationum
544 1421 664 1484 nomina
687 1420 725 1482 ab
749 1421 867 1483 occulta
889 1419 1085 1499 proprietate,
1111 1437 1169 1499 qna
1191 1418 1328 1496 polleant
1350 1419 1425 1481 haec
1446 1418 1547 1482 sidera
1562 1439 1636 1502 prae
1651 1421 1730 1500 aliis,

373 1529 510 1592 quaeque
546 1509 753 1590 periclitandis
787 1509 936 1571 hominurn
960 1506 1120 1587 genesibus
1144 1505 1206 1568 sint
1228 1505 1378 1569 inventae.
1426 1504 1485 1578 Qui
1518 1509 1562 1571 sic
1585 1509 1730 1588 sentiunt,

376 1597 399 1662 ii
423 1599 598 1661 adsciscant
617 1598 709 1661 etiam
733 1599 771 1660 ad
796 1598 936 1660 tuendam
959 1597 1036 1659 hanc
1060 1593 1242 1658 seutentiam
1257 1595 1474 1670 illaIndorum,
1499 1595 1732 1675 Chaldaeorum,

374 1687 595 1769 Aegyptiorum
619 1687 746 1767 plurima
769 1706 912 1748 annorum
937 1684 1044 1758 millia,
1067 1692 1102 1746 ut
1124 1684 1201 1746 satis
1224 1684 1367 1764 temporis
1391 1685 1558 1765 largiantur
1579 1685 1732 1750 veteribus

375 1776 416 1839 ad
440 1776 514 1838 haec
538 1776 758 1856 investiganda.
805 1772 984 1856 Quanquam
1008 1792 1063 1853 ego
1088 1773 1209 1835 diversa
1227 1773 1342 1835 ratione
1357 1793 1446 1854 quam
1461 1774 1550 1838 Picus
1568 1775 1624 1838 boc
1639 1794 1732 1856 argu-

376 1873 511 1928 mentum
541 1883 664 1945 nsnrpo,
699 1884 756 1926 uon
789 1865 963 1926 ademtnrus
996 1883 1031 1925 eo
1064 1862 1226 1941 astrologis
1258 1881 1375 1924 omnem
1405 1862 1535 1925 omnium
1559 1865 1733 1945 dogmatum

376 1953 613 2034 experientiam,
647 1953 724 2034 quod
756 1954 806 2015 ille
832 1954 919 2023 facit,
953 1953 1005 2015 sed
1030 1960 1220 2027 ostensurus,
1253 1952 1328 2013 haec
1351 1951 1380 2013 in
1405 1952 1506 2031 specie
1530 1952 1650 2017 uomina
1672 1972 1732 2018 non

375 2041 498 2104 venisse
522 2042 619 2104 stellis
643 2042 682 2104 ab
706 2041 906 2122 experientia,
939 2040 996 2102 nisi
1020 2048 1154 2114 constet,
1189 2040 1294 2102 eadem
1318 2040 1392 2101 duce
1421 2040 1620 2122 experientia,
1644 2052 1679 2105 ut
1700 2041 1732 2105 iu

376 2131 488 2194 ceteris
512 2131 628 2193 artibus
653 2130 754 2211 aliqua
777 2130 868 2192 etiam
892 2150 1032 2192 successu
1057 2129 1224 2192 seculorum
1244 2129 1404 2190 emendata
1428 2138 1460 2192 et
1480 2130 1509 2191 in
1525 2130 1632 2194 melius
1647 2150 1733 2193 com-

375 2228 496 2282 mutata
524 2220 628 2281 fnisse.
675 2217 760 2281 Satis
794 2227 915 2281 constat
947 2239 984 2280 ex
1017 2217 1178 2289 Cicerone,
1207 2218 1398 2292 Ptolemaeo,
1427 2217 1569 2294 Manilio,
1592 2218 1732 2297 Firmico,

375 2327 435 2370 non
460 2307 578 2370 demum
603 2308 657 2370 sub
681 2308 820 2388 Augusto
845 2317 876 2370 et
899 2307 1018 2369 Tiberio
1043 2305 1226 2369 Caesaribus
1250 2306 1279 2367 in
1302 2306 1471 2369 Romanum
1494 2307 1650 2388 imperium
1673 2307 1732 2371 iru-

373 2404 539 2478 portatam,
564 2396 617 2459 sed
641 2397 807 2478 antiquitus
830 2404 982 2477 receptam
1007 2415 1073 2458 cum
1096 2415 1172 2457 sana
1194 2394 1322 2457 scientia
1345 2395 1422 2456 hauc
1445 2395 1538 2458 etiarn
1556 2396 1732 2459 nomencla-

374 2494 478 2549 turam
500 2486 661 2565 signorum.
703 2484 789 2547 Satis
812 2486 903 2548 etiarn
926 2486 1038 2548 clarum
1063 2492 1111 2546 est
1133 2503 1172 2545 ex
1189 2482 1284 2546 Esaia
1298 2482 1460 2564 Propheta,
1485 2484 1539 2547 sub
1562 2485 1733 2548 monarchis

375 2573 588 2657 Babylonicis,
619 2575 736 2656 quando
769 2584 932 2654 coeperunt
963 2574 1091 2654 eclipses
1125 2572 1311 2651 consignari,
1344 2574 1382 2634 ad
1414 2573 1565 2652 publicum
1596 2574 1734 2639 delirium

375 2682 471 2746 usquo
482 2663 574 2726 luisse
585 2663 747 2725 exercitam
762 2663 956 2742 astrologiam
970 2671 1154 2744 matremque
1170 2661 1325 2723 exstitisse
1339 2662 1518 2742 praecipuae
1532 2662 1731 2741 idololatriae,

377 2752 448 2815 dnm
472 2746 628 2836 spiritibus
649 2753 839 2832 planetarum
860 2752 974 2813 fictitiis
989 2751 1043 2813 sub
1058 2751 1236 2814 electionum
1250 2759 1411 2831 praetextu
1425 2750 1574 2813 servirent
1586 2752 1731 2815 homines.

377 2838 459 2911 Quid
483 2840 520 2902 de
539 2841 626 2903 Mose
651 2841 762 2916 dicam,
788 2860 874 2922 quem
898 2841 1027 2922 quidam,
1051 2840 1189 2919 legentes
1211 2838 1241 2900 in
1265 2840 1345 2901 omui
1369 2838 1498 2901 scientia
1514 2839 1734 2924 Aegyptiorum

377 2927 527 2992 eruditum
551 2929 653 3005 luisse,
678 2928 707 2990 in
728 2929 894 3007 astrologia
908 2930 993 3009 ajunt
1007 2928 1201 2990 excelluisse:
1227 2928 1305 3008 quod
1324 2947 1362 2989 ex
1376 2928 1510 2991 Luciauo
1530 2930 1731 2993 confirmatur.

376 3020 480 3100 Atque
503 3018 530 3080 is
553 3015 619 3081 800
643 3018 729 3080 annis
753 3037 809 3079 non
839 3019 907 3098 plns
939 3038 958 3078 a
986 3018 1097 3079 diluvio
1122 3015 1228 3078 abfuit.
1276 3016 1369 3099 Atqui
1402 3017 1493 3079 etiarn
1526 3018 1617 3099 paulo
1650 3027 1731 3095 ante,

377 3116 514 3187 tempore
538 3105 571 3169 S.
595 3104 676 3181 Jobi,
700 3107 934 3187 percrebuerunt
957 3107 1139 3187 quorundam
1163 3105 1294 3168 siderum
1316 3105 1445 3169 nomina.
1464 3109 1468 3117 ’
1488 3106 1592 3188 Itaque
1612 3115 1731 3187 tempus

377 3195 417 3257 ad
441 3195 682 3258 constituendam
705 3196 782 3257 hanc
806 3195 957 3276 signorum
981 3196 1104 3256 effectus
1128 3193 1285 3257 scientiam
1309 3194 1435 3276 indeque
1459 3195 1639 3258 derivandae
1655 3215 1730 3260 cou-

377 3284 586 3346 stellationum
609 3287 719 3364 tiguras
743 3285 903 3346 admodum
926 3284 1036 3359 breve,
1061 3291 1168 3346 contra
1190 3302 1261 3346 vero
1285 3290 1413 3364 tempus,
1439 3303 1496 3364 quo
1515 3283 1640 3365 antiqua
1654 3284 1733 3347 ratio

377 3373 569 3453 nuncupandi
592 3373 694 3435 sidera
716 3373 774 3434 huc
801 3392 894 3453 usque
918 3374 995 3435 citra
1026 3391 1142 3434 ornnem
1176 3371 1372 3434 mutationem
1406 3372 1541 3448 duravit,
1575 3372 1734 3436 admodum

376 3461 500 3544 longum
523 3462 661 3524 efficitur.
709 3458 790 3532 Quid
814 3461 883 3523 novi
907 3480 1033 3542 namque
1058 3460 1173 3523 invexit
1192 3462 1327 3524 Arabum
1350 3461 1380 3521 in
1405 3461 1462 3523 bac
1485 3469 1551 3523 arte
1575 3461 1732 3537 sedulitas,

377 3551 458 3631 quod
481 3551 518 3612 ad
543 3550 668 3631 antiqua
692 3570 729 3612 ex
752 3551 926 3612 Ptolemaeo
950 3557 982 3612 et
1004 3550 1131 3612 Manilio
1163 3561 1237 3612 nota
1267 3549 1414 3630 principia
1445 3549 1545 3612 reduci
1578 3568 1673 3629 exque
1695 3547 1734 3611 iis

377 3638 510 3701 derivari
533 3657 591 3701 non
614 3638 734 3720 possit?
775 3639 818 3702 Ut
840 3639 885 3701 ita
907 3638 1116 3700 ratiocinando
1141 3658 1178 3699 ex
1201 3638 1354 3700 veteribus
1372 3637 1527 3719 principiis
1546 3637 1735 3717 siderumque

376 3727 557 3802 nominibus,
581 3747 639 3790 non
664 3727 928 3808 experimentando
953 3747 1039 3802 nova,
1065 3726 1253 3807 disciplinam
1277 3725 1424 3790 auxerint.

467 3814 530 3879 Sed
562 3816 717 3879 audiamus
749 3817 806 3878 hac
838 3816 876 3877 de
909 3834 940 3877 re
974 3836 1012 3877 ex
1039 3814 1090 3878 illo
1117 3815 1252 3877 Arabum
1285 3815 1386 3877 seculo
1416 3814 1579 3890 hominem,
1612 3811 1735 3877 vixdum

376 3912 488 3968 renata
510 3924 547 3967 ex
569 3904 711 3968 Arabicis
735 3904 888 3967 codicibus
911 3906 1095 3967 astronomia
1117 3903 1270 3967 imbutum.

468 3994 610 4057 Humana
628 3994 746 4074 quidem
763 3992 930 4074 persuasio,
955 3993 1052 4074 inquit
1073 3993 1094 4055 J
1102 4012 1243 4056 oannes
1267 3993 1312 4055 de
1336 3990 1450 4054 Sacro
1473 3991 1610 4068 Bosco,
1635 3988 1734 4053 stollis

376 4101 518 4145 numeros
542 4082 893 4147 etnominafecitnon
918 4082 1026 4144 exsui
1053 4092 1177 4156 natura,
1211 4083 1265 4144 sed
1298 4080 1516 4163 significatione
1549 4077 1737 4143 distinctioni

377 4172 618 4247 accommodata,
643 4171 721 4233 nude
744 4171 936 4234 Bernhardus
960 4168 1126 4253 Sylvestris
1151 4169 1238 4232 dicit:
1253 4166 1279 4245 ⁶)

700 4287 839 4342 Communi
859 4306 894 4342 ne
915 4304 982 4341 voce
1003 4289 1045 4343 rei
1064 4287 1206 4361 generalis
1227 4289 1366 4352 oberrent,

752 4368 831 4432 Quae
850 4370 929 4423 modo
951 4374 1016 4422 sunt
1036 4369 1126 4423 stellis
1146 4366 1265 4434 nomina,
1287 4368 1354 4422 lecit
1372 4367 1462 4422 homo.

467 4465 546 4527 Item
569 4460 717 4544 Virgilius
741 4463 791 4527 lib.
816 4466 841 4526 1.
867 4462 980 4545 Georg.

646 4570 752 4626 Navita
771 4574 834 4627 dnm
854 4573 945 4627 stellis
965 4588 1092 4627 numeros
1113 4577 1143 4624 et
1164 4571 1275 4625 nomina
1294 4570 1377 4624 lecit:

698 4651 836 4717 Pleiades,
856 4654 980 4723 Hyades,
1001 4652 1160 4722 claramque
1179 4650 1317 4723 Lycaonis
1337 4654 1451 4705 Arcton.

352 4791 358 4800 ·
469 4756 535 4818 Imo
558 4773 629 4817 vero
653 4756 783 4836 ipsomm
804 4756 895 4818 etiarn
910 4756 1043 4818 Arabum
1063 4755 1199 4817 saniores
1218 4755 1391 4828 audiamus,
1415 4753 1576 4834 praecipue
1590 4749 1736 4813 Abraha-

378 4863 460 4909 mum
468 4844 639 4921 Abenezra,
656 4845 740 4924 cujus
755 4846 847 4907 verba
861 4846 917 4907 hoc
932 4844 1030 4924 ipsum
1044 4843 1176 4906 dicentia
1191 4843 1258 4904 vide
1274 4842 1352 4924 apud
1359 4840 1462 4905 Picum
1475 4842 1526 4905 lib.
1534 4839 1566 4905 8.
1574 4857 1639 4920 cap.
1651 4833 1736 4915 l5.‘)

342 4937 357 4958 ’”
469 4931 601 4995 Omnino
625 4933 804 4996 credendum
827 4941 885 5006 est,
909 4934 967 4995 duo
990 4932 1083 4995 luisse
1099 4950 1212 5013 genera
1228 4930 1389 5005 hominnm,
1416 4930 1466 5010 qui
1489 4930 1596 4992 stellas
1619 4928 1649 4989 in
1673 4927 1737 4989 lor-

378 5040 447 5085 mas
471 5020 619 5102 quasdam
642 5021 832 5101 rodegemnt,
856 5021 1007 5102 agricolas
1031 5030 1063 5083 et
1085 5028 1205 5083 nautas.
1251 5019 1299 5082 Do
1313 5017 1464 5099 agricolis,
1489 5015 1540 5098 qui
1553 5014 1763 5097 antiquiores

379 5110 542 5186 videntur,
567 5108 629 5171 dixi
652 5127 754 5189 supra.
801 5108 958 5182 Quomodo
990 5110 1069 5173 enim
1100 5108 1268 5189 intelligere
1299 5114 1440 5189 possent,
1473 5104 1576 5169 Solem
1598 5104 1739 5167 absoluta
