4584 6192
554 632 620 701 500
723 695 726 699 .
1159 627 1309 676 Dissertatio

555 815 631 876 dunt
649 808 687 869 ab
710 807 776 885 ipso
801 804 898 867 lucido
923 822 1047 883 corpore
1072 803 1162 875 radii,
1187 802 1206 861 ii
1232 802 1304 863 vitio
1336 803 1550 863 refractionurn
1574 810 1606 862 et
1628 821 1682 881 per
1706 807 1826 863 noctem
1850 819 1918 862 am-

555 898 739 983 plificatione
775 894 929 957 foraminis
961 912 1056 953 uveae
1091 891 1294 953 diffunduntur
1324 892 1352 951 in
1377 892 1569 971 splendorem
1602 891 1629 952 in
1659 888 1807 952 retiformi
1840 889 1921 951 circa

556 994 718 1071 punctum,
754 984 832 1064 qnod
863 983 983 1048 stellam
1008 981 1110 1042 debuit
1144 989 1391 1060 repraesentare,
1424 981 1656 1058 circumjectum.
1710 980 1817 1058 Neque
1847 997 1920 1057 per-

556 1076 707 1157 0010111υο
730 1073 759 1133 10
784 1073 878 1133 Terra
901 1071 1007 1131 adimit
1030 1069 1140 1148 aliquid
1175 1070 1273 1130 stellis
1298 1070 1325 1129 in
1351 1070 1450 1144 coelo,
1484 1071 1538 1130 sed
1568 1068 1674 1130 adimit
1704 1066 1816 1148 aliquid
1846 1066 1921 1139 10010

559 1162 706 1229 retiformi
739 1169 883 1240 quantum
913 1159 977 1237 ojus
1010 1157 1169 1219 redundat.
1217 1159 1327 1219 Altera
1358 1157 1574 1237 jucundissima
1598 1167 1650 1218 tua
1674 1155 1848 1218 observatio
1873 1162 1923 1216 001

558 1254 672 1333 figurae
696 1251 819 1310 fixarum
843 1248 992 1318 radiosae,
1018 1246 1185 1307 differentis
1210 1268 1228 1307 a
1251 1247 1441 1327 planetarum
1464 1248 1567 1325 liguris
1591 1245 1797 1308 circularibus.
1841 1241 1921 1314 Quid

562 1340 644 1404 alind
669 1338 737 1399 inde
762 1336 901 1398 Galllaee
935 1336 1129 1414 colligemus,
1164 1354 1251 1413 quam
1275 1336 1351 1396 tinas
1381 1334 1492 1396 lumina
1515 1355 1570 1397 sua
1594 1334 1632 1395 ab
1656 1336 1736 1395 intus
1769 1333 1921 1405 emittere,

559 1432 701 1511 planetas
734 1444 845 1505 opacos
876 1425 1063 1485 extrinsecus
1094 1423 1193 1501 pingi,
1225 1426 1253 1486 h.
1280 1445 1307 1485 e.
1333 1433 1366 1484 ut
1389 1423 1481 1485 Bruni
1515 1424 1614 1484 verbis
1640 1432 1726 1496 utar,
1760 1423 1830 1483 illas
1854 1440 1922 1482 esse

560 1516 658 1589 Soles,
685 1515 740 1576 hos
765 1514 867 1575 Lunas
892 1534 944 1574 sen
969 1513 1127 1574 Tellures?
1166 1510 1212 1574 Ne
1242 1521 1343 1573 tamen
1369 1513 1394 1573 is
1417 1531 1472 1573 nos
1496 1512 1525 1572 in
1555 1532 1638 1572 suam
1668 1511 1828 1591 pertrahat
1851 1530 1923 1571 sen-

561 1604 690 1669 tentiam
716 1603 752 1662 de
776 1602 894 1663 mundis
919 1602 1058 1674 infinitis,
1085 1600 1210 1662 totidem
1234 1620 1340 1679 nempe
1372 1610 1445 1680 quot
1468 1608 1539 1662 sunt
1561 1601 1648 1674 tinae,
1674 1600 1810 1661 omnibus
1834 1599 1924 1677 hujus

565 1692 661 1756 nostri
695 1691 859 1765 similibus,
894 1689 1027 1752 subsidio
1061 1689 1148 1749 nobis
1180 1690 1263 1750 venir
1293 1691 1384 1750 tertia
1407 1699 1461 1750 tua
1493 1689 1665 1750 observatio
1698 1686 1924 1750 innumerabilis

563 1783 690 1844 fixarum
713 1780 914 1840 multitudinis
935 1798 1026 1857 supra
1040 1797 1117 1850 eam,
1143 1796 1219 1857 quae
1241 1779 1407 1857 antiquitus
1427 1787 1475 1839 001
1498 1778 1629 1856 cognita,
1656 1777 1777 1857 quinon
1803 1775 1925 1837 dubitas

562 1869 770 1952 pronunciare,
795 1868 890 1928 videri
914 1867 1071 1928 stellarum
1102 1885 1194 1945 supra
1223 1868 1325 1928 decem
1353 1867 1457 1927 millia.
1506 1865 1627 1936 Quanto
1657 1867 1734 1927 enim
1764 1867 1867 1944 plures
1895 1872 1926 1925 et

565 1957 779 2024 confertiores,
814 1964 899 2016 tanto
932 1956 1031 2016 verior
1055 1964 1102 2016 est
1125 1975 1193 2016 mea
1224 1957 1444 2034 argumentatio
1480 1962 1586 2016 contra
1603 1955 1795 2016 'intinitatem
1825 1952 1924 2014 mundi

565 2047 641 2110 libro
667 2046 704 2106 de
720 2044 818 2105 Stella
842 2045 931 2106 Nova
955 2042 1030 2122 Cap.
1055 2043 1144 2105 XXI.
1169 2045 1334 2123 proposita,
1359 2063 1434 2123 qnae
1458 2045 1581 2123 probat,
1607 2044 1695 2116 hunc,
1720 2045 1748 2103 in
1773 2062 1831 2121 qno
1854 2060 1924 2102 ver·

566 2153 667 2196 samur
690 2133 825 2193 homines
849 2142 953 2193 nostro
977 2152 1042 2194 cunr
1062 2132 1132 2193 Sole
1159 2141 1189 2192 et
1211 2133 1357 2212 planetis,
1384 2153 1451 2193 esse
1476 2132 1669 2212 praecipuum
1693 2131 1794 2192 mundi
1819 2131 1925 2204 sinum,

492 2255 498 2266 ·
565 2240 661 2301 neque
685 2221 748 2282 fieri
771 2239 876 2300 posse,
911 2230 944 2282 ut
967 2240 1004 2281 ex
1028 2222 1089 2281 nlla
1121 2221 1245 2282 fanorum
1276 2221 1347 2282 talis
1379 2228 1486 2300 pateat
1510 2221 1537 2282 10
1562 2223 1703 2281 mundum
1736 2225 1924 2299 prospectus,

567 2309 666 2391 qualis
700 2329 738 2369 ex
770 2317 875 2372 nostra
898 2311 1016 2370 Tellure
1048 2310 1097 2369 vel
1130 2309 1222 2370 etiam
1251 2309 1322 2371 Sole
1353 2318 1448 2389 patet.
1495 2311 1608 2370 Locum
1641 2309 1799 2370 brevitatis
1834 2326 1926 2369 causa

567 2398 752 2479 supersedeo
776 2398 946 2459 describere
955 2417 963 2472 ;
987 2398 1122 2477 proderit
1146 2399 1185 2457 ad
1209 2400 1296 2459 fidem
1321 2408 1416 2459 totum
1440 2399 1564 2477 perlegi.

656 2486 794 2548 Accedat
818 2487 943 2548 auctarii
964 2487 1029 2547 loco
1050 2487 1173 2548 ethaeo
1199 2488 1431 2567 argumentatio.
1470 2487 1554 2558 Mihi,
1579 2485 1627 2565 qui
1648 2484 1738 2544 debili
1763 2503 1829 2545 000
1849 2483 1927 2554 visu,

568 2574 651 2637 sidus
689 2575 809 2653 aliquod
842 2576 1055 2654 majusculum,
1092 2583 1125 2635 nt
1150 2574 1262 2649 Canis,
1295 2596 1401 2656 parurn
1432 2576 1539 2636 cedere
1572 2575 1691 2634 videtur
1723 2571 1927 2652 magnitudine

508 2719 511 2726 ,
567 2664 716 2726 diametro
740 2663 858 2737 Lunae,
884 2664 910 2724 si
934 2665 1034 2724 radios
1059 2664 1189 2740 fulgidos
1214 2685 1409 2726 accenseam:
1439 2673 1472 2726 at
1496 2664 1545 2743 qui
1569 2670 1641 2724 sunt
1670 2662 1735 2721 visu
1765 2659 1928 2723 correctis·

568 2752 663 2824 0100,
698 2750 805 2830 quique
838 2751 1045 2811 instrumentis
1076 2761 1199 2813 utuntur
1232 2754 1459 2827 astronomicis,
1493 2752 1599 2832 quibus
1630 2770 1687 2810 000
1718 2751 1876 2828 imponunt
1898 2748 1926 2809 hi

464 2891 472 2906 ,
565 2838 699 2902 Ι01001001
724 2847 757 2899 01
780 2840 865 2900 00010
889 2839 986 2912 nudo,
1017 2840 1037 2900 11
1066 2841 1254 2920 quantitates
1285 2843 1440 2902 diametris
1471 2842 1626 2901 stellarum
1651 2860 1721 2899 suas
1755 2838 1929 2899 describunt

568 2946 624 3009 per
647 2926 762 2988 minuta
786 2937 817 2988 et
840 2928 1018 2990 minutorum
1042 2934 1155 3007 portes.
1195 2930 1310 3000 Quodsi
1340 2951 1377 2991 ex
1409 2931 1489 2992 mille
1515 2930 1610 2989 solum
1635 2927 1702 2988 fixis
1727 2928 1810 2988 nulla
1835 2926 1930 3005 major

568 3022 652 3078 esset
674 3035 732 3076 uno
748 3015 861 3077 minuto
887 3021 971 3091 (sunt
987 3027 1086 3079 autern
1111 3020 1271 3099 pleraeque
1292 3039 1329 3079 ex
1344 3019 1509 3080 numeratis
1534 3018 1690 3094 majores),
1716 3036 1780 3087 eae,
1802 3022 1929 3076 coactae

570 3123 673 3166 00000
704 3104 734 3165 10
766 3125 855 3166 0000
887 3107 1046 3168 rotundam
1071 3109 1266 3186 superficiem,
1302 3117 1469 3186 aequarent
1497 3107 1647 3184 (adeoque
1676 3114 1707 3164 et
1735 3104 1929 3186 superarent)

570 3193 749 3255 diametrum
774 3193 866 3255 Solis.
914 3193 1035 3263 Quanto
1060 3197 1157 3274 magis
1186 3197 1341 3256 stellarum
1374 3196 1473 3256 decies
1503 3195 1626 3255 millium
1657 3194 1763 3255 discuti
1788 3193 1815 3253 in
1842 3211 1930 3253 unum

570 3282 692 3344 conflati
726 3282 913 3360 superabunt
944 3283 1149 3361 magnitudine
1183 3285 1361 3364 aspectabili
1395 3284 1526 3363 speciem
1562 3283 1637 3342 disci
1667 3281 1771 3343 Solis?
1810 3280 1845 3342 81
1874 3281 1930 3341 hoc

569 3389 687 3445 verum,
720 3371 801 3431 etsi
825 3379 897 3432 sunt
929 3371 971 3432 illi
995 3370 1084 3433 Soles
1109 3393 1146 3432 ex
1178 3375 1282 3434 eodem
1315 3393 1424 3453 genere
1449 3392 1513 3433 cum
1542 3373 1599 3432 hoc
1628 3380 1732 3432 nostro
1757 3369 1848 3443 Sole,
1880 3388 1932 3430 cur

569 3477 628 3520 non
653 3458 745 3519 etiam
769 3459 812 3519 1111
837 3459 925 3520 80100
949 3461 1079 3521 universi
1105 3472 1249 3541 superant
1273 3463 1432 3540 splendore
1457 3463 1533 3521 hunc
1557 3468 1691 3521 nostrum
1716 3458 1844 3520 Solem?
1869 3456 1930 3520 Cur

570 3548 646 3608 adeo
680 3547 838 3608 obscurum
871 3550 1003 3610 universi
1036 3550 1134 3610 lumen
1169 3552 1297 3611 fundunt
1320 3552 1347 3610 in
1373 3550 1586 3629 patentissima
1620 3550 1704 3621 loca,
1734 3557 1768 3608 ut
1792 3547 1847 3609 801
1874 3566 1929 3627 per

571 3637 704 3697 foramen
727 3645 839 3715 punctu
864 3638 996 3698 aciculae
1021 3639 1141 3699 minimo
1172 3647 1309 3718 apertum
1340 3639 1488 3700 irradians
1514 3639 1541 3698 in
1567 3657 1714 3699 cameram
1744 3638 1929 3708 conclusam,

566 3726 631 3806 jam
665 3724 769 3785 statim
799 3725 896 3804 ipsam
928 3728 1052 3788 ferarum
1086 3727 1271 3801 claritatem,
1307 3736 1420 3805 quanta
1450 3735 1531 3787 esset
1563 3734 1628 3787 tota
1661 3745 1782 3786 camera
1816 3726 1931 3797 ablata,

570 3813 686 3874 infinito
709 3832 786 3892 pene
810 3814 970 3876 intervallo
995 3817 1140 3894 superet?
1173 3816 1265 3877 Dices
1289 3816 1373 3889 mihi,
1399 3817 1520 3876 nimium
1545 3817 1613 3876 illas
1638 3814 1766 3875 anobis
1790 3812 1931 3875 distare?

569 3901 655 3965 Nihil
679 3903 735 3962 hoc
759 3902 850 3979 juvat
873 3904 949 3964 hanc
978 3924 1109 3964 causam.
1159 3903 1280 3974 Quanto
1305 3907 1383 3966 enirn
1412 3906 1561 3965 distantes
1590 3906 1701 3982 magis,
1731 3911 1819 3964 tanto
1844 3921 1932 3982 quarn

572 3988 626 4052 801
642 3991 746 4069 majori
769 3991 915 4052 diametro
937 4001 1008 4053 0001
1027 3993 1073 4052 vel
1095 3993 1242 4071 singulae.
1272 3993 1317 4053 At
1332 3995 1497 4054 interfusus
1518 3993 1622 4053 aether
1643 3996 1773 4054 tortasse
1789 3993 1933 4053 obscurat

572 4077 663 4141 illas?
686 4079 904 4158 Nequaquam:
937 4082 1083 4143 cernimus
1109 4083 1186 4142 enim
1211 4083 1279 4143 11100
1304 4084 1365 4142 0010
1390 4102 1455 4143 000
1480 4082 1760 4155 001011110110011000,
1786 4100 1842 4142 000
1866 4098 1932 4141 000

573 4166 744 4228 discrimine
759 4168 918 4245 figurarum
934 4177 965 4230 et
988 4170 1139 4230 boiorum:
1166 4172 1244 4252 quod
1270 4190 1325 4231 non
1351 4180 1447 4245 esset,
1473 4170 1498 4230 si
1523 4172 1659 4232 densitas
1684 4171 1819 4231 aetheris
1843 4167 1932 4231 alicui

573 4254 731 4315 obstaculo
756 4265 848 4317 esset.

662 4340 747 4403 Satis
771 4343 863 4422 igitur
886 4343 953 4403 hinc
982 4344 1095 4405 clarum
1125 4354 1187 4420 est,
1221 4366 1329 4425 corpus
1363 4347 1451 4424 hujus
1480 4347 1575 4408 nostri
1601 4346 1682 4408 Solis
1716 4343 1932 4407 inaestimabili

572 4450 712 4493 mensura
727 4451 794 4493 esse
815 4433 949 4505 lucidius
976 4450 1063 4511 quam
1078 4435 1235 4514 uniuersas
1251 4437 1335 4511 fixas,
1361 4456 1396 4496 00
1410 4434 1534 4514 proinde
1551 4436 1626 4496 huuc
1642 4446 1776 4498 nostrum
1792 4435 1933 4495 mundum

571 4540 630 4582 non
664 4540 731 4581 esse
764 4521 973 4601 epromiscuo
1003 4540 1093 4600 grege
1127 4522 1306 4586 infinitorum
1336 4526 1471 4586 aliorum.
1520 4524 1589 4595 Qua
1618 4526 1654 4586 de
1683 4545 1715 4586 re
1746 4523 1825 4585 infra
1847 4524 1935 4603 plura

572 4608 714 4672 scribam.

660 4698 765 4759 Habes
796 4696 1080 4759 innumerabilitatis
1106 4700 1263 4760 stellarum
1289 4701 1425 4761 oculatos
1450 4708 1547 4761 testes
1571 4702 1726 4780 plurimos.
1774 4698 1934 4760 Rabbinos

572 4785 657 4847 aiunt
689 4805 847 4847 numerare
879 4806 971 4864 supra
997 4784 1121 4859 12000;
1156 4789 1225 4847 novi
1258 4788 1447 4867 religiosum,
1482 4791 1531 4868 qui
1564 4801 1650 4850 nocte
1686 4790 1817 4869 quadam
1851 4785 1935 4849 1110οἰ

570 4874 672 4952 plures
697 4870 740 4938 40
764 4875 931 4935 numeravit
955 4874 985 4934 in
1009 4874 1112 4955 clypeo
1129 4874 1260 4936 Orionis.
1299 4878 1479 4938 Maestlinus
1503 4878 1687 4956 majusculas
1706 4879 1735 4938 in
1757 4876 1935 4955 Plejadibns

559 4960 724 5023 ordinarie
748 4970 894 5035 numerat,
920 4962 978 5021 nisi
1004 4964 1091 5023 fallor
1115 4960 1163 5034 tl,
1190 4982 1246 5024 non
1271 4966 1350 5026 iufra
1373 4965 1611 5044 magnitudinum
1635 4965 1790 5027 terminos.
1810 4962 1855 5039 ¹¹)

535 5123 539 5131 .
662 5050 1934 5133 Degalaria,nubeculisetnebulosisconvolutionibusbeastiastre·

573 5152 678 5201 nomos
688 5146 721 5199 et
733 5139 875 5221 physicos
890 5140 1011 5200 detecta
1025 5157 1127 5202 earum
1141 5141 1317 5204 0000011001
1331 5143 1514 5204 confirmatis
1526 5143 1573 5218 iis,
1592 5144 1639 5223 qui
1654 5144 1770 5223 pridem
1781 5142 1840 5206 hoc
1856 5143 1935 5205 idem
