4584 6192
932 557 963 609 rs
980 556 1053 610 aas·
1073 499 1178 623 opaea
1337 539 1339 543 ’
1679 557 1743 625 113

378 748 467 792 ame
490 728 667 793 clarissimis
697 730 1002 794 demonstrationibus
1036 733 1203 807 detectum,
1237 732 1351 795 crebris
1384 731 1525 812 epistolis
1554 741 1587 796 at
1614 737 1744 814 publicis

378 817 634 898 disputationibus
667 826 820 882 testantur
850 820 959 882 medici
988 830 1089 901 atque¹
1111 821 1319 901 philosophi..
1348 820 1397 882 Ex
1425 820 1479 883 illo
1517 840 1588 884 vero
1623 824 1744 887 videndi

378 907 464 969 modo
488 908 625 988 sequitur
647 910 831 971 necessitate
855 910 1085 972 conclusionum
1108 908 1294 983 inevitabili,
1329 919 1363 971 ut
1387 910 1463 971 talia
1486 911 1632 972 eveniant
1657 916 1744 975 oculo

377 1001 466 1078 utque
491 996 611 1077 species
634 998 800 1060 lucidorum
822 1008 991 1078 appareant
1020 999 1197 1078 ampliatae,
1223 999 1294 1060 licet
1317 999 1347 1059 in
1371 1017 1404 1060 re
1432 998 1502 1079 ipsa
1533 999 1645 1062 visibili
1670 1003 1744 1063 nihil

378 1082 453 1146 insit
475 1085 586 1147 simile.

465 1172 544 1236 Cum
566 1173 659 1253 igitur
681 1193 792 1237 causae
816 1175 1042 1254 phaenomendn
1063 1194 1138 1254 quae
1159 1175 1276 1254 allegas
1301 1176 1440 1237 detectae
1460 1177 1531 1250 siut,
1558 1196 1610 1238 cur
1633 1179 1744 1241 nodum

377 1263 405 1324 in
429 1263 530 1344 scirpo
555 1263 685 1343 quaeris,
718 1263 865 1325 sollicitus
898 1263 985 1324 nimis
1016 1264 1236 1343 philosophus?
1269 1282 1337 1338 cur,
1372 1264 1459 1344 quasi
1488 1265 1563 1327 nihil
1587 1267 1628 1327 sit
1651 1288 1670 1328 a
1693 1288 1741 1329 me

377 1351 631 1427 demonstratum,
661 1352 735 1414 nihil
757 1352 813 1413 tibi
837 1352 950 1414 crebris
981 1352 1118 1432 epistolis
1142 1371 1180 1413 ex
1203 1371 1250 1413 rue
1275 1354 1431 1431 quaerenti
1455 1372 1653 1436 responsum,
1685 1358 1740 1418 has

376 1440 459 1501 risus
493 1440 635 1502 fallacias
665 1441 786 1503 silentio
818 1441 1046 1519 praeterivisti?
1080 1439 1114 1501 Si
1146 1460 1257 1502 causae
1289 1441 1369 1502 intus
1394 1442 1422 1502 iu
1454 1445 1541 1503 oculo
1575 1454 1772 1529 suppetunt⁸

377 1528 514 1608 plurimis
537 1537 630 1609 aptae
653 1530 878 1609 phaenomeuis,
903 1548 955 1591 cur
976 1529 1005 1591 in
1025 1530 1142 1590 coelum
1164 1529 1313 1603 ascendis,
1331 1530 1434 1591 Lunae
1455 1530 1612 1592 camisiam
1631 1532 1739 1609 induis,

378 1617 462 1679 nnius
486 1618 673 1698 alteriusque
694 1618 893 1698 phaenomeui
912 1638 1014 1693 causa,
1039 1619 1093 1679 sed
1109 1636 1184 1698 quae
1201 1618 1230 1679 iu
1251 1618 1319 1678 aliis
1340 1637 1428 1697 quarn
1449 1618 1588 1696 plurimis
1613 1621 1738 1683 demon·-

378 1705 513 1768 strandis
536 1707 611 1768 nulli
635 1713 684 1768 est
708 1707 797 1767 usui?
828 1706 872 1768 Et
898 1716 1002 1787 aperte
1025 1714 1141 1786 puguat-
1164 1725 1230 1767 oum
1254 1706 1308 1766 illa
1335 1726 1429 1768 causa
1456 1726 1524 1769 mea
1548 1709 1653 1771 Lunae
1679 1711 1739 1771 lal-

379 1802 466 1856 oatae
500 1794 675 1857 observatio
707 1794 783 1875 Cap.
807 1796 867 1869 XI,
897 1793 927 1859 5.
952 1795 1018 1857 libri
1052 1794 1177 1874 allegati
1202 1795 1310 1856 relata.
1352 1792 1432 1865 Quin
1457 1795 1528 1869 imo,
1552 1797 1681 1872 Fabrici,
1708 1809 1739 1860 te

379 1883 476 1963 ipsum
499 1883 648 1963 implicas,
674 1884 743 1945 dum
767 1903 876 1945 causas
905 1885 988 1945 coelo
1012 1884 1069 1963 ipsi
1094 1883 1199 1945 niteris
1228 1883 1461 1958 transscribere,
1493 1885 1633 1947 fallacias
1657 1887 1739 1948 visus

380 1991 436 2033 uon
460 1972 588 2035 obscure
613 1972 758 2052 allegans.
796 1974 874 2035 Nam
899 1992 951 2033 cur
970 1973 1017 2033 hic
1041 1971 1201 2052 telescopii
1225 1972 1410 2034 meministi?
1434 1992 1486 2033 cur
1509 1973 1739 2053 interpositione

379 2061 459 2123 illius
482 2060 635 2123 diversum
668 2079 814 2141 apparere
847 2061 960 2123 asseris
998 2061 1142 2123 circulum
1175 2061 1306 2139 partium
1338 2069 1370 2121 et
1393 2061 1510 2122 lucidae
1540 2071 1570 2123 et
1595 2064 1740 2125 obscurae

380 2149 495 2212 unicum
520 2160 551 2211 et
575 2150 766 2230 perfectum?
790 2149 825 2212 si
848 2170 941 2212 causa
963 2150 1161 2230 phaenomeni
1186 2149 1215 2211 in
1239 2168 1271 2210 re
1296 2151 1389 2223 inest,
1415 2150 1576 2229 apparebit
1599 2153 1653 2214 illa
1677 2161 1740 2214 tam

380 2256 431 2318 per
452 2239 661 2319 perspicillum
685 2258 773 2319 quam
796 2240 861 2300 siue
884 2239 944 2301 illo.
992 2237 1054 2302 Cur
1078 2238 1176 2312 addis,
1201 2257 1328 2318 corpora
1351 2237 1499 2300 luminosa
1521 2258 1576 2318 per
1599 2242 1740 2304 tenebras

382 2327 498 2408 majora
521 2327 634 2403 videri,
669 2347 758 2408 quam
781 2328 811 2391 in
836 2328 925 2389 luce?
958 2328 1064 2390 Nonne
1088 2328 1118 2389 id
1142 2346 1244 2388 verum
1269 2336 1317 2388 est
1350 2327 1440 2389 etiam
1466 2328 1503 2389 de
1534 2331 1739 2403 terrestribus,

382 2434 454 2496 qnae
476 2415 547 2497 ipsa
570 2417 600 2478 iu
623 2436 656 2478 se
680 2416 755 2497 ipsis
778 2436 832 2479 nec
856 2426 1003 2496 augentur
1027 2436 1081 2478 nec
1104 2416 1297 2478 minuuntur?
1326 2414 1388 2478 Sed
1412 2416 1485 2478 nihil
1508 2420 1605 2497 magis
1629 2418 1738 2493 irritat,

384 2523 469 2585 quam
491 2506 573 2587 quod
603 2505 774 2585 subjungis,
810 2505 890 2567 illam
920 2505 1181 2567 extuberationem
1210 2505 1286 2566 lucis
1308 2504 1338 2566 iu
1363 2523 1453 2566 cornu
1476 2505 1580 2567 Lunae
1605 2506 1740 2587 separari

383 2612 401 2653 a
427 2594 518 2656 Luna
548 2613 604 2674 per
635 2595 866 2656 instrumentum
897 2594 1050 2656 visorium.
1102 2592 1137 2655 Si
1171 2593 1207 2653 de
1241 2594 1324 2655 coelo
1357 2594 1508 2673 loqueris,
1539 2594 1741 2675 impossibilia

382 2683 498 2757 statuis,
524 2683 572 2745 siu
596 2684 634 2744 de
658 2684 753 2755 oculo,
779 2683 850 2744 nihil
876 2692 924 2744 est
946 2683 1056 2745 verius.
1096 2681 1203 2753 Qualis
1228 2681 1306 2742 enirn
1328 2682 1447 2761 pictura
1469 2702 1567 2745 rerum
1587 2685 1616 2745 in
1638 2685 1740 2746 tunica

382 2771 535 2846 retiiormi
560 2773 634 2834 talis
649 2778 698 2832 est
716 2781 749 2832 et
771 2772 846 2833 visio
868 2772 987 2833 illarum
1011 2790 1125 2845 rerum3
1151 2771 1247 2831 sedin
1271 2771 1389 2849 pictura
1412 2772 1559 2833 retiformi
1583 2774 1740 2836 verissime

384 2859 562 2922 extuberent
593 2860 694 2923 lucida
725 2862 880 2941 locumque
908 2861 993 2940 justo
1023 2861 1198 2940 ampliorem
1234 2868 1401 2939 occupant,
1432 2880 1485 2921 seu
1509 2860 1583 2922 vitio
1607 2862 1685 2923 oculi
1708 2869 1740 2923 et

385 2949 555 3010 confusione
570 2949 755 3029 picturarum
773 2948 937 3010 vicinarum
952 2950 981 3010 iu
997 2967 1185 3010 communem
1200 2947 1324 3009 limitem
1345 2949 1598 3027 praecellentibus
1613 2950 1738 3012 lucidis:

385 3036 443 3112 sive
466 3038 562 3100 etiam
594 3046 705 3099 natura
728 3037 803 3099 lucis
826 3045 859 3099 et
889 3038 1062 3117 spirituum,
1097 3037 1145 3117 qui
1169 3043 1204 3098 nt
1227 3036 1285 3097 luci
1318 3039 1439 3117 cognati
1474 3048 1616 3099 contactu
1645 3038 1740 3100 veluti

385 3126 511 3205 partium
541 3126 678 3208 picturae
711 3126 876 3188 lucidarum
907 3126 998 3189 exciti
1030 3145 1098 3187 sese
1132 3125 1263 3187 dilatant
1286 3125 1315 3185 in
1348 3126 1505 3188 retiformi.
1553 3127 1618 3189 Hoc
1641 3127 1739 3207 ipsum

387 3213 462 3275 siet
484 3224 520 3277 tu
543 3216 601 3288 vis,
626 3215 720 3276 habes
745 3234 791 3276 me
815 3215 1003 3277 laudatorem
1027 3223 1097 3276 tuae
1131 3214 1299 3275 sententiae
1332 3224 1505 3278 strenuum:
1538 3217 1592 3278 sed
1619 3217 1739 3278 iuterim

387 3310 462 3365 tuum
485 3303 582 3385 ipsius
606 3304 762 3365 theorema
786 3304 926 3376 destruis
948 3319 1059 3377 ,adrem
1072 3314 1210 3367 Lunarem
1232 3312 1416 3367 illuminatum
1436 3314 1521 3367 rideri
1543 3316 1621 3370 nudis
1643 3316 1738 3381 oculis,

386 3393 538 3464 perspicillo
558 3388 625 3448 v‘ero
646 3412 700 3449 non
723 3400 816 3449 adrem
836 3396 884 3448 sed
905 3394 994 3463 ipsum
1014 3395 1110 3448 Lunae
1131 3394 1260 3462 corpus.“

468 3488 530 3551 Sed
554 3490 696 3552 audiatur
718 3490 835 3570 plenior
863 3489 1082 3551 demonstratio
1107 3490 1150 3550 tui
1174 3489 1335 3567 dogmatis.
1385 3504 1495 3564 ,Anum
1524 3501 1629 3572 inquis,
1664 3500 1739 3555 1613

390 3572 577 3635 laocoontis
601 3578 677 3646 (stilo
698 3575 802 3648 vetari)
830 3580 904 3634 circa
930 3581 1010 3634 tinem
1038 3580 1150 3649 eclipsis
1176 3581 1287 3643 Lunae,
1318 3597 1378 3634 cum
1408 3580 1486 3634 nudis
1517 3584 1603 3635 oculis
1624 3582 1740 3634 delicere

388 3668 539 3715 censerem
559 3661 661 3715 abesse
682 3661 799 3733 digitus,
822 3678 873 3730 per
894 3660 1074 3730 telescopium
1094 3661 1175 3714 Luna
1202 3667 1264 3713 tota
1288 3659 1445 3714 illuminata
1466 3668 1495 3714 et
1514 3665 1634 3716 rotunda
1653 3677 1739 3730 appa-

387 3738 443 3794 ruit.
483 3741 561 3813 Ergo
582 3742 698 3805 limbus,
721 3742 766 3812 qui
788 3741 866 3795 nudis
888 3740 974 3793 oculis
1000 3742 1115 3793 delicere
1143 3740 1305 3803 ridebatur,
1332 3741 1386 3793 erit
1406 3741 1479 3794 aeris
1500 3742 1619 3795 Lunaris
1639 3741 1739 3794 limbus

388 3834 465 3888 supra
476 3819 575 3876 Lunae
597 3838 704 3891 corpus,
728 3823 799 3892 quod
817 3820 878 3890 jam
893 3830 977 3875 extra
996 3821 1121 3874 umbram
1142 3827 1213 3884 erat,
1236 3821 1365 3873 extans.“
1404 3818 1447 3880 Et
1464 3820 1590 3896 pinxisti
1613 3828 1738 3880 senten-

387 3904 456 3967 tiam
477 3915 561 3970 tuam
585 3910 756 3989 repetisque
789 3908 937 3988 picturam
961 3908 1053 3970 etiarn
1076 3908 1106 3968 iu
1131 3907 1328 3987 Prognostico
1358 3907 1428 3968 anni
1459 3908 1611 3987 sequentis
1644 3901 1737 3981 1617,

387 3992 463 4073 cujus
485 3996 613 4059 similem
638 4016 676 4058 ex
703 3996 836 4076 reliquiis
865 3996 1082 4078 typographiae
1113 3996 1197 4058 Petri
1228 3995 1340 4076 Apiaui
1370 3996 1418 4057 hic
1447 3996 1573 4057 exhibeo
1593 4005 1659 4066 (nde
1676 4004 1738 4068 Epis

386 4079 482 4146 Keplssi
499 4086 542 4135 tol.
563 4081 618 4145 22).
1726 4109 1729 4114 .

469 4153 661 4220 Observator
681 4156 776 4217 bouus
797 4163 828 4218 et
848 4155 976 4235 diligens
997 4175 1038 4230 es,
1065 4154 1229 4216 observata
1248 4155 1323 4216 haec
1338 4162 1392 4216 tua
1406 4154 1435 4216 in
1457 4154 1577 4217 dubium
1601 4155 1740 4217 vocanda

387 4250 451 4304 suut
472 4245 605 4307 minime.
651 4248 697 4307 At
720 4265 789 4308 num
812 4264 881 4307 vere
915 4244 1076 4306 concludas
1108 4262 1238 4324 vereque
1265 4244 1389 4323 pingas,
1424 4244 1453 4304 id
1484 4244 1656 4306 videndum.
1703 4245 1739 4306 Id

387 4332 500 4409 qnidam
522 4353 580 4415 ego
604 4352 692 4413 nego,
717 4333 790 4395 nihil
813 4333 892 4395 enirn
916 4332 1061 4413 sequitur,
1087 4351 1153 4394 cum
1177 4351 1287 4393 causae
1318 4332 1429 4393 multae
1454 4350 1520 4393 esse
1544 4333 1665 4413 possint
1687 4352 1740 4395 cur

387 4418 461 4483 visus
486 4422 527 4486 sit
549 4421 618 4485 Tibi
642 4423 778 4485 defectus
803 4422 897 4485 oculis
922 4422 1019 4497 nudis,
1044 4440 1101 4482 nou
1127 4421 1168 4482 sit
1190 4420 1274 4483 visus
1297 4420 1479 4501 perspicillo.

465 4528 595 4591 Possem
627 4527 743 4598 dicere,
777 4548 843 4590 cum
876 4527 1027 4606 posterius
1063 4526 1223 4587 adhiberes
1252 4525 1471 4605 perspicillum,
1506 4526 1636 4601 interim,
1670 4527 1739 4588 dum

386 4617 500 4695 quaeris
514 4617 632 4680 Lunam
652 4617 842 4691 collimaudo,
865 4616 949 4677 illam
964 4635 1001 4677 ex
1020 4615 1125 4677 umbra
1140 4615 1270 4677 exiisse:
1295 4633 1417 4694 possem
1432 4615 1524 4677 etiam
1546 4614 1737 4689 contrarium,

385 4703 466 4768 nudis
489 4705 584 4768 oculis
608 4705 651 4767 Te
675 4725 733 4767 nou
758 4706 910 4767 deiectum
932 4706 988 4766 sed
1011 4705 1122 4765 saltem
1145 4702 1245 4765 debile
1269 4704 1368 4765 lumen
1391 4703 1504 4766 vidisse
1526 4704 1624 4785 partis
1646 4703 1738 4777 illius,

385 4809 456 4872 quae
478 4795 616 4876 proxime
640 4794 776 4857 umbram
799 4794 914 4855 stabat.

467 4897 559 4971 Quod
582 4901 662 4981 euim
685 4900 862 4981 quibusdam
886 4900 1020 4981 adeoque
1044 4898 1137 4959 etiam
1160 4897 1241 4971 mihi,
1267 4896 1316 4977 qui
1340 4896 1431 4958 debili
1450 4895 1517 4958 uisu
1540 4898 1632 4972 fruor,
1652 4897 1739 4958 Luna

383 4987 538 5054 defectura
560 4990 638 5053 satis
662 4989 713 5050 diu
736 4999 807 5051 aute
828 5008 931 5051 varum
950 4988 1066 5050 initium
1090 4995 1234 5067 suspecta
1255 4994 1303 5047 est
1324 4986 1361 5047 de
1383 4986 1479 5059 initio,
1504 4986 1569 5065 ejus
1583 4986 1627 5047 rei
1647 5004 1740 5047 causa

381 5076 443 5141 sita
462 5088 515 5142 ost
534 5079 566 5142 in
596 5078 765 5160 penumbra
788 5080 914 5153 Terrae,
949 5096 1025 5158 quae
1048 5076 1186 5157 partibus
1209 5076 1314 5137 Lunae
1337 5075 1376 5136 ad
1409 5074 1547 5135 umbram
1573 5074 1739 5155 appropin-

449 5181 624 5239 rqusosm
639 5182 667 5227 u.
1508 5177 1526 5234 8
