4584 6192
547 596 615 666 482
915 577 922 585 ’
969 595 1071 648 Liberae
1088 593 1191 662 Kepleri
1210 595 1360 662 aliorumque
1377 604 1479 650 mutuae

549 779 589 830 Tu
605 790 673 835 raro,
691 776 733 841 qui
756 776 848 840 optime
866 775 891 825 in
909 782 954 825 tua
972 775 1063 840 Optica
1081 771 1235 839 (Dioptrica)
1258 776 1389 839 perspicilli
1415 777 1537 826 rationem
1558 776 1646 831 doces,
1672 786 1764 840 quaeso
1782 774 1905 839 responde

556 849 614 918 quid
631 850 717 899 sentis.
755 847 930 911 symmetriam
949 848 1013 897 enim
1032 863 1076 897 sen
1095 849 1181 911 praxin
1200 847 1355 897 constmendi
1373 864 1422 897 non
1440 848 1537 897 invenio
1556 861 1573 897 a
1590 854 1616 896 te
1634 846 1759 895 traditam.

646 928 766 980 adhaec
785 929 971 992 Raptatus:
1013 919 1163 983 Judiciurn
1187 939 1282 992 nienm
1307 919 1425 998 expetis
1450 920 1486 980 de
1511 919 1570 979 tuis
1600 917 1718 979 studiis.
1772 916 1907 996 Egregia

557 1010 625 1092 quin
650 1010 746 1072 dicam
770 1010 842 1071 nihil
866 1010 894 1070 in
919 1029 1003 1070 mora
1035 1018 1100 1080 est,
1136 1028 1201 1071 cum
1234 1008 1340 1068 iisdem
1374 1017 1404 1068 et
1436 1008 1500 1087 ipse
1537 1007 1729 1067 adhaeream.
1787 1006 1907 1068 Vereor

551 1108 654 1161 tamen
679 1106 713 1159 ut
736 1107 836 1159 actum
861 1117 936 1177 agas
960 1099 988 1157 in
1013 1098 1130 1159 theoria
1143 1097 1272 1159 Jovialis
1288 1097 1403 1156 Mundi.
1452 1095 1610 1157 Galilaens
1634 1096 1711 1155 enim
1731 1095 1795 1173 jam
1819 1094 1906 1156 nobis

551 1186 770 1268 Ephemeridas
795 1206 847 1247 seu
870 1186 966 1247 maris
985 1185 1155 1264 Ephoridas
1179 1186 1306 1266 prodere
1331 1185 1444 1263 incipit.
1492 1183 1553 1246 Sed
1577 1184 1697 1262 privata
1720 1183 1826 1263 cuique
1851 1204 1907 1245 sua

552 1275 730 1337 exercitatio
746 1294 893 1355 nunquam
910 1274 1032 1348 inutilis,
1055 1294 1173 1356 semper
1183 1274 1326 1355 jucunda.
1368 1274 1470 1334 Macte
1486 1272 1576 1352 igitur
1592 1273 1647 1333 hac
1663 1271 1812 1333 industria
1827 1281 1905 1335 esto.

638 1363 844 1442 Perspicillum
869 1373 958 1443 optas
987 1372 1090 1443 aptum
1114 1364 1229 1425 duobus
1253 1363 1347 1423 oculis
1371 1370 1403 1423 et
1426 1382 1445 1422 a
1467 1379 1514 1421 mc
1539 1360 1728 1422 fabricatum.
1774 1361 1906 1423 Difficile

548 1460 620 1533 puto
632 1471 641 1526 ;
667 1461 787 1513 tentare
811 1453 896 1529 coepi
912 1460 982 1513 ante
998 1452 1158 1514 biennium.
1197 1453 1362 1531 Postquam
1378 1451 1455 1511 enim
1475 1450 1630 1529 capsulam
1656 1448 1792 1510 exhibuit
1815 1469 1906 1511 arcu-

551 1539 644 1603 larius
681 1541 799 1619 qualern
831 1542 1103 1621 praescripseram,
1139 1542 1205 1603 visa
1237 1548 1285 1601 est
1317 1539 1501 1618 muscipulae
1534 1539 1659 1618 figuram
1695 1547 1786 1598 nacta
1819 1559 1906 1614 esse3

550 1629 651 1690 fecisti
675 1628 767 1707 igitur
794 1649 831 1689 ne
862 1648 960 1690 essem
985 1629 1157 1690 deridiculo.
1204 1630 1256 1690 Ac
1285 1628 1343 1688 etsi
1375 1628 1520 1688 iaciamus
1554 1628 1671 1706 qualem
1707 1636 1815 1705 optas,
1848 1646 1906 1689 non

549 1718 609 1779 erit
631 1726 704 1796 apta
726 1718 894 1795 promiscue
918 1718 1055 1779 omnibus
1080 1738 1134 1778 nec
1159 1736 1277 1796 semper
1300 1717 1406 1777 eidem.
1446 1715 1595 1778 Crescunt
1618 1716 1753 1775 homiues
1778 1716 1806 1776 iu
1833 1716 1906 1777 lati·

550 1805 683 1868 tudinem
708 1824 801 1885 nsque
826 1807 865 1866 ad
888 1814 1063 1884 provectam
1087 1815 1228 1867 aetatem.
1274 1806 1349 1865 Tum
1374 1813 1475 1865 autem
1500 1805 1662 1865 difficultas
1690 1804 1840 1876 maxima,
1874 1813 1908 1865 ut

552 1894 628 1956 duos
651 1892 740 1956 tubos
774 1894 909 1972 ejusdem
940 1896 1063 1956 effectus
1094 1895 1123 1956 in
1149 1896 1264 1968 colore,
1291 1894 1377 1971 copia
1400 1893 1520 1955 luminis
1545 1901 1575 1953 et
1599 1893 1771 1972 quantitate
1795 1892 1907 1971 speciei

549 2001 768 2062 comparemus.
816 1981 849 2044 Si
875 1983 997 2044 minima
1016 1983 1229 2063 discrepantia,
1254 1989 1368 2061 quanta
1391 1982 1620 2043 incommoditas
1645 1982 1673 2041 in
1697 1982 1766 2054 nsu!
1807 1981 1907 2043 Credo

552 2079 664 2144 tamen,
691 2071 717 2132 si
741 2070 900 2149 diligentia
929 2072 1074 2139 accedat,
1106 2073 1302 2150 aliquousque
1330 2071 1497 2149 promoveri
1530 2089 1605 2149 opus
1628 2088 1717 2148 posse
1741 2089 1796 2129 usu
1820 2071 1907 2131 unius

553 2159 681 2222 convexi
714 2159 744 2220 in
777 2160 922 2220 arundine
956 2161 1113 2220 admodum
1147 2161 1237 2237 longa
1270 2159 1451 2239 duorumque
1485 2178 1646 2232 carorum3
1688 2177 1743 2218 nec
1781 2159 1906 2220 multum

553 2248 720 2311 nocituram
749 2247 959 2327 obliquitatem
987 2248 1113 2309 convexi
1144 2247 1293 2309 tantulam
1324 2247 1362 2308 ad
1396 2266 1481 2309 cava.
1554 2254 1587 2317 (E
1615 2256 1692 2305 literis
1723 2255 1746 2303 d.
1776 2247 1858 2306 Lindi
1882 2254 1907 2305 d

554 2332 595 2384 16.
614 2334 678 2385 1100.
699 2332 789 2396 1613).

649 2404 786 2471 Sequentes
804 2407 917 2457 Pisani
935 2406 1022 2455 literae
1041 2407 1116 2456 datae
1129 2412 1187 2455 sunt
1201 2408 1254 2456 sine
1267 2406 1307 2455 die
1320 2412 1346 2453 et
1357 2406 1420 2462 loco,
1440 2418 1533 2469 eaeque
1545 2403 1609 2453 baec
1628 2404 1743 2454 exhibent
1760 2406 1910 2469 praemissas

559 2476 662 2541 Kepleri
680 2478 764 2527 literar
786 2479 944 2542 spectantia:
964 2476 1036 2537 Quod
1054 2479 1124 2534 dicis,
1142 2479 1207 2541 quod
1230 2478 1328 2535 vereris,
1347 2477 1411 2540 qnod
1436 2482 1518 2526 actum
1543 2489 1618 2539 agam
1636 2477 1661 2524 in
1679 2476 1790 2527 theorica
1807 2477 1910 2527 ronam

558 2556 648 2604 motus,
668 2550 741 2598 crede
758 2550 794 2597 nil
811 2551 901 2599 minus.
927 2548 993 2598 Nam
1012 2564 1058 2612 ego
1077 2549 1200 2599 delineari
1217 2548 1406 2598 1110011011οώ
1424 2549 1450 2597 in
1462 2561 1508 2596 sna
1526 2547 1619 2596 orbium
1636 2549 1781 2609 symmetria
1799 2556 1826 2598 et
1843 2550 1910 2599 eirea

553 2619 701 2670 diametrm
727 2620 831 2682 epicycli
855 2618 938 2669 addidi
965 2621 1097 2675 circulum,
1126 2622 1151 2670 in
1170 2634 1217 2684 quo
1242 2625 1348 2683 quatuor
1375 2633 1473 2668 errones
1498 2620 1565 2668 circa
1582 2618 1669 2667 Jorem
1693 2619 1803 2668 satellitii
1831 2621 1909 2669 instar

549 2688 665 2741 haedere
684 2703 714 2739 ac
738 2696 805 2739 stare
832 2690 935 2739 delineo.
975 2690 1007 2739 Et
1024 2692 1060 2741 sic
1086 2693 1162 2741 etiam
1186 2692 1272 2753 scripsi
1292 2690 1398 2739 Domino
1417 2690 1511 2739 Galilec
1530 2697 1557 2739 et
1581 2691 1637 2737 misi
1664 2690 1751 2739 librum
1770 2692 1803 2740 ad
1822 2691 1918 2750 Seram,

551 2759 673 2825 Magnum
690 2760 795 2810 Ducem.

642 2831 752 2881 Galileus
769 2832 829 2881 mihi
841 2833 946 2896 scripsit,
966 2832 1029 2896 quod
1045 2840 1151 2889 veretur,
1171 2834 1271 2881 unicum
1289 2832 1406 2883 0110010111
1419 2846 1468 2880 non
1480 2831 1595 2881 sulficere
1614 2831 1725 2880 omnibus
1744 2833 1907 2895 apparantiis:

553 2915 600 2968 ego
618 2901 747 2966 respondi,
772 2904 837 2968 quod
855 2904 1046 2967 inaequalitates
1074 2905 1200 2954 theoricae
1218 2904 1285 2953 Joris
1304 2911 1330 2953 et
1352 2918 1416 2954 nnus
1438 2903 1479 2952 illa
1505 2903 1610 2953 circulus
1637 2918 1722 2952 omnes
1750 2904 1909 2967 apparenu'at

555 2972 636 3024 aolrat
653 2988 698 3023 seu
716 2974 825 3032 eximat3
844 2975 892 3024 boc
911 2981 994 3025 antem
1014 2976 1103 3025 clarius
1123 2976 1215 3025 ridebis
1234 2977 1259 3024 in
1278 2976 1347 3024 libro.

641 3044 714 3105 Quod
731 3045 793 3094 dicis
811 3046 842 3096 de
861 3046 1061 3109 Ephemeridibus
1081 3047 1179 3101 Galilei,
1198 3047 1231 3095 nil
1250 3061 1311 3095 sane
1331 3045 1429 3096 audiri:
1457 3052 1516 3109 puto
1535 3052 1633 3098 autem,
1654 3044 1719 3108 quod
1737 3045 1758 3093 si
1776 3045 1834 3110 quid
1852 3046 1909 3095 nori

552 3115 599 3165 erit
625 3116 678 3180 ipse
697 3116 806 3166 Galileus
833 3116 893 3165 mihi
921 3118 1019 3166 scribet.
1058 3116 1245 3181 (premerides
1272 3118 1404 3166 Jovialinm
1432 3117 1566 3166 satellitum
1585 3115 1713 3166 Galilaeae
1740 3130 1789 3164 non
1816 3117 1908 3173 edidit3

551 3186 637 3236 manna
655 3194 739 3237 autern
757 3190 931 3252 manuscriptis
951 3188 1065 3245 Galilaei,
1084 3190 1109 3237 in
1129 3189 1236 3238 editione
1256 3190 1399 3238 florentina
1415 3189 1481 3252 typis
1498 3187 1595 3237 traditis
1615 3187 1670 3236 Vol.
1691 3184 1736 3247 V.)

642 3274 682 3325 De
700 3276 836 3339 perspicillo
856 3276 949 3325 duobus
968 3276 1044 3325 oculis
1068 3284 1154 3340 aptato
1174 3277 1207 3325 nil
1234 3278 1313 3326 audeo
1333 3277 1427 3336 dicere,
1452 3277 1563 3340 eoquod
1582 3277 1730 3325 exanimasti
1749 3290 1798 3325 me.
1836 3277 1863 3328 Si
1882 3284 1910 3327 tu

550 3351 635 3396 tantus
653 3346 713 3395 Dux
729 3348 809 3412 lugia,
837 3347 894 3410 quid
912 3347 1007 3397 facient
1033 3348 1144 3397 milites?
1174 3347 1271 3411 Oquid
1290 3349 1413 3398 audeam!
1441 3348 1494 3397 Imo
1517 3347 1680 3411 superaddis:
1701 3347 1775 3410 quod,
1799 3350 1910 3411 quamris

551 3418 711 3475 inveniretur,
731 3426 815 3467 tamen
834 3433 894 3481 opus
919 3418 1004 3467 inutile
1024 3425 1097 3468 esset.
1134 3419 1202 3468 Sane
1220 3422 1320 3468 territus
1344 3421 1466 3481 obstupui,
1485 3418 1529 3468 sed
1548 3434 1597 3467 uon
1616 3418 1724 3466 funditus
1750 3420 1814 3480 ejeci
1827 3434 1911 3483 spem.

551 3502 610 3537 nam
628 3488 687 3537 mihi
705 3489 802 3538 ridetur
820 3489 953 3553 aliquando
971 3490 1034 3539 bene
1053 3491 1248 3540 succedere...
1268 3492 1321 3554 Ego
1340 3491 1388 3554 legi
1409 3498 1477 3539 tuam
1497 3490 1624 3553 Opticam,
1644 3503 1705 3537 sane
1724 3497 1749 3538 te
1769 3497 1840 3538 tanto
1859 3492 1910 3539 rire

549 3560 666 3625 dignam,
696 3567 721 3609 et
739 3575 900 3624 quaecunque
929 3560 1069 3609 doctissime
1097 3562 1185 3619 doces,
1214 3563 1298 3626 quibus
1317 3576 1378 3610 sane
1397 3561 1431 3609 nil
1455 3575 1529 3624 snpra
1547 3576 1594 3610 nec
1622 3562 1720 3609 uberius
1739 3576 1786 3610 nec
1811 3562 1909 3612 doctius

550 3633 689 3695 quicquam.
716 3630 798 3680 Unum
817 3638 914 3680 tanturn
932 3631 1058 3693 problema
1077 3634 1205 3682 desidero:
1224 3633 1376 3696 perspicillus
1395 3634 1507 3681 consistit
1519 3634 1544 3680 in
1562 3647 1610 3679 uno
1630 3638 1721 3694 puncto
1739 3634 1908 3694 perfectionis,

549 3702 613 3765 quod
632 3708 670 3751 est
687 3705 796 3751 maxima
824 3703 949 3766 elongatio
968 3705 1039 3752 nnius
1059 3705 1190 3768 perspicilli
1209 3704 1240 3752 ab
1260 3704 1352 3760 altero,
1381 3711 1406 3753 et
1424 3705 1533 3753 maxima
1555 3704 1688 3757 retractio;
1717 3719 1773 3752 curn
1792 3706 1910 3755 uniuntur

549 3771 613 3822 baec
632 3774 689 3835 duo,
706 3780 766 3822 tunc
785 3773 936 3837 perspicillus
956 3777 1060 3836 optimus
1080 3782 1125 3824 est.
1164 3776 1225 3823 Peto
1245 3789 1261 3823 a
1279 3783 1303 3824 te
1322 3774 1368 3824 hoc
1389 3775 1439 3824 tale
1458 3775 1597 3838 problema:
1625 3776 1683 3822 dato
1703 3790 1751 3822 uno
1771 3778 1909 3839 perspicillo

550 3858 659 3894 concavo
672 3844 710 3893 rel
723 3859 840 3902 convexo,
854 3847 962 3894 invenire
974 3847 1028 3894 dno.
1048 3848 1157 3895 Primum
1168 3853 1213 3906 ast,
1228 3847 1290 3894 scire
1303 3847 1499 3910 magnitudinem
1512 3848 1674 3895 concavitatis
1688 3852 1732 3893 aut
1745 3849 1910 3898 convexitatis

550 3914 661 3969 alterins,
683 3915 787 3964 alterum
802 3923 848 3972 est,
868 3918 930 3965 scire
943 3917 1087 3966 distantiam
1107 3919 1178 3965 unius
1197 3918 1327 3980 perspicilli
1347 3919 1379 3966 ab
1392 3918 1448 3971 alio,
1468 3918 1492 3965 id
1505 3918 1569 3980 quod
1581 3926 1619 3966 est
1638 3917 1764 3980 longitudo
1777 3919 1840 3967 tubi.
1872 3920 1910 3970 Sit

549 3986 622 4035 datus
634 3987 787 4050 perspicillus
807 4002 930 4038 concavus
944 3996 988 4036 aut
1002 4003 1132 4048 convexus,
1153 3989 1206 4036 volo
1219 3990 1289 4046 scira,
1310 3992 1362 4053 qnis
1376 3989 1527 4052 perspicillus
1546 4004 1667 4038 convexus
1681 4003 1725 4037 seu
1738 3991 1791 4052 quis
1805 3991 1910 4041 circulus

549 4060 711 4107 convexitatis
718 4060 986 4122 competatinmexima
994 4061 1141 4108 retractione
1150 4060 1206 4108 alio.
1218 4058 1280 4109 Volo
1288 4063 1350 4110 scire
1360 4063 1460 4124 pariter,
1467 4068 1587 4124 quantum
1596 4061 1723 4109 distabunt
1730 4062 1853 4112 invicem?
1863 4063 1908 4114 (tc.

642 4129 838 4191 Responsionem
857 4130 959 4193 Kepleri
978 4132 1009 4179 ad
1029 4130 1075 4179 bas
1095 4146 1160 4179 anno
1181 4127 1257 4177 1611.
1278 4133 1351 4182 datas
1368 4133 1452 4181 literas
1471 4148 1521 4180 non
1541 4134 1667 4195 accepisse
1685 4132 1782 4180 ridetur
1793 4132 1909 4191 Pisanus,

550 4214 607 4248 cnm
626 4200 786 4263 quadriennio
805 4209 860 4265 post
873 4202 973 4250 easdem
993 4210 1113 4265 proponat
1132 4206 1289 4266 quaestiones
1301 4206 1327 4253 in
1344 4204 1420 4252 literis
1434 4204 1466 4252 ad
1478 4204 1614 4265 Keplerum
1635 4203 1699 4251 datis
1713 4206 1794 4251 Antv.
1810 4202 1835 4253 l.
1849 4206 1908 4256 Jan.

554 4267 631 4326 1618,
652 4272 763 4320 addens:
785 4273 921 4337 „efflagita
941 4279 969 4321 ut
981 4273 1040 4322 mihi
1058 4273 1160 4327 scribas.
1180 4277 1237 4337 quid
1250 4277 1285 4323 ris
1298 4291 1340 4339 pro
1359 4276 1482 4324 laboribus
1500 4277 1556 4323 tuis.
1582 4275 1651 4323 Illico
1671 4276 1735 4323 enim
1754 4276 1909 4327 satisfaciam

550 4348 576 4391 et
594 4342 638 4391 tibi
657 4342 750 4392 solvam
769 4345 832 4408 quod
852 4346 932 4406 petis;
961 4351 1046 4392 tantus
1065 4346 1131 4393 enim
1150 4360 1216 4402 sum,
1243 4353 1271 4394 ut
1289 4348 1352 4395 bene
1370 4347 1463 4395 solvere
1481 4346 1587 4409 possim¹⁶
1608 4344 1663 4402 dte,
1692 4347 1910 4414 superaddensqns

550 4414 630 4462 nimia
652 4414 754 4479 Kepleri
783 4417 903 4465 encomia
941 4416 1107 4478 Keplerns
1135 4419 1261 4480 respondit
1286 4414 1390 4477 (Linciis
1411 4415 1452 4465 16.
1473 4420 1531 4481 Apr.
1554 4414 1775 4474 tutelensem
1794 4421 1908 4470 modum:

639 4504 760 4565 Literas
776 4505 867 4575 Tuas,
890 4504 1085 4565 Nobilissime
1110 4505 1229 4577 Octavi,
1256 4507 1385 4583 scriptas
1409 4504 1439 4567 4.
1455 4506 1591 4567 Januarii
1616 4527 1718 4567 mense
1742 4508 1907 4571 Februario

547 4592 656 4672 recepi.
705 4591 864 4663 Quodnam
888 4612 985 4654 meum
1018 4595 1128 4655 malum
1153 4597 1181 4656 in
1207 4594 1285 4658 Nob.
1309 4594 1427 4656 Excell.
1453 4596 1547 4656 Tuam
1573 4604 1660 4656 extat
1683 4597 1841 4671 meritum,
1875 4609 1908 4661 ut

549 4689 596 4742 101
628 4682 776 4743 machinis
808 4682 1026 4744 immeritarum
1061 4684 1180 4745 laudum
1217 4702 1416 4763 precumque,
1454 4686 1558 4763 quales
1596 4685 1733 4763 superbis
1770 4688 1906 4749 adhiberi

545 4770 654 4842 solent,
681 4772 910 4849 expugnandum
925 4773 1077 4833 censueris
1101 4792 1198 4834 meum
1221 4773 1384 4835 silentium.
1430 4774 1595 4853 Numquid,
1622 4793 1687 4835 curn
1716 4794 1795 4835 anno
1822 4773 1907 4839 1614

546 4858 586 4919 ad
609 4878 656 4919 me
680 4859 865 4939 scripsisses,
892 4881 948 4920 non
974 4862 1114 4940 expedite
1138 4861 1301 4940 respondi?
1338 4862 1407 4923 Etsi
1432 4883 1502 4925 vero
1528 4863 1704 4923 tarditatem
1719 4884 1818 4925 meam
1838 4866 1905 4944 jure

546 4953 598 5008 tuo
624 4945 803 5027 increpitare
828 4948 923 5011 uideri
948 4951 1066 5029 possis:
1101 4958 1133 5010 at
1166 4970 1202 5010 ne
1235 4950 1292 5011 hac
1326 4952 1444 5032 quidem
1478 4952 1506 5012 in
1539 4952 1732 5013 accusatione
1756 4954 1905 5033 persistes

548 5036 649 5096 causis
672 5037 834 5115 perceptis.
884 5038 1030 5100 Nimirum
1055 5039 1153 5099 Lincii
1177 5058 1312 5101 caremus
1342 5048 1449 5119 postae
1480 5040 1638 5114 benefici03
1677 5041 1903 5105 tabellariomm

548 5140 623 5203 gens
647 5123 779 5187 literatis
802 5126 922 5187 intensa
946 5134 1003 5199 est,
1027 5147 1063 5187 eo
1088 5128 1166 5207 quod
1190 5146 1280 5207 parce
1304 5128 1378 5208 ipsis
1402 5130 1598 5191 exsolvuntur
1621 5130 1768 5209 preciola,
1795 5131 1904 5213 qnippe
