4584 6192
472 594 537 663 602
896 591 995 642 Literna
1013 592 1115 655 Kepleri
1134 591 1283 657 aliorumque
1301 600 1403 644 mutuae

471 775 534 835 lmc
558 790 629 833 vero
653 789 719 832 curu
743 770 813 832 nihil
837 787 913 850 pene
933 769 974 829 sit
991 768 1022 828 in
1046 774 1110 828 toto
1135 786 1268 847 corpore,
1294 769 1371 848 quod
1387 787 1444 830 non
1461 770 1531 831 clirn
1550 772 1637 846 visit,
1664 774 1748 853 quod
1772 793 1831 836 nou

472 862 514 923 sit
538 861 755 941 quadamtenus
788 858 979 936 uliginosum,
1013 856 1084 917 nihil
1109 856 1201 916 etiam
1226 864 1289 929 est,
1324 859 1401 937 quod
1434 878 1491 919 nou
1521 861 1614 921 abeat
1643 862 1673 923 iu
1706 862 1832 938 animal,

471 950 618 1031 quaedam
645 949 747 1019 citius,
772 946 917 1026 quaedam
941 944 1072 1016 tardius,
1100 945 1186 1006 utin
1211 946 1367 1006 arboribus
1391 946 1538 1027 antiquis,
1567 959 1660 1028 prout
1683 952 1772 1014 calor
1796 972 1832 1013 ex

469 1040 589 1100 animae
612 1036 736 1116 imperio
760 1036 896 1095 residuus
920 1034 969 1093 diu
995 1033 1039 1092 vel
1065 1033 1196 1094 breviter
1219 1034 1410 1112 imperaverit
1441 1035 1470 1096 iu
1503 1037 1558 1098 illa
1581 1039 1726 1100 materia.
1774 1041 1831 1102 Hic

470 1136 571 1188 tamen
596 1125 667 1186 mihi
692 1124 768 1197 vide,
793 1124 821 1184 iu
838 1141 912 1201 quas
936 1121 1138 1183 dubitationes
1157 1141 1203 1181 me
1218 1123 1266 1182 hic
1289 1123 1449 1201 conjiciant
1474 1126 1548 1198 „viri
1565 1127 1707 1205 magui“:
1734 1127 1760 1189 si
1776 1129 1831 1191 hoc

471 1226 520 1277 est
543 1223 734 1294 perpetuum,
767 1220 799 1272 ut
823 1211 940 1292 quidem
974 1210 1093 1289 dignum
1118 1218 1166 1269 est
1189 1210 1226 1270 de
1252 1212 1316 1272 Deo
1345 1212 1475 1288 sentire,
1509 1214 1552 1275 sic
1585 1234 1656 1275 esse
1691 1224 1830 1295 aptatum

470 1304 609 1385 primitus
632 1302 780 1373 muudum,
804 1312 838 1361 ut
860 1300 934 1360 haec
958 1308 1020 1359 tam
1045 1299 1151 1359 crebra
1174 1298 1236 1359 siut
1259 1301 1349 1361 etiam
1364 1319 1435 1379 pars
1460 1302 1570 1375 mundi,
1596 1324 1626 1364 n.
1643 1301 1775 1383 spiritus
1797 1314 1828 1368 et

470 1393 659 1453 materierum
683 1389 896 1467 uliginosarum
921 1406 994 1466 opus
1018 1387 1219 1447 ordinarium:
1252 1407 1332 1466 erge,
1357 1389 1450 1467 ajunt,
1477 1393 1632 1475 fortuitum
1658 1412 1730 1453 esse
1754 1414 1828 1455 cou-

469 1500 585 1542 cursum
610 1477 825 1558 conjunctionis
857 1494 985 1554 maguae
1019 1486 1050 1536 et
1082 1476 1190 1536 stellae
1214 1476 1244 1535 in
1274 1480 1338 1537 loco
1367 1487 1399 1537 et
1428 1486 1573 1558 tempore.
1622 1481 1705 1542 Nam
1736 1484 1827 1545 toties

465 1571 529 1649 jam
554 1569 684 1641 facturn,
717 1567 818 1646 ajunt,
850 1574 884 1625 ut
907 1572 1011 1624 essent
1033 1563 1133 1624 sidera
1157 1583 1235 1624 nova
1257 1563 1287 1625 in
1313 1566 1386 1626 locis
1410 1566 1545 1627 obscuris
1578 1576 1609 1629 et
1638 1572 1828 1650 temporibus

472 1657 625 1729 obscuris;
659 1655 760 1736 quidni
793 1672 864 1733 ergo
892 1663 923 1714 et
955 1654 1047 1713 semel
1078 1652 1191 1713 iudicat
1223 1653 1352 1732 aliquam
1385 1655 1505 1716 stellam
1538 1657 1603 1718 loco
1635 1668 1669 1719 11
1694 1669 1827 1739 ternpore

473 1744 603 1807 illustri?
627 1764 695 1804 nam
718 1744 747 1805 iu
771 1743 896 1815 infinito,
922 1761 997 1822 quae
1021 1749 1069 1801 est
1092 1742 1328 1819 contingentium
1349 1752 1466 1818 natura,
1490 1744 1590 1805 inesse
1606 1766 1700 1809 casus
1724 1767 1826 1810 omues

470 1836 613 1905 illustres,
637 1851 749 1912 paucos
774 1850 866 1911 aeque
887 1850 922 1890 ac
936 1830 1083 1909 ignobiles
1098 1831 1251 1908 plurimos,
1277 1850 1330 1891 nec
1353 1851 1474 1893 causam
1500 1853 1578 1906 esse,
1604 1855 1657 1897 cur
1673 1835 1759 1915 prius
1782 1838 1827 1897 vel

468 1923 636 2005 posterius,
671 1939 739 1982 raro
772 1939 809 1979 an
841 1938 932 1998 saepe
957 1938 1031 1978 unus
1055 1926 1087 1978 et
1109 1919 1187 1978 idem
1211 1929 1388 1981 revertatur.
1435 1921 1528 1982 Plane
1563 1933 1595 1984 11
1628 1934 1778 2005 aspectus
1800 1925 1826 1986 iu

469 2010 659 2091 ephemeride
683 2008 809 2089 quilibet
833 2028 870 2068 ex
897 2027 952 2068 sua
981 2027 1073 2068 causa
1103 2007 1210 2080 oritur;
1248 2017 1428 2069 concurrunt
1459 2017 1559 2071 tamen
1593 2013 1677 2074 nullo
1712 2014 1825 2088 ordine,

470 2120 527 2162 nou
552 2101 577 2160 si
604 2095 898 2161 10000011111111111
923 2097 1045 2156 duraret
1070 2096 1195 2156 muudus
1220 2106 1419 2158 reverteretur
1443 2099 1548 2159 eadem
1580 2100 1694 2175 series,
1715 2113 1760 2164 ut
1782 2112 1826 2165 est

469 2190 498 2251 iu
522 2207 589 2249 meo
614 2187 762 2268 Mysterio
786 2183 878 2263 (Cap.
902 2185 1037 2257 XXIII).
1084 2184 1125 2245 Et
1157 2192 1257 2245 tamen
1291 2186 1387 2246 nullus
1418 2197 1466 2247 est
1493 2195 1637 2266 aspectus
1663 2190 1702 2251 ob
1727 2192 1824 2267 aliurn,

470 2277 596 2358 quilibet
618 2295 688 2336 vero
713 2295 750 2335 111
774 2295 828 2335 sua
850 2294 952 2336 causa.
999 2274 1049 2333 Ita
1071 2273 1119 2334 hic
1143 2280 1226 2334 ortus
1250 2274 1357 2335 stellae
1381 2275 1473 2336 habet
1495 2296 1619 2340 causam
1644 2281 1825 2359 peculiarem

471 2365 635 2447 physicam,
661 2364 830 2443 conjunctio
855 2361 979 2425 Saturni
1004 2371 1035 2422 et
1057 2362 1142 2422 Jovis
1167 2363 1258 2423 etiarn
1278 2364 1518 2426 astronomicam.

558 2470 656 2530 Venio
681 2471 718 2531 ad
743 2470 847 2531 literas
867 2466 896 2532 6.
915 2465 997 2539 (ld.)
1012 2468 1111 2538 Febr„
1138 2487 1212 2548 quas
1236 2469 1363 2546 geminis
1387 2471 1611 2550 exemplaribus
1635 2475 1827 2553 expressisti,

472 2580 594 2642 quorum
618 2559 744 2620 alterum
769 2558 804 2618 de
830 2557 938 2619 Schele
962 2557 1068 2617 nudius
1093 2557 1210 2616 deruum
1235 2558 1272 2617 ad
1297 2577 1343 2618 me
1367 2559 1468 2633 misit,
1502 2561 1633 2622 alterum
1658 2565 1826 2645 exemplum

466 2650 550 2730 justo
575 2656 708 2727 tempore
734 2656 782 2706 est
805 2647 962 2707 redditum.
1002 2651 1101 2713 (Insunt
1118 2654 1156 2703 his
1180 2653 1256 2703 literis
1283 2655 1466 2705 observationes
1485 2654 1580 2707 Stellae
1603 2673 1702 2722 111111,
1722 2671 1784 2726 quas
1802 2665 1827 2710 ut

471 2738 597 2801 Keplerus
616 2743 684 2786 certe
704 2736 820 2797 accipiat,
840 2736 952 2799 geminas
971 2736 1107 2783 transmisit
1125 2734 1264 2791 Fabricius,
1284 2734 1394 2783 addens:
1416 2735 1515 2793 „literas
1533 2736 1579 2786 has
1599 2737 1636 2787 bis
1655 2740 1827 2805 descripsisti

473 2811 493 2858 sl
511 2810 575 2858 forte
594 2821 645 2856 uua
662 2806 803 2861 intercidat,
824 2806 904 2855 altera
922 2814 989 2855 certe
1009 2806 1041 2854 11
1059 2814 1084 2855 11
1102 2802 1227 2865 11111110

563 2878 752 2940 Observandi
777 2877 962 2956 diligentiam
987 2877 1014 2936 in
1040 2878 1082 2936 Tc
1105 2896 1290 2955 summopere
1313 2878 1506 2944 commendo,
1541 2879 1631 2959 idque
1656 2901 1727 2943 curu
1751 2884 1825 2945 alias

469 2977 531 3030 turn
555 2966 714 3047 praecipue
739 2967 856 3046 quando
879 2963 900 3042 11
924 2967 952 3026 in
978 2967 1042 3044 ipso
1066 2985 1140 3044 pene
1165 2966 1259 3045 gradu
1283 2966 1408 3044 apogaei
1433 2965 1496 3027 Soli
1522 2969 1706 3048 opponitur,
1742 2991 1824 3052 quem

469 3076 558 3136 spero
583 3078 602 3116 a
626 3056 858 3130 te'observari,
894 3065 925 3115 et
957 3054 1071 3134 accipio
1101 3064 1188 3132 grato
1217 3053 1315 3115 animo
1349 3074 1422 3134 quas
1447 3056 1565 3119 misisti.
1614 3056 1826 3140 Compensabo

469 3146 637 3224 diligenter.

559 3233 679 3313 Tycho
711 3250 764 3310 per
795 3237 942 3291 aestatem
976 3226 1121 3292 11111197.
1153 3231 1225 3292 uilril
1259 3231 1431 3293 observavit
1460 3231 1646 3295 discessione
1682 3236 1767 3297 facta
1792 3256 1825 3298 ex

471 3324 599 3384 Huenna
622 3320 830 3381 Rostochium.
878 3319 982 3396 Itaque
1013 3338 1071 3379 uon
1096 3329 1199 3380 exstat
1222 3319 1361 3379 Mercurii
1390 3322 1561 3382 observatio
1590 3325 1737 3401 Augusto
1765 3327 1825 3405 ejus

472 3412 552 3472 anui.
600 3410 631 3469 ln
657 3409 729 3469 meis
754 3408 872 3469 invenio
896 3409 985 3487 plane
1009 3408 1092 3468 nihil.
1140 3409 1217 3469 Toto
1250 3407 1825 3495 11111196.11111111111197.11111111

473 3499 510 3560 ad
539 3497 589 3560 12.
614 3500 693 3577 Aug.
719 3495 770 3561 97.
796 3497 868 3557 nihil
894 3497 1050 3557 observavi
1075 3505 1105 3556 et
1129 3505 1198 3558 tune
1223 3499 1318 3558 solum
1342 3500 1379 3558 ad
1404 3499 1534 3560 Martem
1558 3502 1691 3580 respexi.

562 3589 611 3650 Ad
638 3588 778 3660 ultimas,
811 3583 842 3646 2.
868 3582 952 3658 (12.)
976 3587 1051 3663 Apr.
1077 3586 1221 3664 scriptas:
1260 3588 1348 3648 Nova
1378 3589 1448 3649 mihi
1473 3590 1639 3651 etiamnum
1664 3591 1730 3652 lieri
1755 3591 1823 3663 visa,

471 3687 501 3738 et
523 3696 579 3757 quo
601 3677 648 3737 die
668 3677 728 3736 ista
742 3675 850 3745 scribe,
869 3694 965 3734 annus
980 3676 1219 3736 circumvertitur
1233 3695 1269 3735 cx
1286 3695 1343 3753 quo
1358 3678 1482 3755 primum
1498 3686 1546 3737 est
1560 3678 1628 3738 visa
1643 3677 1714 3749 (10.
1732 3680 1823 3750 Oct).

471 3767 612 3828 Altitudo
637 3766 665 3825 iu
691 3784 756 3824 meo
780 3765 979 3825 instrumento
1007 3759 1065 3823 18⁰
1087 3759 1151 3837 47¹,
1181 3765 1234 3823 sed
1264 3783 1321 3825 uon
1350 3766 1426 3825 satis
1451 3776 1628 3828 constanter
1653 3769 1692 3829 ob
1715 3769 1824 3831 incom-

470 3855 647 3917 moditatem
671 3853 729 3913 mei
754 3851 819 3913 loci.
867 3853 946 3913 Nam
971 3871 1007 3911 ex
1031 3870 1087 3930 quo
1112 3852 1209 3912 locum
1242 3853 1418 3931 pristinum,
1451 3856 1729 3918 commodissImum
1763 3858 1823 3919 huic

413 3972 417 3978 ·
471 3945 513 4007 rei
534 3944 586 4005 sed
603 3943 794 4021 longinquum
814 3941 936 4013 mutavi,
959 3941 1119 4000 infeliciter
1140 3942 1306 4019 procedunt
1321 3943 1557 4005 observationes.

559 4050 588 4097 ln
607 4049 683 4097 literis
703 4047 857 4096 Fabricii
875 4061 918 4109 per
937 4060 1015 4094 annos
1037 4043 1243 4095 1601111607,
1263 4049 1360 4110 scriptis
1378 4062 1459 4110 pauca
1478 4048 1687 4110 deprehendimus
1707 4052 1739 4101 de
1752 4050 1822 4102 saur

470 4135 543 4170 nora.
574 4120 623 4169 Die
643 4119 683 4167 11.
699 4115 765 4180 (21.)
778 4118 836 4166 lan.
860 4114 936 4166 1606.
957 4118 1057 4166 scribit:
1077 4118 1230 4167 1111111111
1248 4134 1302 4167 meo
1322 4120 1353 4168 11
1366 4118 1437 4168 Nova
1450 4119 1530 4169 Stella
1548 4120 1598 4169 ieci
1616 4129 1741 4185 quantum
1754 4123 1821 4187 potui.

471 4192 508 4241 Tu
529 4192 660 4255 aliquando
688 4192 815 4239 exactiore
833 4195 858 4238 11
876 4191 980 4237 11111111
998 4197 1026 4237 ut
1048 4203 1118 4252 sporo
1146 4191 1216 4237 nobis
1244 4190 1322 4238 dabis.
1361 4190 1413 4254 Ego
1440 4191 1494 4238 aliis
1523 4193 1683 4242 occasionem
1712 4196 1821 4258 praebere

471 4263 534 4310 volui
547 4263 650 4312 meliora
663 4261 784 4310 scribendi
796 4262 827 4309 de
841 4262 869 4308 iis
882 4261 962 4308 rebus.
989 4259 1082 4323 Legisti
1095 4260 1162 4308 haud
1175 4261 1248 4309 dubie
1265 4261 1416 4324 quorundam
1430 4263 1544 4324 ineptias,
1559 4263 1695 4313 observata
1707 4267 1783 4315 nulla
1795 4290 1820 4302 -·

472 4333 569 4383 Deinde
585 4334 640 4390 ,die
652 4332 781 4382 Paschae“
797 4346 820 4380 1.
837 4328 919 4380 16071
940 4331 1026 4379 librum
1040 4337 1107 4378 tuum
1121 4332 1153 4380 11
1166 4346 1229 4380 nors
1242 4332 1314 4381 stella
1332 4347 1416 4382 omues
1433 4347 1524 4397 magno
1545 4333 1667 4384 desiderio
1686 4343 1820 4401 expectant

559 4423 632 4471 Breri
650 4427 706 4484 post
724 4427 827 4482 accepto
846 4420 892 4467 boc
911 4418 1016 4467 Fabricii
1040 4421 1168 4468 monitorio
1192 4421 1356 4469 transmisisse
1378 4421 1474 4469 ridetur
1491 4417 1616 4484 Keplerus
1643 4424 1736 4474 librum
1761 4439 1821 4474 sunu

470 4494 570 4558 (literae
589 4489 705 4554 desunt),
730 4506 789 4540 uam
811 4489 833 4538 l.
854 4487 1007 4551 (11.).1111111
1032 4493 1125 4555 gratias
1152 4505 1229 4555 agens
1247 4492 1377 4540 Fabricius
1400 4491 1464 4540 haec
1487 4492 1532 4540 111
1549 4493 1678 4555 Keplcro:
1708 4497 1751 4545 Dc
1767 4507 1820 4545 nors

472 4567 552 4618 Stella
570 4573 640 4614 tuum
658 4565 823 4626 couscriptum
844 4562 931 4610 librum
950 4569 1008 4610 autc
1034 4564 1133 4611 biduum
1153 4564 1238 4625 accepi
1257 4562 1416 4627 Hamburgc‚
1444 4578 1498 4611 cum
1517 4578 1616 4613 summa
1633 4566 1765 4631 voluptate
1781 4566 1819 4631 legi

471 4645 497 4689 et
515 4638 615 4701 perlegi.
654 4635 724 4695 Quae
742 4636 768 4682 in
786 4649 825 4682 1111
843 4634 932 4696 probas
952 4642 995 4681 aut
1012 4634 1151 4697 improbas,
1180 4636 1270 4696 optime
1296 4636 1406 4697 cognovi.
1446 4633 1584 4682 Candorem
1602 4638 1699 4697 probo.
1729 4638 1819 4689 licetis

470 4709 594 4758 nonnullis
612 4721 693 4757 meam
712 4712 820 4755 mentem
839 4721 888 4753 non
907 4705 1012 4752 ridearis
1036 4705 1110 4767 plane
1128 4712 1154 4753 11
1175 4705 1247 4767 plene
1276 4712 1404 4752 assecutus
1423 4719 1484 4753 esse.
1522 4705 1614 4754 Parum
1644 4715 1732 4759 autem
1757 4709 1819 4760 111111

471 4780 516 4829 1111
533 4779 643 4829 refellere
662 4791 779 4839 operose;
808 4783 906 4825 tautum
925 4777 990 4824 euim
1010 4776 1081 4824 abest
1098 4782 1127 4823 ut
1144 4791 1184 4824 me
1202 4775 1267 4824 male
1285 4775 1395 4823 habeant
1420 4782 1508 4823 notata
1534 4776 1677 4837 asteriscis,
1707 4788 1738 4830 ut
1754 4781 1818 4829 111111

471 4851 565 4915 gratias
591 4850 636 4899 tibi
658 4848 764 4898 habeam
783 4863 826 4910 pro
851 4848 943 4908 judicio
963 4847 1076 4895 candido.
1114 4846 1194 4911 Perge
1213 4848 1287 4911 igitur
1314 4846 1404 4894 talibus
1431 4848 1528 4908 scriptis
1555 4847 1681 4899 illustrare
1701 4851 1817 4906 1111111111,

472 4923 521 4970 imo
540 4922 663 4984 Europam
688 4920 727 4968 vel
753 4921 833 4982 potius
861 4920 942 4967 orbem
961 4917 1099 4966 Terrarum.
1136 4918 1166 4965 Iu
1184 4917 1337 4982 astrologicis
1364 4923 1448 4966 tamen
1477 4932 1521 4965 suc
1549 4924 1661 4983 tempure
1688 4938 1731 4973 1111
1753 4920 1817 4972 1011

473 4993 612 5054 experieris,
631 4992 671 5054 qui
690 4991 825 5039 rationibus
843 4990 985 5038 firmissimis
1004 4990 1153 5038 assertiones
1180 4990 1337 5051 comprobare
1355 4989 1438 5050 possit.
1476 4991 1530 5053 Ego
1549 4989 1616 5038 euim
1635 4992 1661 5040 in
1682 5008 1716 5044 ea
1732 4990 1815 5058 potissi

471 5076 539 5112 mum
558 5062 705 5123 astrologiae
724 5068 793 5123 parte
812 5062 903 5116 laboro,
922 5066 950 5108 ut
965 5060 1085 5122 speciales
1105 5065 1206 5108 eventus
1225 5060 1258 5108 ad
1270 5060 1408 5109 redssimas
1426 5073 1485 5107 suas
1503 5073 1594 5109 causas
1612 5062 1815 5121 111111111111111

472 5134 568 5183 1111111111
585 5132 810 5196 protectionumque
832 5132 944 5185 modum.
967 5133 1102 5187 rationem,
1121 5132 1184 5188 rim,
1204 5145 1307 5188 causas,
1326 5138 1352 5180 11
1370 5131 1453 5179 omnia
1469 5130 1612 5193 plenissime
1637 5133 1816 5187 deducendos
