4584 6192
938 563 969 614 es
988 563 1067 615 saus
1084 562 1164 615 vsvs
1637 539 1639 541 ’
1667 562 1731 631 535

463 736 561 817 Atqui
584 756 643 799 non
665 745 784 801 tautum
815 740 945 802 ecclesia
976 742 1006 802 iu
1040 758 1166 820 genere,
1199 741 1254 802 sed
1286 740 1378 803 etiam
1407 741 1437 803 in
1469 741 1570 821 specie
1593 741 1733 807 Romana

374 827 505 889 ecclesia
528 847 546 886 a
570 828 653 888 coelo
677 829 863 907 significatur
886 849 923 890 ex
945 829 1086 891 instituto
1105 829 1179 903 Dei,
1205 830 1335 891 volentis
1359 830 1440 910 loqui
1462 849 1534 893 cum
1551 830 1731 897 hominibus.

372 915 495 977 Etenim
522 915 548 976 si
571 915 627 976 hoc
650 917 848 996 probabiliter
880 920 1026 994 concessi,
1051 937 1109 978 nou
1134 937 1202 978 esse
1226 918 1404 992 absurdum,
1430 928 1464 981 ut
1486 920 1626 1000 loquatur
1647 922 1732 985 Deus

374 1024 441 1066 cum
482 1013 571 1082 gente
610 1007 827 1084 astrologorum
871 1008 991 1068 minime
1031 1024 1208 1080 numerosa,
1250 1015 1282 1067 et
1324 1008 1452 1069 formare
1487 1029 1543 1071 sua
1572 1010 1665 1071 verba
1694 1030 1732 1072 ex

373 1093 529 1173 principiis
553 1095 735 1173 astrologiae
759 1096 897 1174 propriis,
923 1097 994 1157 licet
1009 1114 1114 1175 parum
1129 1096 1231 1169 certis,
1255 1097 1350 1156 multo
1370 1098 1467 1159 minus
1486 1097 1545 1159 erit
1559 1099 1729 1176 absurdum,

374 1182 455 1261 loqui
478 1183 577 1244 Deum
600 1183 712 1261 aliquid
734 1202 789 1262 per
814 1185 901 1263 signa
923 1186 1070 1246 coelestia
1103 1203 1169 1245 cum
1198 1203 1299 1245 eorum
1322 1194 1430 1263 gente,
1462 1186 1511 1265 qni
1534 1186 1650 1249 Romae
1674 1207 1731 1250 vo-

374 1271 512 1331 cabnlum
536 1290 728 1350 peromnem
753 1273 898 1334 eeclesiae
923 1274 1090 1335 catholicae
1115 1272 1339 1352 amplitudinem
1368 1275 1550 1349 extendunt3
1582 1285 1631 1337 est
1654 1278 1732 1339 euim

373 1360 464 1420 hodie
488 1360 733 1421 numerosissima
757 1362 890 1441 adeoque
913 1363 1072 1441 potissima
1094 1379 1166 1439 pars
1190 1362 1270 1423 orbis
1298 1362 1474 1424 Terrarum:
1506 1372 1537 1424 et
1559 1364 1639 1443 loqui
1663 1363 1731 1445 qui·

375 1448 442 1509 dem
467 1448 505 1509 ad
530 1468 631 1509 eorum
654 1460 776 1528 captum
799 1470 837 1511 ex
861 1451 922 1512 suis
947 1450 1110 1531 principiis.
1149 1451 1255 1529 Itaque
1272 1450 1317 1512 his
1337 1451 1426 1526 datis,
1452 1452 1619 1531 quaemihi
1641 1453 1731 1533 plane

374 1545 446 1599 suut
477 1537 668 1612 verisimilia,
699 1539 725 1599 si
750 1540 815 1619 quis
846 1560 883 1600 ex
908 1560 953 1602 me
983 1548 1124 1622 quaerat,
1152 1540 1287 1617 possitne
1321 1541 1427 1601 melior
1456 1540 1573 1603 institui
1606 1560 1731 1621 compa·

374 1625 452 1687 ratio
477 1645 574 1686 rerum
598 1628 772 1689 coelestium
796 1647 861 1689 cum
884 1630 974 1691 rebus
999 1628 1157 1702 ecclesiae,
1180 1628 1358 1707 praesertim
1382 1628 1543 1691 hodiernae
1557 1629 1730 1693 Romanae:

374 1714 493 1775 omniuo
517 1733 677 1793 negavero.

465 1802 560 1880 Igitur
584 1806 692 1865 stellae
716 1805 793 1866 lixae
817 1805 989 1885 significant
1011 1805 1183 1883 episcopos,
1218 1805 1360 1885 planetae
1384 1814 1593 1881 sacramenta,
1618 1804 1730 1870 Satur-

376 1910 433 1953 nus
456 1904 624 1953 extremam
647 1894 831 1967 unctionem,
856 1893 977 1972 Jupiter
1001 1894 1230 1966 eucharistiam,
1259 1895 1344 1955 Mare
1372 1895 1637 1957 confirmationem.
1683 1896 1732 1958 Ex

376 1980 424 2041 his
446 1981 601 2060 principiis
625 1983 776 2061 sequitur,
808 2002 915 2044 novam
940 1983 1060 2043 stellam
1085 1983 1200 2061 (posito
1225 1984 1303 2062 quod
1327 2001 1384 2043 uon
1409 1991 1564 2058 naturam,
1596 1985 1651 2045 sed
1673 1985 1731 2046 Dei

376 2069 534 2130 arbitrium
557 2088 611 2148 pro
636 2090 728 2132 causa
751 2072 877 2145 habeat)
909 2070 1079 2150 significare
1113 2089 1219 2131 novum
1248 2080 1280 2132 et
1308 2072 1578 2135 extraordinarium
1612 2074 1730 2153 episco-

374 2174 446 2238 pum
471 2160 644 2237 etquidem
673 2162 844 2238 generalem
872 2160 1020 2239 aliquem,
1052 2160 1122 2239 quia
1155 2161 1245 2221 stella
1274 2160 1331 2230 fuit
1353 2161 1493 2224 maxima.
1541 2160 1731 2242 Congressus

376 2246 467 2309 trium
491 2248 681 2326 planetarum
702 2249 730 2310 in
746 2250 812 2310 loco
835 2249 943 2310 stellae
959 2249 1117 2327 significat,
1143 2247 1301 2310 materiam
1320 2249 1476 2311 doctrinae
1492 2269 1545 2311 seu
1560 2252 1729 2325 haereseos,

377 2335 517 2397 nimirum
542 2337 578 2397 de
603 2348 739 2398 extrema
763 2339 910 2406 unctione,
936 2337 1129 2409 eucharistia,
1153 2337 1394 2411 confirmatione,
1424 2340 1493 2400 novi
1517 2341 1586 2418 quid
1612 2342 1729 2415 afferre,

374 2434 429 2486 ant
452 2424 489 2485 de
513 2425 602 2487 rebus
627 2427 665 2487 ad
687 2428 750 2488 ista
774 2434 964 2488 sacramenta
995 2427 1213 2506 spectantibus.
1259 2426 1302 2488 Et
1331 2426 1401 2507 qnia
1427 2427 1457 2487 in
1490 2428 1647 2506 ecliptica,
1681 2428 1731 2490 via

374 2513 477 2591 regia,
513 2514 570 2576 erit
600 2514 690 2594 igitur
722 2516 770 2578 hio
803 2536 897 2577 novus
920 2515 1034 2576 Doctor
1067 2535 1119 2576 seu
1151 2515 1322 2578 haereticus
1352 2515 1384 2577 in
1416 2514 1567 2578 ordinaria
1599 2517 1670 2578 sede
1699 2516 1731 2579 in

375 2601 515 2677 ecclesia,
540 2604 571 2664 in
594 2605 783 2665 successione
808 2606 986 2684 apostolica.
1024 2604 1161 2684 Denique
1185 2624 1290 2684 parum
1313 2604 1402 2666 abest
1424 2604 1493 2684 quin
1508 2605 1731 2670 Antichristnm

375 2692 526 2769 significet
550 2711 587 2752 ex
610 2693 656 2754 his
678 2694 843 2772 principiis.
890 2694 933 2755 Et
956 2691 1025 2773 quia
1047 2694 1173 2771 pulchra
1201 2694 1307 2768 stella,
1339 2693 1475 2771 speciose
1508 2693 1599 2773 igitur
1623 2696 1728 2774 loque-

374 2789 435 2854 tur,
460 2781 514 2841 sed
539 2782 609 2863 quia
631 2783 714 2843 brevi
738 2782 867 2854 evannit,
894 2790 1056 2843 evanescet
1080 2790 1111 2842 et
1133 2782 1218 2843 haec.
1264 2782 1358 2844 Porro
1386 2782 1473 2843 video
1502 2801 1539 2843 ex
1567 2782 1622 2844 hac
1656 2801 1728 2863 epe-

373 2870 525 2931 cnlatione
558 2871 770 2933 meditationes
800 2872 844 2933 M.
870 2871 904 2931 T.
930 2871 1107 2950 quibusdam
1140 2871 1215 2932 meis
1248 2869 1376 2950 quaein
1408 2866 1461 2933 30.
1486 2872 1586 2951 capite
1619 2872 1728 2949 insunt,

373 2959 482 3019 aflines
506 2978 584 3021 esse.
632 2960 747 3021 Stellas
771 2979 826 3039 ego
850 2960 1022 3038 comparavi
1047 2960 1189 3032 urbibus,
1223 2969 1255 3020 tu
1287 2959 1424 3022 ecclesiis
1447 2961 1495 3021 vel
1519 2980 1620 3022 earum
1645 2962 1728 3041 epis-

372 3047 469 3126 copie.
506 3049 612 3127 Itaque
637 3050 707 3128 qnia
730 3049 896 3127 speculatio
921 3048 1020 3128 coepit
1041 3048 1209 3121 vaticinari,
1235 3049 1313 3128 qnod
1337 3048 1427 3110 desiit
1449 3048 1479 3110 in
1509 3049 1574 3128 ipso
1596 3051 1728 3126 exordio,

375 3144 521 3198 contenta
544 3137 599 3198 hoc
624 3139 789 3217 praeludio,
815 3156 870 3216 ego
887 3136 1005 3198 fabulae
1020 3138 1246 3198 convenientem
1261 3137 1441 3216 subjungere
1465 3138 1547 3199 volui
1570 3140 1730 3219 epilogum.

373 3225 455 3288 Nam
478 3225 614 3304 prolecto
638 3247 698 3288 nou
729 3236 777 3288 est
806 3227 867 3287 alia
898 3246 1030 3287 mearum
1062 3227 1298 3305 praedictionum
1321 3226 1497 3300 methodus,
1537 3246 1625 3308 quam
1656 3228 1732 3290 haec

374 3315 452 3392 ipsa,
478 3333 536 3393 qua
559 3336 614 3376 usa
638 3324 686 3376 est
710 3316 889 3394 speculatio.
935 3317 965 3377 A
988 3315 1073 3394 cujus
1096 3314 1212 3376 intento
1243 3315 1269 3377 ei
1300 3333 1356 3393 ego
1386 3315 1509 3388 aberro,
1541 3316 1598 3378 hoc
1629 3326 1678 3379 est
1705 3316 1732 3379 si

372 3402 472 3463 noluit
495 3404 548 3464 illa
571 3405 600 3464 iu
624 3405 860 3483 praedictionem
886 3404 1037 3477 desinere;
1062 3412 1132 3465 tunc
1157 3422 1214 3464 uon
1240 3404 1336 3478 video,
1362 3404 1410 3483 qui
1433 3423 1488 3484 per
1510 3403 1587 3467 hauc
1602 3406 1732 3485 objectio

373 3493 428 3553 illa
452 3493 553 3554 soluta
576 3493 633 3553 sit:
668 3496 737 3554 dnm
769 3501 962 3574 quaerentem
992 3493 1172 3566 introducit,
1206 3512 1276 3553 num
1304 3494 1382 3554 sorte
1413 3494 1533 3554 fortuna
1555 3494 1733 3573 contingant

372 3582 437 3653 illa,
465 3601 539 3660 quae
564 3582 593 3643 iu
618 3584 700 3643 coelo
728 3591 910 3661 spectentur,
937 3601 991 3643 nec
1014 3582 1184 3643 homiuibus
1208 3582 1365 3661 quicquam
1387 3581 1512 3661 prosint.
1531 3614 1569 3626 —

464 3668 536 3731 Quae
554 3677 697 3735 sequuntur,
717 3671 833 3737 leguntur
849 3673 875 3721 in
896 3671 1010 3736 ,Eclcgis
1029 3670 1182 3720 Chronicie.“

463 3919 494 3969 In
514 3917 608 3984 Opticis
626 3915 661 3982 (p.
682 3915 715 3965 ³7
736 3916 781 3979 aa.)
808 3919 893 3968 literas
913 3918 1065 3968 exhibuimus
1083 3917 1189 3967 loannis
1208 3915 1308 3982 Georgii
1330 3914 1515 3981 Brenggeri
1542 3915 1632 3965 medici
1650 3915 1731 3966 Kaul-

371 3991 513 4048 hurnensis,
533 3996 652 4055 quantum
672 3990 731 4038 illud
750 3993 888 4055 attigerunt
900 4004 968 4053 opus.
995 3990 1094 4038 Literae
1113 3988 1224 4052 ejusdem
1237 3987 1268 4038 de
1281 3987 1391 4037 stellein
1404 3986 1490 4052 Cygno
1502 3987 1567 4037 intra
1585 3995 1732 4052 sequentum

371 4066 427 4126 lam
456 4076 488 4112 ea
515 4076 579 4125 quae
607 4062 638 4110 de
667 4059 818 4125 Serpoutarii
852 4062 924 4110 stella
952 4075 1007 4109 eum
1035 4060 1143 4123 Keplero
1172 4061 1223 4123 egit
1254 4060 1413 4123 proponenda
1439 4065 1504 4108 suut.
1551 4062 1624 4121 Anno
1654 4056 1731 4110 1805.

373 4132 414 4195 (d.
436 4132 477 4181 10.
499 4132 552 4182 Cal⁴
572 4131 644 4191 lan.)
663 4133 726 4183 baec
751 4133 818 4182 dedit
836 4132 962 4196 Keplero:
982 4132 1085 4181 Gratum
1108 4130 1168 4180 mihi
1195 4132 1292 4187 iecisti,
1321 4134 1385 4193 quod
1404 4131 1435 4180 de
1458 4130 1512 4179 loeo
1539 4130 1627 4180 stellae
1653 4142 1733 4180 novas

375 4206 508 4255 certiorem
526 4219 566 4252 me
592 4204 691 4260 lecisti;
720 4204 817 4252 dabitur
844 4203 983 4267 propediem
1012 4204 1109 4251 occasio
1136 4216 1220 4251 rursus
1237 4215 1294 4251 eam
1321 4201 1472 4251 observandi.
1511 4199 1598 4250 Ortum
1617 4204 1734 4265 ejusaem

373 4278 495 4341 originem
513 4276 595 4324 refero
614 4277 639 4323 in
659 4275 723 4324 diem
743 4274 768 4323 l.
783 4274 839 4324 Oct.
859 4289 905 4338 quo
918 4274 1014 4337 Jupiter
1026 4279 1052 4322 et
1064 4273 1133 4323 Mars
1152 4276 1176 4322 in
1197 4273 1282 4322 eodem
1301 4273 1388 4337 gradu,
1408 4273 1450 4322 ubi
1462 4286 1528 4321 nuuc
1546 4272 1620 4323 stella
1636 4273 1733 4330 haeret,

372 4349 458 4410 juncti
477 4347 577 4395 inerunt
594 4348 665 4408 juxta
683 4345 789 4395 Leoritii
807 4351 955 4409 computum.
993 4345 1027 4393 Et
1044 4346 1065 4393 si
1082 4344 1165 4393 lumen
1185 4346 1238 4407 ejus
1255 4345 1390 4405 iutuemur,
1412 4343 1522 4392 ridemus
1541 4358 1597 4393 eam
1615 4342 1734 4394 aemnlarl

374 4417 391 4468 J
395 4434 485 4475 ovem3
505 4417 549 4465 sed
568 4419 626 4481 quia
644 4417 749 4465 rutilans
768 4424 880 4481 apparet,
899 4415 996 4465 ridetur
1014 4417 1089 4464 etiarn
1107 4416 1257 4479 participare
1276 4415 1307 4464 de
1325 4421 1415 4464 natma
1432 4414 1528 4465 Martie.

465 4490 486 4537 E
513 4488 656 4551 Kepleri
684 4491 842 4552 responsione
866 4486 901 4548 (d.
930 4488 953 4536 d.
985 4485 1026 4534 17.
1055 4484 1128 4549 lan.)
1155 4501 1219 4550 quae
1246 4486 1295 4535 hnc
1321 4488 1447 4548 perducat
1472 4485 1521 4535 huc
1547 4499 1625 4550 usqne
1654 4498 1732 4534 reser-

373 4570 504 4620 avimus:
550 4561 668 4621 Novam
705 4562 843 4635 stellam,
889 4569 984 4632 inquit,
1019 4558 1097 4619 vidit
1134 4558 1255 4637 qnidam
1298 4557 1439 4617 Veronae
1482 4558 1516 4619 F.
1559 4556 1733 4618 Altobellus

375 4646 407 4714 9.
435 4647 516 4722 Oct,
541 4647 572 4711 8.
598 4646 669 4709 Oct.
703 4669 760 4710 nou
793 4656 842 4709 est
873 4647 940 4708 visa
963 4648 1097 4726 Pragae,
1129 4646 1160 4706 in
1188 4644 1348 4720 Oetirisia,
1379 4645 1513 4708 Alsatia.
1558 4644 1604 4706 Eo
1629 4644 1676 4705 die
1700 4638 1732 4707 9.
1786 4711 1789 4716 ,

373 4740 458 4800 circa
481 4738 635 4799 meridiem
658 4738 715 4799 fnit
738 4739 768 4813 ό
788 4738 828 4811 Ἡ,
849 4744 883 4805 d·
929 4735 991 4797 Sed
1014 4745 1057 4808 tn,
1082 4735 1131 4814 qui
1155 4744 1253 4796 ortum
1276 4734 1384 4795 stellae
1408 4733 1615 4796 ratiocinando
1639 4733 1733 4795 audes

373 4828 433 4889 huc
458 4828 569 4888 referre
594 4827 633 4887 ad
658 4826 894 4907 conjunctionem
917 4824 947 4897 hl
971 4832 1002 4884 et
1025 4832 1060 4898 (ς,
1085 4824 1156 4885 mihi
1180 4825 1313 4885 edissere
1336 4840 1354 4882 o
1378 4824 1501 4901 elegans
1524 4823 1631 4898 homo,
1655 4840 1732 4902 quae

373 4915 524 4977 naturalis
548 4916 693 4978 connexio
718 4935 755 4976 ex
778 4915 873 4976 Terra
896 4913 935 4974 ad
958 4931 1127 4993 supremum
1152 4910 1327 4973 aetherem?
1354 4913 1390 4973 Iu
1413 4912 1507 4972 Terra
1530 4916 1734 4991 apparuerunt

374 5004 543 5083 conjuncti,
569 5006 705 5084 nuspiam
729 5004 801 5065 alibi
824 5003 854 5063 iu
878 5009 943 5063 toto
974 5002 1083 5063 mundo
1107 5010 1141 5063 ut
1163 5000 1257 5074 nosti,
1280 5001 1459 5081 praesertim
1482 5000 1509 5062 si
1533 4998 1732 5080 Copernicum

373 5094 426 5155 vel
450 5094 542 5155 etiam
565 5093 736 5175 Tychouem
760 5110 902 5174 sequare,·
927 5109 998 5171 ergo
1021 5099 1131 5153 natura
1155 5089 1270 5169 aliqua,
1293 5108 1370 5170 qnae
1392 5090 1471 5152 hanc
1493 5086 1733 5170 conjunctionem
