4584 6192
943 607 948 616 -
976 577 1103 644 Appendir
1122 580 1155 629 ad
1177 580 1259 644 Caput
1275 579 1295 630 1.
1751 579 1811 647 147

481 755 511 822 8)
538 760 576 813 Et
597 776 656 813 curn
678 758 706 812 id
727 775 825 829 corpus
847 759 973 828 potentia
993 758 1166 828 perspicuum
1189 764 1233 809 est
1254 764 1318 811 ωηο
1339 757 1376 810 ibi
1398 760 1532 813 tenebrae
1553 761 1686 816 obtinent.

472 840 510 909 9)
537 841 636 909 ltaque
657 856 713 892 uon
734 857 794 893 curn
821 847 884 892 actu
912 838 1086 908 perspicuum
1107 845 1150 889 est
1171 839 1218 890 sed
1244 855 1306 890 cum
1336 844 1492 905 potestate,
1523 848 1587 893 tunc
1613 841 1699 911 igitur
1718 850 1764 895 est
1783 849 1813 896 et

538 921 716 972 tenebrosum
737 927 767 972 et
788 920 908 972 colorum
930 934 1030 987 capax,
1053 917 1147 986 utique
1170 918 1236 986 quia
1256 927 1321 970 ωηο
1342 918 1429 971 solum
1451 926 1495 971 est
1517 920 1575 972 sine
1596 922 1696 976 colore.

466 997 509 1064 10)
538 999 612 1052 ldem
630 990 662 1052 et
683 1001 716 1051 de
739 1000 823 1068 plane
838 1017 891 1052 non
905 998 970 1050 visis
986 999 1062 1050 etde
1080 997 1113 1049 iis
1135 1013 1206 1066 quae
1228 1013 1313 1067 aegre
1335 998 1540 1066 conspiciuntur
1560 1000 1721 1065 affirmatur,
1742 1002 1812 1071 quod

538 1079 657 1146 capacia
678 1079 734 1131 sint
755 1080 861 1131 coloris.

467 1153 513 1227 ll)
540 1159 593 1211 Est
614 1164 707 1211 autem
729 1159 754 1211 id
776 1161 846 1228 quod
868 1165 931 1210 actu
963 1156 1136 1226 perspicuum
1157 1164 1201 1208 est
1222 1156 1294 1209 inter
1321 1155 1441 1210 visibilia
1470 1160 1641 1223 habendum,
1669 1177 1723 1213 nou
1748 1176 1814 1213 vero

541 1255 570 1290 se
593 1238 653 1306 ipso
675 1240 723 1290 sed
745 1254 795 1306 per
815 1238 933 1290 colorem
955 1237 1073 1289 alienum
1095 1244 1124 1288 et
1145 1242 1319 1289 extraneum.

466 1314 511 1379 12)
538 1317 698 1370 litantem
720 1317 788 1369 visio
805 1315 865 1380 (seu
886 1318 990 1368 visione
1012 1323 1114 1368 natura
1135 1315 1210 1383 prior
1224 1316 1315 1377 motio,
1339 1332 1419 1384 quarn
1434 1335 1488 1388 ego
1510 1318 1723 1373 illustrationem
1744 1317 1815 1371 oculi

538 1392 673 1464 dicerem)
696 1397 722 1449 in
737 1398 809 1449 hunc
830 1399 945 1450 modum.
975 1396 1057 1447 Color
1078 1403 1170 1447 movet
1184 1395 1209 1447 id
1231 1398 1301 1464 quod
1317 1403 1360 1447 est
1378 1405 1441 1449 actu
1463 1400 1644 1467 perspicuum,
1667 1405 1699 1452 ut
1713 1403 1815 1460 adrem,

539 1477 576 1529 ab
597 1477 650 1529 hoc
671 1493 737 1529 vero
759 1477 797 1529 sio
818 1483 904 1538 moto,
927 1475 992 1545 quia
1012 1475 1169 1527 continuum
1198 1492 1296 1543 corpus
1318 1482 1376 1538 est,
1399 1477 1517 1531 vicissim
1545 1485 1670 1531 movetur
1691 1485 1720 1530 et
1740 1477 1815 1530 visus

539 1556 751 1609 instrumentum
773 1573 821 1608 sou
843 1556 946 1607 oculus.

470 1635 514 1698 13)
541 1640 634 1704 Atque
656 1636 725 1687 haec
739 1650 796 1688 una
817 1636 923 1704 species
938 1642 981 1687 est
1002 1634 1122 1695 visionis,
1145 1636 1207 1687 dum
1223 1636 1299 1688 color
1319 1635 1425 1688 scilicet
1446 1637 1560 1699 videtur,
1584 1637 1610 1690 in
1625 1637 1686 1689 luce
1701 1636 1816 1700 scilicet,

543 1731 681 1784 nunquam
704 1716 826 1778 seorsim,
849 1716 915 1784 quia
935 1716 985 1766 lux
1006 1720 1050 1765 est
1071 1714 1187 1783 energia
1207 1716 1353 1783 perspicui.

473 1796 515 1857 14)
543 1795 641 1864 ltaque
661 1796 693 1848 lit
713 1795 782 1847 visio
804 1790 901 1863 (motio
923 1794 1097 1859 instrumenti
1118 1810 1199 1862 quam
1221 1795 1345 1864 sequitur
1358 1790 1442 1862 visio)
1463 1811 1523 1848 cum
1543 1794 1695 1848 sensorium
1716 1795 1817 1848 instru-

542 1882 664 1927 mentum
686 1874 789 1944 aliquid
811 1876 846 1926 ab
868 1874 1028 1927 intermedio
1049 1874 1165 1942 patitur.

472 1954 515 2014 15)
542 1955 638 2022 Neque
660 1955 731 2006 enim
753 1954 860 2023 patitur
881 1954 983 2023 aliquid
1005 1954 1100 2005 oculus
1123 1949 1190 2019 (non
1212 1960 1337 2005 movetur
1363 1952 1470 2022 inquam
1492 1957 1542 2007 aut
1568 1953 1705 2007 alteratur
1725 1953 1818 2023 paries

543 2031 627 2096 oculi)
649 2035 685 2085 ab
709 2033 768 2102 ipso
789 2034 834 2103 qui
856 2034 964 2086 videtur
985 2035 1085 2087 colore.

473 2108 516 2176 16)
544 2115 677 2182 Adeoque
699 2114 721 2165 si
743 2114 863 2181 spatium
889 2113 1077 2166 intermedium
1108 2113 1284 2182 contingeret
1311 2110 1428 2181 relinqui
1455 2128 1571 2165 vaceium
1592 2127 1720 2181 corpore,
1750 2111 1819 2164 nihil

543 2192 629 2245 videri
650 2201 754 2260 posset.

475 2271 515 2334 l'l)
544 2272 687 2341 Analogia
707 2273 778 2325 enim
800 2279 844 2324 est
864 2271 936 2325 inter
957 2272 1052 2335 visum,
1075 2273 1197 2325 auditum
1219 2278 1249 2324 et
1269 2274 1412 2324 odoratum
1433 2270 1542 2324 ratione
1562 2270 1725 2323 intermedii.

476 2349 515 2415 18)
542 2352 594 2404 Est
616 2358 709 2405 autom
731 2360 760 2405 et
780 2352 838 2404 alia
859 2351 965 2419 species
987 2352 1106 2414 visionis,
1130 2368 1185 2421 qua
1205 2369 1258 2404 non
1280 2352 1398 2404 colorem
1421 2353 1468 2403 sed
1490 2350 1548 2403 alia
1573 2350 1716 2403 cernimus.
1760 2350 1820 2412 Quo

544 2430 652 2483 nomine
675 2431 732 2501 igni
754 2439 784 2483 et
804 2430 861 2483 Soli
883 2431 956 2483 inest
976 2448 1058 2484 unum
1079 2438 1109 2484 et
1128 2431 1198 2484 idem
1221 2430 1370 2500 quippiam.

477 2508 516 2572 19)
543 2510 641 2578 Neque
662 2510 753 2564 omnia
774 2511 801 2563 in
823 2510 883 2562 luce
905 2518 1068 2572 cernuntur,
1090 2513 1137 2563 sed
1160 2511 1254 2581 aliqua
1275 2517 1305 2562 et
1325 2509 1351 2563 in
1374 2509 1496 2562 tenebris
1522 2509 1646 2562 efficiunt
1667 2508 1821 2562 sensionem

544 2585 608 2655 (seu
630 2592 843 2658 praecedentem
865 2591 938 2643 hanc
958 2598 1060 2642 motum
1082 2586 1278 2653 instrumenti).

477 2666 517 2731 20)
544 2670 615 2721 Νηιη
637 2670 722 2722 etiarn
744 2672 779 2722 ab
801 2669 866 2739 igne
889 2671 1061 2738 perspicuum
1084 2667 1125 2736 (in
1147 2666 1286 2739 potentia)
1307 2670 1339 2721 lit
1360 2668 1532 2737 perspicuum
1555 2663 1655 2734 (actu).

477 2745 520 2815 ll)
545 2749 583 2801 Et
606 2765 678 2817 quae
700 2756 783 2801 noctu
809 2766 858 2801 seu
880 2749 907 2801 in
933 2751 1054 2802 tenebris
1085 2757 1249 2810 cernuntur,
1281 2765 1375 2801 eorum
1401 2748 1497 2816 aliqua
1527 2749 1675 2816 splendent
1704 2746 1820 2816 quidem,

544 2829 632 2881 lucem
653 2846 719 2881 vero
741 2847 795 2881 non
816 2829 954 2898 ingerunt,
980 2832 1106 2900 λαμπησι
1124 2848 1178 2900 μεν
1197 2825 1255 2883 ἀλλ’
1275 2823 1293 2884 ti
1312 2839 1372 2899 φωξ
1389 2827 1510 2898 innocen.

554 2926 598 2978 Ex
621 2925 663 2978 his
687 2925 851 2994 aphorismis
872 2933 999 2993 apparet,
1023 2928 1092 2995 quod
1108 2926 1220 2993 majoris
1243 2924 1398 2977 evidentiae
1420 2940 1506 2978 causa
1520 2926 1587 2987 dico,
1611 2931 1644 2976 ut
1657 2925 1707 2977 dat
1727 2940 1821 2976 neces·

480 3003 541 3057 saria
567 3005 638 3057 risui
668 3005 751 3058 motio
782 3005 954 3057 instrumenti
981 3008 1015 3057 ad
1047 3006 1166 3059 colorem
1193 3006 1352 3067 videndum,
1384 3006 1450 3056 duos
1483 3006 1519 3057 ab
1547 3004 1701 3056 Aristotele
1732 3009 1821 3056 motus

480 3084 565 3152 requiri
587 3085 660 3137 aeris
686 3102 736 3137 seu
763 3083 918 3152 hujusmodi
947 3085 1086 3154 corporis:
1115 3102 1198 3138 unum
1220 3101 1237 3137 a
1258 3085 1332 3144 luce,
1363 3092 1395 3136 ut
1420 3100 1455 3137 ea
1481 3085 1656 3153 perspicuum
1678 3083 1705 3135 in
1730 3090 1822 3136 actum

483 3165 596 3216 traducat
617 3162 677 3233 (qui
699 3171 788 3216 motus
804 3181 853 3232 pro
874 3163 989 3216 videndo
1012 3165 1100 3217 lucido
1122 3181 1236 3233 corporo
1258 3159 1373 3230 sufficit)
1396 3164 1513 3217 alterum
1529 3180 1546 3217 η
1561 3163 1652 3217 colore
1673 3162 1713 3216 rei
1733 3162 1821 3219 visae.

556 3253 633 3313 Quod
660 3251 747 3321 igitur
776 3252 891 3320 primam
922 3253 1025 3305 attinet
1054 3254 1232 3314 sententiam,
1264 3269 1300 3305 ea
1327 3252 1434 3322 quidem
1455 3270 1523 3307 vera
1544 3259 1601 3314 est,
1634 3252 1656 3305 si
1678 3258 1771 3305 tamen
1792 3258 1822 3305 et

484 3330 587 3384 definitio
609 3332 709 3384 coloris
731 3331 859 3401 legitima
880 3340 1060 3400 supponatur.
1097 3334 1161 3385 ldoo
1183 3350 1300 3402 namque
1322 3333 1397 3385 color
1413 3339 1458 3384 est
1479 3331 1652 3386 instrumenti
1673 3331 1765 3385 visorii
1787 3333 1821 3384 ad

484 3413 626 3464 novandum
649 3418 756 3479 potens,
779 3412 844 3480 quia
865 3413 897 3463 de
919 3419 1022 3465 natura
1041 3413 1110 3465 lucis
1131 3419 1183 3466 est.
1215 3414 1313 3482 ltaque
1335 3412 1390 3465 luci
1410 3411 1497 3480 primo
1518 3421 1548 3465 et
1568 3428 1618 3481 per
1639 3428 1670 3463 se
1691 3410 1823 3480 competit

485 3489 588 3554 parietes
611 3488 655 3557 (et
676 3491 715 3543 sic
736 3486 857 3557 oculum)
880 3492 1010 3544 alterare.

556 3575 594 3623 At
616 3588 667 3622 nec
688 3570 789 3623 sufficit
810 3571 910 3622 adhoc
931 3572 1048 3624 colorem
1064 3587 1124 3622 esse
1140 3571 1195 3623 luci
1217 3579 1374 3642 cognatum,
1398 3578 1509 3640 oportet
1522 3579 1551 3623 et
1566 3578 1632 3623 actu
1653 3569 1822 3622 illustratum

487 3663 532 3700 esse
546 3666 562 3703 a
576 3651 637 3702 luce
648 3660 678 3702 et
688 3650 727 3702 sic
742 3652 829 3703 lucem
845 3653 980 3719 quandam
996 3651 1168 3713 combibisse,
1184 3667 1255 3719 quae
1266 3651 1317 3703 hoc
1332 3651 1423 3719 capite
1436 3652 1485 3702 lux
1501 3649 1700 3703 communicata
1713 3648 1821 3702 dicitur.

555 3738 679 3791 Secundo
707 3738 864 3807 aphorismo
895 3740 988 3792 definit
1015 3739 1182 3792 Aristoteles
1214 3739 1301 3792 lucem
1329 3757 1382 3792 non
1404 3740 1430 3791 in
1459 3754 1510 3790 sua
1537 3744 1637 3790 natura
1663 3742 1744 3805 puto,
1774 3735 1821 3787 sed
1912 3782 1916 3789 .

490 3824 606 3881 quatenus
628 3820 663 3871 ad
685 3818 793 3870 videndi
814 3819 956 3889 negotium
979 3820 1122 3872 concurrit.
1158 3819 1219 3872 Etsi
1241 3836 1306 3871 vero
1327 3817 1496 3887 impossibile
1517 3817 1633 3878 videtur,
1656 3814 1821 3884 ipsissimam

490 3892 541 3949 locis
560 3905 688 3951 naturam
710 3899 821 3966 penitus
841 3900 951 3952 rimari:
976 3904 1104 3968 praestat
1125 3904 1218 3950 tamen
1239 3898 1335 3968 aliqua
1354 3898 1468 3966 propius
1495 3896 1583 3966 ipsam
1604 3895 1672 3948 lucis
1694 3900 1822 3946 naturam

490 3978 662 4031 onoernentia
683 3978 787 4041 rimari,
810 3979 969 4047 priusquam
991 3982 1025 4031 od
1047 3978 1115 4030 lucis
1142 3978 1308 4031 functionem
1337 3980 1511 4046 procedatur.
1554 3977 1665 4029 Certum
1685 3972 1758 4025 enim
1778 3979 1823 4026 est

490 4059 538 4108 tunc
563 4058 714 4111 rectissime
740 4075 789 4110 nos
818 4060 887 4111 scire
913 4060 982 4129 quid‘
1007 4058 1141 4128 quidlibet
1171 4058 1259 4126 possit
1285 4058 1312 4110 in
1334 4057 1405 4119 alio,
1437 4073 1496 4109 cum
1518 4056 1580 4125 quid
1603 4054 1629 4107 in
1650 4069 1681 4105 so
1705 4052 1765 4122 ipso
1786 4052 1824 4105 sit

491 4130 697 4191 intellexerimus.

556 4219 627 4270 ldem
649 4224 679 4270 et
701 4219 733 4269 de
754 4218 900 4285 perspicuo
921 4217 1080 4270 dicendum:
1103 4218 1174 4286 quod
1197 4215 1240 4268 hic
1261 4214 1356 4268 delinit
1372 4214 1538 4267 Aristoteles
1561 4229 1614 4265 nou
1636 4212 1720 4265 aliter
1741 4228 1823 4283 quarn

490 4291 505 4342 ti
519 4297 625 4350 nominis
656 4298 756 4350 reddat
784 4297 927 4350 rationem.
969 4296 1146 4365 Perspicuum
1174 4297 1245 4348 enirn
1274 4295 1377 4364 aliquid
1405 4301 1469 4347 tunc
1491 4301 1536 4345 est
1561 4309 1621 4344 cum
1643 4309 1693 4360 per
1714 4292 1739 4345 id
1760 4308 1823 4362 per·

490 4374 587 4440 tpioitur,
611 4383 640 4429 et
661 4377 827 4445 pellucidum
849 4393 909 4429 cum
930 4377 1090 4447 quibusdam
1116 4376 1262 4428 luminibus
1289 4374 1420 4444 pellucet.
1463 4378 1503 4426 At
1523 4378 1649 4425 neutrum
1670 4374 1702 4426 lit
1723 4371 1774 4425 nisi
1795 4371 1824 4424 iu

490 4447 541 4506 lise.
572 4461 611 4509 At
631 4457 718 4509 multo
740 4457 853 4525 propius
869 4459 903 4509 ad
924 4464 1052 4509 naturam
1072 4473 1163 4509 rerum
1185 4455 1291 4508 accedit
1311 4454 1357 4523 qui
1378 4452 1570 4521 dispositiones
1592 4451 1702 4515 indicat,
1725 4450 1822 4521 quibus

491 4530 662 4595 laetentibus
684 4552 801 4604 corpora
822 4536 962 4604 pellucere
984 4543 1053 4604 apta
1074 4536 1129 4588 sint
1151 4553 1199 4587 seu
1221 4539 1370 4603 praesente
1392 4533 1453 4585 luce
1474 4549 1523 4586 seu
1545 4532 1670 4584 absente.
1713 4531 1823 4584 Certum

492 4612 542 4666 enon
560 4623 617 4679 est,
650 4632 763 4668 accessu
790 4616 858 4668 lucis
889 4623 1016 4669 naturam
1047 4632 1191 4683 corporum
1217 4633 1270 4667 nou
1300 4612 1417 4666 mutari:
1451 4620 1480 4665 et
1506 4619 1599 4665 tamen
1621 4610 1678 4663 alia
1707 4623 1825 4678 corpora

493 4694 613 4765 utrobique
635 4696 785 4748 tenebrosa
806 4702 925 4758 manent,
949 4696 1006 4749 alia
1027 4702 1134 4748 tantum
1156 4696 1272 4748 absente
1293 4694 1364 4745 luce.

552 4784 594 4837 lta
614 4785 642 4836 in
663 4784 751 4836 tertia
780 4785 920 4837 sententia
943 4785 976 4837 fit
1005 4783 1113 4853 utrique
1135 4782 1176 4834 vis
1198 4788 1227 4834 et
1248 4781 1301 4835 luci
1323 4787 1353 4834 et
1378 4779 1526 4849 pellucido.
1568 4779 1638 4832 Nam
1659 4776 1701 4831 ita
1725 4784 1827 4831 sonant

495 4861 566 4925 verbs,
588 4862 667 4933 quasi
687 4864 738 4917 lux
759 4863 787 4916 in
808 4870 910 4917 natura
930 4864 968 4916 sit
994 4863 1080 4931 primo
1110 4861 1243 4931 pellucidi
1268 4876 1371 4914 causa:
1402 4860 1472 4929 quod
1494 4875 1572 4912 secus
1593 4863 1652 4919 est;
1682 4857 1732 4909 lux
1753 4855 1825 4931 enim

496 4944 524 4989 tti
549 4944 666 4996 colorum
697 4942 921 4997 illustrandorum
952 4957 1055 4998 causa:
1086 4941 1253 5011 pellucidum
1274 4957 1339 4994 vero
1369 4940 1510 5008 utriusque
1535 4952 1634 4999 causa,
1666 4936 1772 4989 scilicet
1793 4942 1827 4988 ut

498 5016 582 5076 olores
603 5022 640 5077 ab
659 5038 715 5076 uno
728 5023 794 5078 Sole
815 5025 931 5078 absente
953 5022 1086 5076 illustrari
1109 5027 1229 5090 possent.
1258 5022 1320 5075 Non
1340 5019 1435 5088 itaque
1455 5019 1506 5071 lux
1524 5025 1568 5071 est
1588 5021 1666 5069 actus
1686 5014 1826 5086 perspicui
1926 5015 1928 5019 '

497 5097 531 5150 lii
547 5108 621 5159 otus
640 5102 732 5172 potius
754 5103 875 5158 solorum
895 5109 1032 5174 quatenus
1054 5102 1183 5157 videntur
1203 5117 1253 5154 seu
1273 5099 1392 5160 radiant.

1552 5187 1586 5241 1⁰
1595 5190 1612 5223 ⁴*
