4584 6192
979 590 1061 656 caput
1078 589 1121 642 xl.

371 766 464 829 etiam
489 764 668 849 expediendi
689 764 846 846 problema
865 763 919 831 30.
965 768 1034 831 Au-

372 857 460 939 gulus
494 857 572 918 euim
604 856 733 936 insignis
765 864 822 918 est.
870 854 984 920 Ceutro
1008 858 1040 921 A

371 946 523 1009 scribatur
549 946 677 1008 circulus
707 944 841 1026 corporis
864 943 945 1009 Solis
970 945 1036 1023 00,

370 1036 401 1098 in
415 1054 473 1117 quo
489 1033 548 1098 ΟΔ
563 1034 748 1107 verticalem,
764 1032 822 1097 AC
840 1034 1034 1111 horizontem,

369 1124 426 1187 AB
451 1124 621 1204 eclipticam
646 1131 867 1204 repraesentet,
893 1131 924 1185 et
947 1122 1034 1186 OAB

370 1214 412 1277 sit
426 1209 497 1277 070.
520 1214 600 1275 Nam
615 1214 641 1275 si
657 1211 717 1274 ΟΔ
736 1220 818 1274 esset
840 1212 1031 1289 meridianus,

370 1309 490 1366 secaret
518 1302 575 1364 AB
607 1303 636 1364 in
669 1303 699 1364 A
731 1296 789 1364 10⁰
812 1311 859 1368 Ε
891 1302 955 1383 (qui
985 1310 1034 1365 est

371 1393 453 1454 locus
487 1391 582 1465 Solis)
614 1392 724 1471 angulo
756 1385 816 1453 660
848 1386 911 1455 480.
963 1391 1034 1454 lam

369 1500 441 1543 vero
466 1479 526 1542 ΟΔ
549 1488 598 1542 est
629 1483 711 1543 ultra
742 1479 897 1542 meridiem
929 1499 1035 1543 versus

370 1570 605 1650 nonagesimum,
624 1570 691 1632 ideo
706 1569 795 1648 paulo
810 1569 929 1632 rectior.
956 1568 1036 1640 Quia

370 1678 442 1739 ergo
465 1659 630 1722 Maestlino
662 1658 839 1739 principium
873 1658 1036 1720 declinavit

371 1743 411 1813 90
433 1748 472 1810 ad
496 1756 608 1821 ortum,
638 1765 709 1827 ergo
739 1747 781 1807 sit
803 1744 859 1808 ΟΡ
882 1742 921 1810 90
943 1754 975 1808 et
998 1767 1036 1809 ex

371 1838 478 1916 Aper
501 1837 527 1898 P
554 1844 640 1898 recta
669 1836 823 1916 ejiciatur,
856 1855 893 1897 ex
916 1836 942 1897 P
966 1854 1034 1899 vero

371 1926 518 1988 diameter
549 1926 652 1987 Lunae
689 1926 749 1986 PM
787 1925 968 1986 extendatur
1006 1933 1037 1987 et

370 2024 475 2076 centro
499 2014 533 2075 M
556 2016 706 2077 scribatur
728 2012 785 2076 PG
814 2014 941 2075 circulus
966 2014 1035 2075 dia-

370 2103 458 2165 metri
482 2103 597 2165 Luuae.
643 2103 687 2165 Et
715 2104 786 2183 quia
817 2103 950 2164 maxima
979 2104 1034 2165 ob·
1064 2134 1080 2174 ι

371 2193 504 2256 scuratio
529 2187 661 2276 iuit2¹l2
690 2193 860 2273 digitorum,
887 2191 1037 2253 dividatur

370 2300 441 2360 ergo
466 2280 526 2351 AQ
550 2283 791 2355 semidiameter,
823 2289 857 2342 ut
880 2279 924 2351 Ql
948 2281 989 2344 sit
1011 2276 1086 2364 27„
1111 2280 1158 2344 lA
1181 2277 1264 2363 3¹1„
1295 2288 1327 2343 et
1359 2289 1462 2343 centro
1492 2278 1727 2342 Adiastemate

369 2371 415 2435 AI
444 2371 581 2432 circellus
613 2372 797 2443 delineetur,
832 2390 919 2451 quem
948 2379 1058 2451 tangat
1085 2378 1182 2445 recta,
1218 2392 1294 2452 quae
1323 2371 1428 2433 eadem
1453 2376 1484 2431 et
1507 2369 1647 2432 circulum
1670 2368 1729 2431 PG

370 2460 479 2539 tangit,
506 2469 606 2521 tactus
630 2460 723 2521 sitin
749 2462 771 2521 I.
818 2460 900 2539 Ergo
930 2461 1119 2522 continuetur
1144 2459 1190 2522 Al
1218 2469 1249 2523 et
1272 2480 1310 2523 ex
1333 2461 1349 2523 I
1373 2458 1596 2521 semidiameter
1623 2458 1728 2521 Lunae

370 2549 550 2610 extendatur
572 2550 633 2624 IN,
667 2557 862 2610 connectatur
889 2550 967 2623 MN,
1002 2559 1033 2610 et
1064 2550 1253 2613 continuetur
1281 2550 1321 2612 ad
1351 2567 1535 2612 communem
1560 2547 1727 2610 sectionem

369 2656 436 2698 cum
461 2638 518 2699 BA
552 2638 707 2718 ecliptica,
742 2658 817 2717 quae
842 2638 881 2698 sit
905 2638 943 2699 D.
991 2639 1058 2701 Erit
1082 2639 1176 2701 MDA
1208 2640 1336 2720 angulus
1366 2637 1494 2700 visibilis
1527 2637 1593 2699 viae
1621 2637 1728 2699 Lunae

372 2722 432 2789 270
456 2728 528 2800 sere,
553 2736 586 2787 nt
609 2729 783 2789 mechanica
807 2727 949 2789 ostendit.
984 2726 1064 2798 Quia
1088 2729 1166 2789 euim
1189 2728 1334 2808 principio
1359 2736 1493 2791 centrum
1516 2727 1620 2788 Lunae
1644 2731 1728 2788 certo

370 2816 398 2875 in
424 2817 466 2888 M,
492 2815 548 2876 ibit
571 2817 662 2895 igitur
684 2817 764 2877 viam
790 2824 842 2876 aut
866 2817 1004 2877 altiorem
1028 2816 1091 2879 MN
1115 2825 1146 2878 et
1170 2818 1213 2879 sic
1237 2837 1294 2879 non
1319 2811 1380 2898 2¹s,
1410 2815 1521 2896 digitos
1550 2823 1649 2896 teget,
1675 2820 1729 2878 aut

369 2904 590 2981 profundiorem
616 2913 647 2966 et
670 2906 713 2967 sic
736 2906 802 2985 plus
827 2912 920 2985 teget
964 2904 1046 2986 Ergo
1071 2906 1167 2967 solam
1190 2907 1283 2969 MND
1306 2906 1386 2968 viam
1411 2906 1454 2967 ire
1477 2904 1635 2966 uidebitur.

460 2993 508 3054 Ex
530 3013 597 3055 mea
621 2995 832 3056 observatione
855 2994 945 3074 paulo
964 2995 1059 3055 minor
1077 2995 1179 3075 prodit
1202 2996 1339 3076 angulus,
1365 3002 1413 3056 est
1428 2993 1507 3056 euim
1530 2993 1575 3055 uti
1598 2992 1728 3055 visibilis

369 3089 489 3143 tantum
513 3082 557 3144 ita
581 3084 708 3145 diversis
728 3084 801 3145 locis
826 3083 972 3145 diversus.
1011 3083 1053 3145 Et
1077 3084 1150 3146 mihi
1169 3093 1200 3146 et
1224 3085 1353 3146 altitudo
1377 3083 1438 3164 poli
1461 3084 1605 3144 minoret
1628 3082 1728 3143 oriens

369 3170 494 3232 vicinior
518 3181 595 3234 erat.
644 3172 742 3251 Supra
775 3172 853 3233 euim
884 3172 980 3251 probl.
1006 3170 1058 3234 27.
1093 3174 1172 3236 iuter
1200 3174 1358 3235 Huenuam
1389 3182 1421 3234 et
1444 3170 1584 3234 Gratium
1612 3166 1652 3231 40
1674 3167 1728 3233 300

371 3259 566 3337 longitudinis
591 3270 685 3323 erant.
733 3261 849 3322 Deinde
872 3261 968 3339 probi.
994 3257 1048 3325 29.
1073 3261 1151 3324 inter
1174 3262 1341 3343 Tubiugam
1365 3271 1397 3324 et
1418 3262 1577 3325 Hueunam
1601 3255 1640 3321 20
1662 3255 1727 3335 450,

370 3366 439 3426 ergo
464 3349 543 3410 inter
566 3351 732 3429 Tubiugam
756 3359 788 3412 et
813 3348 952 3412 Gratiam
976 3345 1015 3412 70
1040 3347 1101 3424 150,
1126 3351 1254 3414 circiter.

459 3435 535 3499 Cum
558 3458 629 3520 ergo
660 3440 732 3501 mihi
757 3440 890 3519 coeperit
913 3440 942 3499 in
966 3440 1095 3514 vertice,
1121 3442 1311 3503 continuetur
1335 3438 1392 3501 AO
1421 3446 1453 3502 et
1480 3438 1522 3502 sit
1544 3436 1604 3500 OK
1631 3437 1726 3500 semi·

369 3526 515 3587 diameter
530 3528 644 3601 Lunae,
670 3527 729 3590 οΗ
753 3529 880 3590 circulus
904 3529 980 3608 ejus,
1004 3528 1061 3592 RE
1086 3529 1172 3608 digiti
1196 3540 1268 3606 tres,
1292 3529 1350 3592 ΕΗ
1370 3536 1499 3608 tangens
1522 3527 1593 3589 inl]
1617 3545 1725 3606 corpus

368 3615 483 3690 Lunae,
508 3616 562 3676 ΕΙ.
586 3617 811 3680 semidiameter
833 3618 952 3691 Lunae,
979 3627 1010 3680 et
1032 3627 1144 3698 puncta
1166 3620 1206 3693 K,
1231 3620 1257 3681 L
1281 3623 1511 3691 connectantur,
1536 3617 1669 3695 haecque
1694 3622 1726 3676 et

368 3704 508 3783 ecliptica
532 3707 742 3768 continuentur
765 3708 859 3768 donec
882 3707 912 3767 in
930 3709 955 3768 F
979 3715 1166 3770 concurrant.
1204 3707 1331 3771 Facient
1354 3705 1495 3784 angulum
1517 3704 1638 3766 circiter
1652 3698 1722 3766 200.

367 3793 478 3854 Nescio
503 3802 604 3855 tamen
629 3816 666 3857 au
691 3815 749 3857 nou
774 3796 870 3875 major
893 3795 1030 3857 defectus
1054 3796 1197 3859 evaserit.
1243 3797 1324 3859 Nam
1348 3795 1440 3856 nubes
1465 3793 1617 3856 dimidium
1641 3799 1721 3853 teur-

366 3881 449 3960 poris
473 3891 670 3964 occuparunt,
705 3904 780 3964 quae
805 3894 836 3946 et
859 3886 946 3947 finem
971 3887 1073 3947 forsan
1097 3895 1129 3947 et
1153 3886 1314 3948 maximum
1346 3883 1495 3946 defectum
1524 3881 1722 3945 occultarunt.

456 3971 650 4034 Problema
672 3973 807 4036 XXXII.
853 3975 908 4036 Au
943 3975 1014 4037 iter
1047 3974 1200 4037 visibile
1233 3973 1353 4038 centri
1383 3974 1505 4035 Lunae
1535 3971 1586 4034 sit
1617 3978 1725 4033 recta

366 4059 482 4133 linea,
517 4062 582 4122 hoc
606 4071 665 4124 est
688 4083 732 4123 an
756 4083 799 4124 ex
830 4063 1006 4144 principii
1035 4071 1071 4125 et
1104 4063 1193 4126 finis
1224 4060 1498 4126 observatione
1531 4058 1724 4142 quantitas

346 4148 516 4211 maximi
540 4151 713 4213 deiectus
737 4152 835 4215 citra
859 4171 1019 4215 errorem
1042 4152 1226 4216 habeatur
1244 4153 1388 4216 usitata
1405 4151 1488 4213 via?
1510 4150 1582 4214 Hic
1600 4148 1725 4230 agitur

366 4238 406 4298 de
431 4240 672 4301 correctione
696 4242 952 4322 subjungenda
974 4242 1202 4322 problemati
1226 4240 1278 4307 30.
1304 4251 1341 4305 et
1362 4239 1582 4323 praeceptis
1605 4238 1723 4301 usita-

365 4326 414 4387 tis
440 4327 481 4387 de
507 4328 693 4391 formando
719 4337 805 4411 typo
829 4330 1021 4411 eclipseos.
1069 4331 1202 4395 Primum
1225 4332 1298 4394 illud
1323 4331 1400 4394 satis
1432 4329 1546 4393 alarum
1569 4335 1626 4403 est,
1660 4335 1725 4389 tam

363 4433 488 4494 parvum
513 4418 654 4496 spatium,
680 4420 852 4500 quantulum
878 4421 964 4481 Luna
987 4420 1113 4483 trihorio
1137 4421 1266 4496 conficit,
1292 4428 1394 4484 rectae
1423 4417 1632 4500 aequiparari,
1664 4415 1724 4479 etsi

363 4524 456 4566 curva
481 4515 529 4567 est
552 4507 632 4569 circa
651 4516 786 4570 centrum
801 4509 912 4571 Terrae
937 4510 1151 4573 circumducta.
1190 4511 1304 4573 Verum
1328 4510 1364 4572 de
1387 4511 1444 4572 boc
1462 4508 1528 4588 jam
1546 4526 1604 4570 uon
1628 4522 1723 4586 quae-

364 4594 459 4656 ritur:
494 4596 546 4655 sed
572 4596 608 4657 de
637 4598 705 4670 illo,
735 4617 773 4659 an
806 4606 940 4661 centrum
962 4599 1066 4661 Lunae
1091 4599 1120 4662 in
1154 4600 1259 4662 eodem
1288 4598 1399 4662 circulo
1429 4614 1537 4678 magno
1570 4599 1724 4676 spectetur

364 4689 428 4743 toto
452 4693 588 4763 tempore
613 4687 803 4748 durationis?
828 4688 903 4749 Dico
928 4708 985 4751 uon
1009 4708 1076 4750 esse
1101 4708 1227 4751 necesse
1250 4695 1285 4751 ut
1307 4689 1363 4751 hoa
1386 4688 1440 4749 liat
1462 4704 1590 4764 semper.
1627 4683 1722 4745 Posse

363 4773 442 4833 enim
465 4773 529 4834 lieri
561 4774 715 4838 incurvam
739 4776 827 4838 viam.
873 4777 954 4840 Nam
983 4778 1053 4859 quia
1076 4778 1115 4840 ad
1138 4778 1245 4842 Lunae
1273 4778 1353 4840 viam
1381 4782 1562 4840 concurrunt
1592 4771 1723 4835 latitudo

363 4878 437 4921 vera
461 4870 493 4922 et
521 4865 688 4943 parallaxis
712 4866 741 4927 in
772 4867 893 4948 longum
926 4875 959 4928 et
991 4867 1103 4930 latum:
1138 4867 1217 4948 quod
1246 4886 1349 4930 veram
1381 4865 1501 4947 quidem
1533 4861 1724 4926 latitudinem

363 4950 492 5020 attinet,
524 4971 561 5013 ea
591 4953 672 5016 circa
701 4956 796 5018 nodos
828 4975 904 5036 pene
937 4957 1180 5037 proportionetur
1212 4954 1360 5020 confectis
1399 4952 1509 5036 spatiis
1539 4952 1642 5033 itaque
1674 4949 1723 5013 hic

362 5046 478 5101 rectam
508 5040 619 5105 lineam
652 5043 725 5105 nibil
757 5046 868 5107 turbat.
916 5046 1103 5127 Aequalibus
1137 5046 1216 5108 enim
1248 5043 1434 5126 temporibus
1465 5060 1554 5123 quam
1587 5039 1722 5121 proxime

361 5128 531 5207 aequaliter
555 5133 691 5195 evehitur
714 5133 742 5195 iu
766 5134 889 5214 plagas,
915 5136 1083 5216 aequaliter
1106 5144 1138 5198 et
1160 5135 1335 5216 provehitur
1357 5134 1388 5197 iu
1410 5139 1518 5196 ortum.
1567 5129 1629 5195 Sed
1653 5128 1722 5212 quia

990 5236 998 5251 ⁰
1454 5232 1510 5286 25⁹
