4584 6192
1091 610 1216 678 160
2030 605 2410 675 Paralipomena
2443 610 2497 660 in
2533 608 2874 661 vitellianum.

1633 785 1745 849 Fiss·
1786 779 1870 830 ⁴9·
2427 785 2645 865 angulo
2695 806 2730 846 ο
2778 784 2924 847 facit
2969 783 3188 846 lineam
3235 787 3359 857 οθ;
3426 784 3619 847 latere
3665 802 3811 848 vero

1489 927 1515 951 ,
2000 901 2042 950 ,1
2428 872 2496 945 v}
2533 874 2753 934 lineam
2788 871 2877 945 ξο,
2925 872 3012 933 sic
3042 868 3139 949 εζη
3184 872 3510 951 descripsit
3536 868 3582 934 4
3618 873 3813 936 lineas

1380 1011 1383 1014 .
1439 954 1566 1045 fbf
1572 955 1996 964 ””””””””””””””
1994 991 2003 1002 ’
2034 991 2040 998 ·
2148 1009 2153 1018 .
2304 958 2314 970 ’
2434 962 2828 1023 terminantes
2904 961 3156 1040 figuram
3229 963 3319 1034 ιλ,
3366 960 3482 1036 μξ,
3541 960 3652 1035 ξο,
3708 967 3814 1036 oe,

1559 1080 1568 1089 =
1958 1051 1967 1063 '
2080 1072 2099 1098 x
2433 1051 2757 1129 parallelos
2805 1058 3060 1131 quatuor
3105 1050 3277 1112 lineis
3325 1051 3650 1113 fenestrae.

2114 1129 2155 1195 'N
2608 1139 2709 1200 Ad
2757 1140 3008 1200 eundem
3054 1137 3291 1201 modum
3320 1148 3637 1201 moveatur
3663 1158 3812 1201 cen-

2162 1207 2228 1317 Χχ
2433 1236 2591 1288 trum
2663 1228 2885 1306 figurae
2960 1228 3107 1305 αβγό
3176 1246 3283 1306 per
3361 1245 3568 1289 omnes
3643 1247 3814 1290 mar-

2230 1325 2276 1398 Χ,
2436 1316 2607 1394 gines
2674 1312 2789 1392 εζη.
2898 1314 3033 1377 Erit
3104 1316 3258 1377 situs
3333 1315 3463 1394 ejus
3538 1316 3701 1378 circa
3764 1340 3812 1387 e,

2095 1475 2274 1484 -----
2274 1401 2392 1498 ξ
2432 1408 2603 1476 omo,
2666 1405 2826 1466 circa
2870 1426 2923 1481 η,
2987 1402 3174 1482 μπξρ,
3241 1404 3404 1466 circa
3449 1400 3506 1478 C,
3551 1407 3702 1479 ιλτσ,
3752 1414 3818 1467 et

2294 1441 2392 1540 ἦ
2437 1492 2759 1572 descripsit
2806 1491 2965 1553 linea
3010 1497 3073 1570 δγ
3119 1494 3337 1554 lineam
3383 1490 3474 1567 οξ,
3523 1494 3746 1573 angulo
3772 1518 3816 1570 μ

2088 1604 2113 1644 x.
2323 1543 2330 1641 Ῑ
2438 1582 2656 1642 lineam
2700 1584 2797 1656 μλ,
2848 1581 3066 1660 angulo
3111 1585 3163 1640 θ
3207 1580 3425 1642 lineam
3470 1586 3559 1643 θι.

2116 1652 2154 1717 Χ-
2299 1666 2327 1740 ³!
2612 1669 2727 1731 Hic
2774 1669 2945 1729 vides
2993 1677 3056 1731 et
3109 1669 3395 1748 trianguli
3442 1670 3700 1732 declivia
3754 1678 3820 1732 et

2153 1719 2224 1837 χχ
2320 1746 2326 1820 i
2437 1758 2714 1838 quadrati
2778 1766 2945 1819 recta
3000 1764 3210 1819 extare
3274 1759 3473 1820 latera
3518 1758 3578 1819 in
3628 1758 3817 1821 totius

2234 1859 2257 1892 x
2318 1849 2325 1924 !
2436 1848 2659 1926 figurae
2716 1845 3040 1925 perimetro
3095 1847 3520 1925 propemodum
3582 1866 3814 1927 aequa-

1212 1964 1283 2007 ·—
1293 1998 1668 2008 ‚‚‚‚‚‚‚‚‚
1821 2001 2096 2009 .--m-n.
2108 1895 2363 2025 *Η-ᾊῙ,
2434 1935 2535 2007 lia,
2587 1943 2814 2014 quanta
2859 1936 3096 2015 quidem
3143 1942 3283 1996 sunt
3328 1934 3389 1995 in
3437 1935 3647 1997 eodem
3696 1935 3815 1997 cir-

1162 1972 1210 2042 }
1696 2014 1793 2063 ’ὅ
2435 2024 2567 2084 culo
2634 2031 2904 2103 utraque.
3014 2022 3171 2083 Nam
3231 2024 3516 2102 trianguli
3581 2023 3817 2104 majora

1090 2126 1269 2191 sunt,
1340 2116 1476 2197 quia
1520 2114 1842 2196 pauciora,
1903 2111 2057 2174 unde
2116 2130 2231 2171 non
2290 2112 2485 2191 magis
2553 2112 2967 2192 quadrangula
3031 2119 3203 2172 curta
3268 2130 3445 2191 quam
3509 2112 3819 2192 triangula

1089 2205 1237 2266 talis
1287 2204 1404 2266 dici
1451 2212 1677 2286 potest.

1267 2291 1409 2355 Jam
1456 2293 1542 2356 sit
1586 2291 1904 2354 dimetiens
1954 2285 2301 2351 fenestralis
2350 2287 2571 2367 figurae
2638 2288 2867 2368 major,
2918 2286 3110 2367 sitque
3159 2289 3305 2366 αβγδ
3349 2296 3479 2362 (Fig.
3520 2294 3643 2363 5⁰),
3696 2288 3803 2351 sed

1483 2417 1537 2466 Fi
1633 2412 1718 2465 50
2104 2377 2294 2456 figura
2340 2396 2377 2435 a
2424 2376 2659 2439 lucente
2707 2378 2949 2438 inversa
2996 2376 3078 2437 sit
3123 2373 3246 2453 εζη,
3303 2377 3501 2456 sitque
3549 2385 3803 2457 utraque

1542 2433 1592 2483 ⁸
1899 2512 1931 2552 λ
2107 2472 2175 2526 ut
2218 2464 2383 2543 prius
2431 2465 2508 2527 ad
2553 2466 2713 2527 idem
2777 2474 3046 2527 centrum
3110 2465 3426 2528 collocata.
3523 2463 3802 2529 Circum-

1776 2558 1807 2563 ““
1836 2559 1841 2563 ’
2110 2552 2339 2614 feratur
2378 2553 2503 2632 jam
2542 2564 2811 2616 centrum
2843 2552 3169 2632 trianguli
3154 2573 3213 2615 ιιι
3244 2553 3613 2633 marginibus
3641 2555 3805 2633 αβγδ,

1994 2685 2045 2719 ,ι
2108 2649 2282 2702 erunt
2328 2642 2455 2721 ejus
2504 2643 2658 2705 situs
2687 2648 2817 2713 θιπ,
2850 2645 2978 2717 κλμ.
3008 2641 3127 2716 ng,
3156 2663 3268 2722 οσρ
3317 2648 3380 2703 et
3423 2642 3802 2717 intermedii3

1992 2723 1999 2796 i
2106 2730 2276 2791 vides
2326 2731 2482 2810 quod
2548 2732 2856 2794 describat
2903 2729 3089 2794 ternis
3155 2730 3390 2809 angulis
3439 2739 3563 2793 tres
3612 2730 3804 2793 lineas

1994 2873 1998 2877 .
2109 2823 2213 2891 οθ,
2243 2821 2318 2891 ιλ,
2346 2817 2441 2893 μξ,
2495 2820 2684 2881 latere
2730 2838 2874 2881 vero
2925 2819 3141 2880 lineam
3172 2816 3258 2891 οξ.
3331 2816 3806 2882 circumferatur

1991 2886 1998 2996 ff
2106 2906 2314 2968 itidem
2386 2917 2655 2970 centrum
2721 2906 3067 2970 fenestralis
3132 2907 3190 2968 in
3256 2908 3621 2988 marginibus
3688 2904 3806 2982 εζη,

1990 3002 1998 3080 1
2103 3004 2280 3056 erunt
2341 2997 2470 3075 ejus
2529 2996 2681 3058 situs
2744 3004 2869 3058 tres
2943 2997 3105 3059 circa
3152 3021 3201 3070 ε,
3248 2992 3297 3069 C,
3343 3018 3379 3071 η
3421 3003 3650 3076 puncta
3707 2997 3802 3058 hi:

1988 3084 1997 3149 l
2099 3088 2270 3157 θκνο,
2319 3083 2478 3164 πρξμ
2525 3094 2588 3147 et
2633 3089 2799 3159 ιλτσς
2845 3086 3017 3147 vides
3068 3086 3222 3165 quod
3284 3083 3592 3147 describat
3647 3085 3806 3149 binis

1988 3154 1996 3258 ξ
2100 3173 2337 3251 angulis
2385 3174 2559 3235 binas
2628 3175 2819 3235 lineas
2864 3179 2953 3248 θι,
3004 3176 3099 3248 λμ,
3148 3172 3393 3253 reliquis
3458 3174 3693 3236 duobus
3741 3181 3818 3235 et*

1393 3302 1681 3312 ---------
1686 3302 1799 3312 --w
1987 3271 2018 3364 ’ζ
2099 3260 2419 3340 interjecto
2486 3263 2677 3323 latere
2746 3263 2963 3324 lineam
3028 3259 3097 3334 οξ
3157 3281 3551 3325 communem.
3645 3262 3806 3325 Huic

2102 3368 2242 3428 ergo
2290 3351 2514 3429 figurae
2580 3351 2881 3427 minimum
2948 3350 3174 3430 aliquid
3221 3351 3396 3413 deest
3443 3370 3559 3431 quo
3605 3351 3806 3414 minus

2005 3438 2307 3499 fenestrae
2335 3440 2641 3518 perfectae
2671 3439 2882 3502 similis
2912 3440 3009 3502 sit.
3078 3439 3335 3518 Figurae
3364 3456 3507 3500 vero
3547 3440 3807 3502 lucentis

1993 3527 2326 3605 superficiei
2375 3529 2636 3608 vestigia
2680 3548 2967 3608 perquam
3017 3527 3234 3607 exigua
3280 3535 3440 3590 sunt.

2082 3616 2440 3678 Econtrario
2462 3618 2543 3679 sit
2579 3617 2894 3679 dimetiens
2932 3617 3277 3678 fenestralis
3317 3617 3543 3697 figurae
3583 3617 3802 3693 minor,

1996 3704 2191 3784 sitque
2241 3707 2387 3784 αβγδ
2434 3712 2565 3779 (Fig.
2607 3711 2730 3779 51),
2778 3715 2840 3766 et
2885 3706 3045 3767 circa
3091 3704 3248 3767 idem
3296 3713 3567 3767 centrum
3612 3705 3809 3786 figura

1998 3793 2238 3853 inversa
2291 3795 2622 3873 superficiei
2686 3794 2939 3856 lucentis
2988 3790 3083 3872 εζη
3140 3803 3202 3855 et
3249 3801 3528 3856 manente
3586 3794 3805 3856 eodem

1998 3881 2404 3944 circumducta
2451 3883 2706 3962 gemin0,
2759 3884 3092 3946 scribentur
3129 3885 3304 3945 modo
3344 3884 3544 3945 dictae
3583 3882 3805 3959 lineae,
3831 3931 3844 3942 .

1999 3971 2130 4031 sola
2175 3972 2561 4049 proportione
2610 3980 2862 4034 mutata.
2957 3974 3169 4052 Itaque
3228 3972 3530 4034 minimum
3578 3971 3811 4052 aliquid

1793 4048 1933 4141 ’.ῥυ
1998 4059 2113 4120 toti
2178 4060 2403 4139 figurae
2485 4062 2692 4135 deest,
2782 4080 2895 4142 quo
2976 4061 3168 4122 minus
3244 4061 3532 4140 originem
3610 4080 3807 4136 suam,

1889 4207 1909 4255 Ξ
1999 4147 2234 4209 scilicet
2281 4149 2657 4228 superficiem
2706 4150 2981 4225 lucentiS,
3031 4150 3334 4212 contrario
3383 4151 3506 4212 situ
3549 4168 3808 4229 reprae-

1998 4244 2221 4299 sentet.

1268 4324 1448 4404 Prop.
1473 4326 1617 4387 VII.
1666 4324 2065 4386 Problema.
2114 4326 2196 4386 In
2237 4344 2529 4387 camera
2568 4327 2830 4388 clausa
2860 4334 2930 4388 et
2969 4326 3039 4388 in
3079 4326 3471 4406 proposito
3510 4327 3810 4406 pariete

1092 4423 1673 4494 repraesentare
1737 4414 2095 4494 quicquid
2160 4423 2376 4477 extra
2440 4434 2810 4477 cameram
2872 4436 2903 4476 e
2966 4417 3266 4493 regione
3332 4416 3450 4477 vel
3512 4424 3628 4479 est
3690 4419 3813 4481 vel

1092 4502 1410 4581 geritur,
1462 4502 1648 4583 quod
1695 4502 1978 4582 quidem
2028 4503 2100 4564 in
2150 4505 2409 4566 oculos
2457 4504 2791 4566 incurrit.
2885 4505 3060 4565 Hanc
3110 4512 3302 4566 artem
3349 4504 3593 4583 primus,
3644 4506 3812 4585 quod

1091 4591 1299 4666 sciam,
1348 4592 1406 4653 J.
1439 4591 1730 4670 Baptista
1757 4591 1945 4652 Porta
1991 4593 2260 4667 tradidit,
2311 4592 2671 4673 Magiaeque
2718 4593 3011 4655 naturalis
3050 4613 3165 4656 non
3215 4593 3520 4655 minimam
3564 4602 3811 4673 partem

1094 4680 1257 4743 fecit.
1299 4676 1380 4754 ¹⁶)
1475 4680 1599 4742 Sed
1657 4681 2032 4759 experientia
2080 4689 2399 4743 contentus
2457 4681 3026 4744 demonstrationem
3083 4701 3200 4745 non
3266 4681 3518 4746 addidit.
3611 4683 3812 4763 Atqui
3904 4710 3909 4714 ·

1090 4771 1189 4833 vel
1252 4770 1365 4832 hoc
1433 4769 1562 4831 solo
1629 4769 2034 4849 experimento
2101 4770 2445 4849 potuissent
2508 4772 2834 4833 astronomi
2900 4779 3168 4833 statuere
3240 4772 3313 4832 de
3378 4790 3491 4833 sua
3556 4770 3811 4852 deliquii

1095 4856 1329 4921 Solaris
1379 4857 1659 4938 imagine.

1272 4945 1650 5011 Claudantur
1714 4945 1896 5026 igitur
1960 4964 2167 5007 omnes
2231 4946 2416 5008 rimae
2483 4968 2787 5021 camerae,
2853 4949 3003 5010 adeo
3051 4955 3119 5010 ut
3164 4967 3236 5009 ne
3292 4947 3540 5009 minima
3604 4949 3814 5012 lucula

1091 5037 1288 5117 possit
1354 5035 1623 5116 ingredi,
1673 5055 1706 5098 e
1754 5034 1996 5114 regione
2057 5054 2196 5098 vero
2264 5037 2605 5112 fenestrae,
2657 5056 2808 5117 quae
2872 5044 3254 5116 prospectum
3320 5036 3510 5098 habet
3563 5037 3645 5099 ad
3701 5058 3810 5102 res

1092 5126 1677 5211 repraesentandas,
1745 5123 1829 5186 sit
1889 5123 2091 5206 paries
2155 5126 2367 5200 albus,
2445 5126 2632 5189 ceteri
2704 5126 2878 5207 nigri.
3011 5126 3342 5208 Aperiatur
3405 5125 3676 5189 foramen
3745 5128 3811 5192 in
