4584 6192
550 585 618 655 rsa
861 686 864 693 Ι
1150 590 1180 640 u
1198 587 1315 654 ecem

551 768 605 833 ligo
623 772 748 816 utrorum
766 767 847 816 fatear
859 767 896 815 ita
913 767 1042 830 perplexus
1060 765 1170 815 redditus
1186 782 1240 816 snm
1252 766 1299 816 hcc
1312 774 1458 831 argumento
1471 772 1498 815 et
1512 766 1720 815 demonstratione
1734 766 1787 826 elus
1805 763 1909 820 invicta,

550 845 579 887 ut
597 838 647 887 fere
667 837 776 886 dubitem
795 838 825 887 de
845 844 899 886 tota
918 838 1030 886 doctrina
1048 837 1234 902 triangulorum.
1266 837 1319 886 Nisi
1338 845 1365 885 tu
1385 853 1416 886 ex
1433 838 1510 901 ipsius
1529 836 1639 885 Uraniae
1657 836 1825 900 penetralibus
1843 834 1909 885 bunc

550 911 627 974 ipsius
645 909 736 957 nodum
753 916 851 957 mature
868 908 928 956 mihi
948 908 1094 960 dissolveris.
1115 915 1199 957 actum
1218 909 1249 958 de
1267 923 1308 957 sne
1327 916 1353 957 et
1371 910 1433 959 meis
1452 908 1538 957 studiis
1557 905 1671 957 Uranicis
1689 909 1743 956 erit

640 978 718 1028 Credo
736 986 762 1028 te
780 979 867 1028 librum
886 979 984 1044 legisse,
1004 980 1068 1029 alias
1086 980 1133 1029 hoc
1153 979 1325 1043 exemplariter
1343 981 1522 1043 proposuissem
1541 994 1571 1027 ex
1591 979 1772 1027 Christmanno.
1804 975 1832 1026 Si
1849 977 1909 1026 mihi

549 1051 617 1102 huuc
635 1050 774 1111 scrupulum
794 1050 920 1099 commode
939 1052 1084 1107 removeris,
1103 1064 1209 1115 magnus
1232 1051 1291 1099 mibi
1309 1053 1358 1100 eris
1376 1051 1471 1114 Apollo.
1509 1051 1563 1114 Ego
1581 1049 1680 1112 quidem
1698 1049 1909 1097 observationibus

549 1123 615 1173 illius
628 1120 753 1171 solaribus
766 1135 852 1183 pamm
866 1121 955 1178 tribuo,
974 1129 1002 1169 ut
1015 1122 1113 1170 lubricis
1127 1129 1153 1171 et
1165 1122 1253 1177 dubiis.
1267 1123 1331 1185 quod
1343 1123 1462 1171 beneficio
1476 1122 1614 1170 sciotherici
1628 1120 1796 1183 perficiantur,
1810 1121 1909 1168 interim

548 1200 634 1243 tamen
651 1192 698 1240 hoc
717 1192 782 1240 illius
801 1199 946 1256 argumento
964 1208 1070 1247 moveor,
1090 1208 1138 1241 nou
1159 1194 1275 1242 assumtis
1293 1193 1331 1241 rel
1350 1193 1512 1243 consideratis
1523 1193 1590 1240 illius
1609 1191 1818 1240 observationibus
1837 1190 1908 1241 Sola·

549 1265 624 1314 ribus·
662 1262 849 1311 Refractiouem
868 1263 965 1326 quidem
984 1265 1110 1315 concedit.
1132 1270 1159 1312 at
1178 1278 1233 1312 eam
1252 1264 1346 1313 nullam
1364 1263 1529 1313 differentiam
1553 1263 1723 1311 altitudinibus
1741 1262 1909 1326 ingerere.si

549 1336 583 1386 ad
602 1340 712 1384 centrum
726 1333 789 1382 Solis
808 1341 933 1396 respectus
952 1335 1004 1382 fiat.
1031 1334 1123 1383 Verum
1143 1336 1327 1384 observationes
1347 1336 1505 1384 altitudinum
1518 1334 1581 1383 Solis
1599 1348 1643 1396 per
1662 1332 1769 1381 armillas
1787 1334 1814 1381 in
1834 1334 1908 1382 certis

549 1419 567 1456 a
583 1405 718 1455 meridiano
736 1406 912 1453 remotionibus
938 1405 1001 1454 baec
1029 1406 1101 1454 aliter
1119 1405 1185 1454 baud
1205 1406 1278 1455 dubio
1297 1406 1438 1454 ostendunt.
1477 1406 1509 1453 Et
1527 1419 1575 1453 non
1595 1404 1692 1460 dubito,
1713 1402 1745 1450 D.
1765 1403 1909 1465 'l'ycbonem

548 1492 574 1541 p.
593 1491 627 1524 m.
647 1475 710 1525 tales
729 1475 913 1524 observationes
940 1475 1056 1539 plurimas
1084 1478 1259 1541 consignasse.
1286 1477 1372 1540 quibus
1400 1478 1452 1539 ipse
1471 1475 1659 1524 Christmannus
1686 1474 1788 1523 refutari
1816 1481 1907 1537 posset

549 1547 656 1597 Faceres
675 1547 757 1609 igitur,
775 1548 808 1594 mi
826 1547 945 1609 Keplere,
964 1547 1119 1596 utilissimam
1138 1555 1165 1595 et
1182 1548 1314 1612 gloriosam
1333 1561 1446 1610 operam,
1466 1548 1486 1594 si
1506 1561 1536 1595 ex
1554 1546 1723 1595 fundamentis
1742 1543 1908 1593 Christmanni

549 1632 615 1668 nora
632 1617 760 1680 paradoxa
786 1616 925 1675 refutares;
945 1618 1007 1666 alias
1026 1618 1066 1666 ille
1085 1619 1175 1666 multos
1195 1619 1231 1667 rel
1255 1618 1341 1667 dubios
1365 1618 1453 1667 reddet
1476 1618 1514 1668 vel
1539 1618 1638 1666 omniuo
1656 1619 1682 1665 in
1701 1615 1773 1664 deria
1791 1615 1905 1664 deducet

549 1687 641 1739 Scribit
659 1689 735 1737 stiam
753 1688 980 1751 prosthaphaeresis
999 1691 1124 1737 inventum
1144 1705 1194 1737 non
1207 1691 1254 1738 nisi
1267 1692 1292 1738 in
1310 1690 1461 1754 rectanguiis
1479 1687 1611 1752 triangulis
1629 1687 1730 1741 valere,
1749 1700 1907 1750 nequaquam

549 1766 635 1809 autern
654 1760 679 1806 in
699 1758 887 1821 obliquangulis.
915 1759 964 1808 Sed
983 1766 1052 1807 tuum
1068 1760 1188 1821 judicium
1210 1761 1348 1810 aridissime
1367 1762 1397 1810 ds
1410 1760 1447 1808 his
1467 1761 1579 1808 omuibus
1593 1765 1704 1821 expecto.
1728 1756 1823 1817 Quanti
1843 1758 1908 1806 enim

549 1836 577 1879 tn
596 1830 662 1892 apud
681 1844 720 1877 me
739 1830 780 1885 sis,
802 1829 902 1879 Uranici
921 1830 946 1879 hi
964 1830 1072 1893 hospites
1099 1831 1227 1879 declarare
1245 1837 1368 1895 poterunt.
1405 1830 1522 1894 (Spectat
1546 1831 1584 1878 bis
1602 1830 1729 1879 Fabricius
1747 1827 1787 1876 Fr.
1807 1828 1907 1892 ‘leng-

548 1901 720 1965 nagelium
740 1908 766 1949 et
784 1900 924 1949 Jobannem
943 1901 1084 1958 Fricum,
1104 1916 1164 1965 quos
1182 1904 1252 1951 initio
1270 1903 1343 1964 hujus
1362 1902 1480 1966 epismlae
1498 1902 1583 1950 scribit
1599 1902 1625 1949 in
1637 1901 1741 1948 Frisium
1756 1896 1910 1948 orientalem

548 1973 697 2035 pervenisse,
717 1971 864 2032 praedicans
879 1986 921 2020 eos
937 1973 1091 2036 „singulares
1107 1972 1217 2022 Uraniae
1230 1972 1387 2035 'lychonicae
1401 1973 1520 2025 alumnos.
1534 1974 1574 2036 qui
1588 1973 1695 2020 adventu
1707 1985 1751 2019 suo
1769 1969 1909 2019 felicissimo

550 2057 591 2092 me
610 2043 783 2103 intempestivo
803 2042 890 2106 Magni
908 2043 973 2091 iilius
992 2043 1115 2106 Tychonis
1133 2059 1158 2107 p.
1178 2061 1209 2093 m.
1231 2045 1299 2093 obitu
1320 2044 1465 2109 languidum
1482 2045 1519 2093 ita
1536 2043 1690 2097 refecerunt,
1709 2042 1780 2089 utin
1799 2041 1909 2089 ecstasin

548 2114 676 2178 quandam
696 2113 828 2175 abreptus,
848 2129 897 2161 non
916 2114 956 2163 bic
974 2115 1018 2164 sed
1045 2116 1125 2178 potius
1144 2114 1242 2179 Pragae
1269 2131 1308 2163 me
1336 2116 1460 2164 vobiscum
1486 2115 1624 2163 conversari
1646 2119 1766 2175 putarem.
1803 2111 1909 2160 Honori-

552 2184 739 2234 dcentissimam
752 2184 799 2232 Tui
811 2185 962 2233 mentionem
980 2186 1101 2241 fecerunt,
1120 2186 1242 2234 sincerum
1262 2187 1337 2235 animi
1350 2188 1386 2234 tui
1405 2184 1522 2234 affectum
1540 2199 1601 2249 erga
1618 2184 1726 2246 sepultos
1738 2182 1772 2231 D.
1785 2181 1910 2244 Tycbonis

550 2268 647 2310 manes,
667 2255 825 2317 studiumque
843 2255 993 2305 indefessum
1011 2258 1036 2304 iu
1060 2257 1183 2319 triumpho
1202 2256 1311 2307 Uraniae
1336 2257 1500 2321 promerendo
1528 2264 1555 2305 et
1579 2254 1722 2306 edomando
1749 2253 1829 2304 verbis
1854 2253 1910 2316 plus

549 2340 623 2391 quam
642 2326 798 2388 superlativis
817 2326 883 2389 apud
901 2341 941 2376 me
959 2324 1206 2391 depraedicarunt.“)

637 2414 773 2477 Keplsrum
796 2429 845 2463 non
873 2417 958 2464 statim
984 2415 1174 2479 respondentem
1201 2422 1285 2464 monet
1303 2415 1429 2465 Fabricius
1449 2414 1480 2463 de
1504 2414 1552 2463 bac
1581 2413 1725 2476 quaestione
1743 2413 1769 2461 in
1787 2411 1864 2461 literis
1883 2410 1907 2459 d.

550 2482 593 2533 28.
613 2487 672 2548 Apr.
692 2501 713 2532 ι.
733 2493 764 2533 st.
787 2481 863 2534 1602.
883 2485 956 2545 datis,
976 2501 1050 2551 quam
1069 2487 1261 2536 admonitionem
1284 2501 1359 2550 quum
1377 2486 1500 2550 Keplerus
1518 2486 1544 2533 in
1563 2485 1668 2548 epistola
1686 2480 1722 2544 (d.
1743 2483 1768 2532 d.
1788 2479 1830 2530 18.
1849 2481 1909 2532 Julii

546 2558 601 2619 jam
619 2554 759 2619 deperdita)
778 2557 917 2622 neglexisse
935 2558 1065 2614 rideretur,
1085 2560 1163 2606 instat
1176 2558 1302 2607 Fabricius
1322 2553 1357 2616 (d.
1379 2554 1448 2617 iiii.
1463 2553 1549 2621 sug),
1569 2556 1668 2605 dicens:
1687 2554 1728 2603 De
1741 2554 1909 2603 Chnstnranni
1955 2585 1962 2610 ,

547 2626 679 2691 paradoxis
698 2627 769 2676 relim
788 2633 814 2676 te
832 2628 967 2691 aliquando
991 2630 1109 2678 curiosius
1128 2630 1247 2693 cogitare·
1284 2627 1389 2678 Videtur
1413 2628 1506 2677 babere
1529 2626 1693 2676 fundamenta
1717 2625 1841 2689 quaedam
1859 2638 1909 2672 non

547 2698 732 2749 contemnenda
750 2701 802 2760 ejus
821 2699 886 2762 quod
904 2699 1074 2750 demonstrare
1093 2701 1188 2749 nititur.

639 2785 763 2849 Keplems
782 2787 808 2835 in
833 2789 1030 2850 responsionibus
1054 2789 1105 2836 suis
1124 2784 1159 2847 (d.
1180 2786 1202 2834 i.
1225 2787 1280 2838 Oct.
1301 2792 1327 2836 et
1345 2785 1370 2836 ².
1390 2783 1468 2846 Dec.)
1491 2787 1579 2834 iterum
1598 2785 1628 2833 de
1647 2784 1821 2833 Christmanno
1845 2782 1911 2839 silet,

550 2870 626 2922 quam
646 2857 740 2906 obrem
759 2858 885 2907 Fabricius
904 2859 970 2908 banc
988 2861 1159 2923 quaestionem
1171 2874 1214 2922 pro
1232 2865 1342 2921 tempore
1361 2858 1481 2920 abjecisse
1499 2857 1602 2912 ridetur,
1622 2871 1695 2919 quum
1707 2858 1733 2904 in
1745 2856 1823 2904 literis
1841 2853 1910 2901 illam

549 2924 588 2988 (d.
611 2926 633 2975 l.
655 2924 733 2992 Aug.)
753 2930 844 2978 secutis
868 2937 924 2979 octo
948 2931 1041 2979 nuliam
1061 2931 1164 2993 amplius
1185 2929 1352 2979 Christmanni
1376 2930 1525 2978 mentionem
1543 2927 1630 2976 iaciat.
1669 2926 1697 2975 ln
1715 2926 1793 2975 literis
1810 2924 1909 2973 demum

550 2997 573 3049 d.
596 2995 682 3057 14124.
703 2999 789 3048 Martii
809 2997 885 3048 160³.
906 3002 970 3050 datis
990 3002 1022 3051 ad
1041 3002 1146 3051 eundem
1165 3002 1229 3050 redit
1247 3000 1387 3057 Fabricius,
1412 3001 1513 3049 dicens:
1540 3012 1595 3046 cum
1615 2997 1801 3046 Christmannus
1818 2992 1906 3044 fudda-

550 3078 637 3121 tnenta
655 3072 835 3135 triangulorum
854 3073 926 3137 obliq.
947 3072 1077 3128 convellat,
1097 3074 1171 3121 miror
1189 3072 1282 3122 nullum
1301 3086 1331 3120 ex
1349 3072 1438 3119 nostris
1457 3072 1570 3125 existere,
1590 3070 1630 3132 qui
1641 3069 1715 3129 liujus
1733 3070 1767 3116 rei
1786 3068 1906 3116 rationem

550 3140 645 3191 lrabeat
663 3149 689 3190 et
708 3148 803 3190 certum
821 3143 931 3192 solvendi
958 3144 1057 3192 medum
1084 3145 1169 3193 tradat
1186 3144 1224 3192 rel
1242 3143 1309 3191 illum
1327 3142 1425 3191 refutet.
1464 3140 1573 3202 Cumque
1590 3147 1618 3188 tu
1635 3140 1785 3204 geometrico
1807 3138 1907 3203 ingenio

550 3212 681 3276 plurimum
699 3213 800 3270 valeas,
819 3214 880 3263 utile
899 3222 965 3263 esset
983 3215 1014 3263 de
1033 3215 1182 3279 corrigendis
1200 3213 1330 3277 triangulis
1348 3214 1417 3262 hisce
1436 3213 1554 3275 cogitare.
1574 3234 1610 3244 -
1633 3210 1662 3259 ln
1681 3212 1828 3274 postseripto
1846 3208 1908 3256 baec

550 3279 678 3333 Fabricius
698 3283 784 3332 addit:
812 3286 904 3348 Accepi
930 3287 999 3335 bisce
1027 3286 1112 3335 diebus
1139 3300 1283 3349 responsum
1301 3284 1336 3333 M.
1357 3285 1413 3335 Jac.
1434 3283 1600 3332 Christmanni
1619 3282 1651 3330 ad
1674 3296 1743 3330 meas
1771 3281 1865 3339 literas,
1883 3280 1907 3327 in

548 3353 636 3418 qulbus
657 3354 687 3403 de
707 3354 851 3417 quibusdam
871 3358 897 3405 iu
916 3357 976 3406 libro
995 3357 1026 3406 de
1046 3356 1104 3406 Obs.
1126 3356 1252 3406 Solaiibus
1274 3358 1402 3418 propositis
1421 3356 1546 3416 cumipse
1570 3366 1645 3417 agere
1663 3353 1728 3401 volui
1746 3358 1773 3400 et
1790 3349 1909 3400 nonnulla

548 3423 638 3487 objeci.
658 3425 745 3488 quibus
758 3428 889 3476 veritatem
908 3428 1087 3491 problematum
1105 3428 1252 3491 Lansbergii
1265 3434 1291 3477 et
1304 3426 1438 3476 falsitatem
1457 3426 1653 3474 observationum
1670 3425 1773 3473 istarum
1786 3421 1906 3471 Solarium

548 3494 717 3545 demonstrare
735 3497 809 3545 solui.
835 3497 1010 3548 Refractiones
1028 3514 1124 3562 quoque
1145 3514 1201 3546 cum
1221 3513 1249 3546 ex
1269 3497 1477 3546 observationibus
1490 3496 1613 3557 Tychonis
1633 3501 1658 3544 et
1676 3495 1788 3548 aliorum.
1807 3500 1860 3541 tum
1879 3507 1906 3540 ex

548 3565 681 3629 eclipsibus
702 3567 774 3616 Plinii
793 3576 818 3617 et
835 3569 963 3618 Maestlini
983 3569 1036 3627 (ubi
1061 3577 1191 3633 utmmque
1216 3570 1336 3618 luminare
1358 3583 1431 3631 super
1449 3568 1550 3616 Terram
1569 3572 1727 3629 conspectum
1746 3565 1792 3613 fuit
1810 3566 1836 3612 in
1855 3566 1908 3627 ipsa

547 3636 732 3698 obscuratione)
753 3642 854 3688 asserui.
884 3641 933 3689 Sed
945 3640 986 3688 iile
1005 3643 1091 3704 paucis
1110 3640 1251 3703 respondet,
1270 3654 1335 3703 quae
1353 3640 1397 3687 tibi
1414 3636 1474 3698 (non
1493 3645 1577 3686 tamen
1591 3637 1757 3699 Tychonianis
1776 3635 1907 3684 evitandae

547 3710 740 3758 concertationis
760 3724 838 3760 cause
857 3708 1028 3772 innotescant)
1048 3712 1154 3761 scribere
1173 3711 1246 3760 volui.
1272 3711 1341 3760 Inter
1359 3711 1410 3760 alia
1428 3711 1463 3759 sic
1482 3710 1583 3757 scribit:
1605 3707 1647 3764 „Si
1665 3708 1726 3756 libet
1743 3708 1827 3756 facere
1845 3707 1904 3769 peri·

547 3778 639 3836 culum,
660 3793 760 3830 assume
779 3783 945 3831 instrumenta
964 3797 1027 3846 quae
1046 3783 1122 3832 babes
1143 3784 1332 3832 accuratissima
1349 3789 1375 3831 et
1394 3781 1493 3843 explora
1511 3788 1604 3828 motum
1622 3780 1778 3828 resolutionis
1798 3778 1905 3831 Solaris;

547 3851 658 3914 profecto
674 3855 809 3915 comperies
829 3854 1063 3903 demonstrationem
1077 3867 1159 3902 meam
1171 3868 1220 3902 non
1233 3859 1330 3902 tantum
1343 3854 1487 3901 firmissimis
1506 3853 1651 3911 rationibus,
1669 3850 1802 3900 sedetiam
1816 3848 1905 3911 experi-

547 3923 640 3971 mentis
660 3931 855 3972 consentaneam
874 3939 936 3973 esse.
975 3925 1047 3974 Licet
1066 3932 1150 3973 autem
1169 3939 1215 3988 ego
1234 3940 1293 3972 usus
1318 3925 1406 3973 fuerim
1428 3924 1596 3972 instrumentis
1615 3937 1664 3970 non
1689 3922 1751 3970 adeo
1770 3919 1907 3985 magnificis

551 3998 576 4040 et
596 3996 735 4057 pomposis,
763 4002 876 4044 attamen
897 3996 928 4043 ad
946 3998 1096 4060 propositum
1124 4011 1205 4044 meum
1233 3997 1332 4044 fuerunt
1356 3995 1629 4045 accommodatissima:
1660 4008 1707 4042 uec
1738 3992 1826 4041 credas
1850 3989 1907 4039 mibi

549 4063 637 4113 deesse
656 4072 796 4115 sextantem
817 4082 845 4115 ex
866 4067 988 4116 orichalco
1008 4074 1190 4124 coustmctum,
1210 4066 1318 4130 pondere
1337 4062 1371 4112 40
1389 4066 1518 4122 librarum,
1538 4068 1563 4113 in
1581 4064 1662 4112 medie
1682 4070 1822 4119 exemtum,
1841 4065 1908 4123 cujus

547 4133 630 4182 latera
649 4142 674 4182 et
693 4137 780 4186 limbus
799 4137 893 4186 babent
912 4139 1099 4187 crassitudinem
1119 4138 1164 4185 lati
1183 4139 1267 4201 digiti,
1294 4137 1469 4201 longitudinem
1489 4137 1592 4186 duamm
1609 4135 1739 4189 ulnamm‚
1764 4140 1794 4182 ut
1812 4132 1908 4196 singula

548 4206 646 4253 minuta
664 4210 755 4269 possim
775 4209 922 4257 discernere.
959 4210 992 4257 Et
1010 4212 1097 4267 miror,
1116 4215 1141 4256 te
1162 4224 1217 4257 cum
1237 4208 1353 4270 Tychone
1372 4223 1528 4271 persuasum,
1554 4208 1624 4271 quasi
1642 4205 1710 4254 linea
1727 4206 1866 4253 meridiana
1884 4212 1908 4252 et

548 4274 618 4339 polus
636 4278 720 4326 mundi
740 4293 814 4341 opera
832 4279 959 4327 stellamm
986 4281 1089 4329 fixarum
1108 4279 1222 4343 indagari
1246 4280 1344 4328 debeat.
1383 4279 1538 4328 Contrarium
1557 4280 1622 4327 enim
1642 4277 1709 4325 rides
1727 4291 1767 4324 me
1786 4277 1906 4325 decuisse.

548 4343 720 4397 commentum
739 4352 815 4398 etiam
834 4350 1049 4400 retractionis
1068 4353 1117 4399 ita
1135 4352 1332 4414 impugnari,
1351 4357 1398 4408 ut,
1419 4352 1445 4399 si
1464 4350 1569 4412 Tycbo
1590 4349 1827 4403 revivisceret,
1846 4362 1907 4395 non

545 4417 648 4467 facile
667 4426 760 4469 esset
778 4422 976 4470 inventurus
996 4423 1230 4484 patrocinium.
1270 4422 1340 4481 Quod
1361 4422 1393 4470 ad
1411 4422 1515 4484 eclipses
1534 4422 1646 4469 Lunares
1666 4420 1764 4475 attinet,
1785 4433 1842 4468 curn
1859 4433 1907 4466 non

545 4488 638 4555 alleges
657 4493 779 4555 propriam
799 4493 977 4555 experientiam
998 4500 1023 4541 et
1041 4494 1246 4550 observationem,
1266 4494 1324 4542 illae
1343 4493 1433 4541 nullius
1451 4493 1518 4556 apud
1535 4507 1575 4540 me
1588 4499 1646 4540 sunt
1664 4491 1786 4554 ponderis.
1818 4489 1909 4538 Restat

543 4562 619 4626 igitur
637 4570 666 4611 ut
685 4563 828 4628 diligentius
847 4565 895 4611 rim
915 4579 1025 4612 meamm
1053 4564 1290 4614 demonstrationum
1320 4566 1453 4612 examines.
1493 4562 1598 4623 Quaeris
1617 4578 1651 4611 an
1673 4562 1909 4611 demonstrationem

543 4633 569 4682 in
588 4639 657 4682 motu
676 4633 739 4684 Solis
759 4634 862 4683 allatam
881 4637 971 4698 possim
991 4636 1179 4685 accommodare
1199 4636 1231 4684 sd
1258 4636 1357 4701 globum
1380 4635 1507 4685 stellarum
1532 4633 1655 4683 fixarum?
1685 4633 1811 4692 Quidni!
1840 4632 1909 4681 Hoc

545 4704 626 4753 enim
657 4705 742 4753 baud
771 4706 909 4755 obscure
937 4708 1145 4770 significari,
1175 4706 1232 4755 sed
1261 4705 1419 4769 exemplis
1446 4704 1537 4755 nolui
1563 4721 1626 4755 rem
1654 4705 1843 4760 declarare,
1871 4717 1909 4750 ne

543 4772 728 4837 'lychonenr
753 4777 857 4838 ipsum
883 4779 1035 4827 acerbius
1061 4779 1281 4834 offenderem,
1301 4792 1332 4828 ac
1350 4778 1452 4840 proinde
1471 4777 1531 4826 libro
1549 4792 1604 4826 meo
1624 4777 1726 4839 apposui
1746 4773 1761 4823 s
1781 4774 1909 4823 stellarum

545 4847 602 4893 Asc.
624 4852 706 4895 rectas
725 4855 751 4896 et
770 4848 957 4909 declinationes,
977 4857 1005 4899 ut
1023 4850 1121 4913 quidem
1141 4866 1157 4899 a
1176 4850 1293 4910 Tychone
1313 4850 1508 4912 consignantur;
1533 4861 1610 4912 quas
1635 4854 1748 4895 tamen
1774 4848 1860 4895 inter
1877 4859 1910 4893 se

543 4915 629 4965 baud
648 4921 831 4968 convenire
850 4920 948 4983 probe
972 4921 1048 4969 scio.
1086 4919 1184 4969 Ratio
1204 4920 1281 4969 haec
1301 4927 1364 4979 est,
1384 4921 1458 4983 quia
1475 4920 1582 4983 Tycho
1600 4921 1632 4968 in
1657 4918 1910 4981 obliquangulis

544 4985 636 5037 falsa
655 4989 811 5054 dogmata
829 4991 1072 5055 triangulorum
1092 4998 1224 5041 secutus
1244 4998 1303 5040 est.
1342 4991 1449 5051 Quare
1479 4992 1560 5040 licet
1588 4991 1786 5039 assumserit
1812 5001 1910 5037 veras

546 5056 677 5109 duarum
706 5061 878 5111 stellarum
907 5062 1099 5119 distantias,
1128 5076 1237 5111 veram
1270 5063 1367 5112 etiam
1403 5062 1641 5112 differentiam
1674 5062 1911 5109 ascensionum

544 5138 713 5181 rectarum
737 5132 924 5182 observarit
951 5139 1007 5183 aut
1026 5133 1292 5191 accommodarit,
1320 5138 1477 5197 respectu
1504 5140 1612 5184 tamen
1639 5134 1765 5183 tertiae
1783 5130 1912 5181 stellae
