<?xml version="1.0" encoding="UTF-8"?>
<!DOCTYPE html PUBLIC "-//W3C//DTD XHTML 1.0 Transitional//EN"
    "http://www.w3.org/TR/xhtml1/DTD/xhtml1-transitional.dtd">
<html xmlns="http://www.w3.org/1999/xhtml" xml:lang="en" lang="en">
 <head>
  <title>
</title>
<meta http-equiv="Content-Type" content="text/html;charset=utf-8" />
  <meta name='ocr-system' content='tesseract 3.04.00' />
  <meta name='ocr-capabilities' content='ocr_page ocr_carea ocr_par ocr_line ocrx_word'/>
</head>
<body>
  <div class='ocr_page' id='page_1' title='image "./joanniskepleria02frisgoog_0490.png"; bbox 0 0 4584 6192; ppageno 0'>
   <div class='ocr_carea' id='block_1_1' title="bbox 873 584 1733 653">
    <p class='ocr_par' dir='ltr' id='par_1_1' title="bbox 873 584 1733 653">
     <span class='ocr_line' id='line_1_1' title="bbox 873 584 1733 653; baseline 0.008 -16"><span class='ocrx_word' id='word_1_1' title='bbox 873 587 905 637; x_wconf 83' lang='lat' dir='ltr'><strong>da</strong></span> <span class='ocrx_word' id='word_1_2' title='bbox 922 587 991 639; x_wconf 75' lang='lat' dir='ltr'><strong>lovis</strong></span> <span class='ocrx_word' id='word_1_3' title='bbox 1008 587 1164 644; x_wconf 65' lang='lat' dir='ltr'><strong>mumma</strong></span> <span class='ocrx_word' id='word_1_4' title='bbox 1181 588 1234 643; x_wconf 75' lang='lat' dir='ltr'><strong>tta·</strong></span> <span class='ocrx_word' id='word_1_5' title='bbox 1304 587 1309 595; x_wconf 82' lang='grc'><strong><em>’</em></strong></span> <span class='ocrx_word' id='word_1_6' title='bbox 1665 584 1733 653; x_wconf 71' lang='lat' dir='ltr'><strong>m</strong></span> 
     </span>
    </p>
   </div>
   <div class='ocr_carea' id='block_1_2' title="bbox 375 762 1735 1291">
    <p class='ocr_par' dir='ltr' id='par_1_2' title="bbox 375 762 1735 1291">
     <span class='ocr_line' id='line_1_2' title="bbox 376 762 1735 849; baseline 0.002 -22"><span class='ocrx_word' id='word_1_7' title='bbox 376 764 553 828; x_wconf 86' lang='lat' dir='ltr'><strong>distantiam</strong></span> <span class='ocrx_word' id='word_1_8' title='bbox 583 762 727 825; x_wconf 91' lang='lat' dir='ltr'><strong>vitrorum</strong></span> <span class='ocrx_word' id='word_1_9' title='bbox 765 774 893 843; x_wconf 88' lang='lat' dir='ltr'><strong>augeat,</strong></span> <span class='ocrx_word' id='word_1_10' title='bbox 932 784 989 845; x_wconf 94' lang='lat' dir='ltr'><strong>quo</strong></span> <span class='ocrx_word' id='word_1_11' title='bbox 1019 767 1137 828; x_wconf 90' lang='lat' dir='ltr'><strong>nomine</strong></span> <span class='ocrx_word' id='word_1_12' title='bbox 1171 768 1254 829; x_wconf 88' lang='lat' dir='ltr'><strong>nulla</strong></span> <span class='ocrx_word' id='word_1_13' title='bbox 1283 786 1412 849; x_wconf 87' lang='lat' dir='ltr'><strong>unquam</strong></span> <span class='ocrx_word' id='word_1_14' title='bbox 1444 766 1613 847; x_wconf 87' lang='lat' dir='ltr'><strong>longitudo,</strong></span> <span class='ocrx_word' id='word_1_15' title='bbox 1630 814 1632 818; x_wconf 67' lang='lat'><strong>,</strong></span> <span class='ocrx_word' id='word_1_16' title='bbox 1651 766 1735 830; x_wconf 86' lang='lat' dir='ltr'><strong>nulla</strong></span> 
     </span>
     <span class='ocr_line' id='line_1_3' title="bbox 375 851 1735 937; baseline 0.002 -24"><span class='ocrx_word' id='word_1_17' title='bbox 375 854 518 916; x_wconf 89' lang='lat' dir='ltr'><strong>vitrorum</strong></span> <span class='ocrx_word' id='word_1_18' title='bbox 549 851 696 915; x_wconf 72' lang='lat' dir='ltr'><strong>distantia</strong></span> <span class='ocrx_word' id='word_1_19' title='bbox 726 854 861 915; x_wconf 90' lang='lat' dir='ltr'><strong>omnibus</strong></span> <span class='ocrx_word' id='word_1_20' title='bbox 889 854 1009 916; x_wconf 91' lang='lat' dir='ltr'><strong>omnino</strong></span> <span class='ocrx_word' id='word_1_21' title='bbox 1041 874 1138 917; x_wconf 88' lang='lat' dir='ltr'><strong>rerum</strong></span> <span class='ocrx_word' id='word_1_22' title='bbox 1167 856 1505 937; x_wconf 90' lang='lat' dir='ltr'><strong>appropinquationibus</strong></span> <span class='ocrx_word' id='word_1_23' title='bbox 1538 855 1657 917; x_wconf 83' lang='lat' dir='ltr'><strong>sufficit.</strong></span> <span class='ocrx_word' id='word_1_24' title='bbox 1690 889 1735 904; x_wconf 57' lang='grc'><strong>»-</strong></span> 
     </span>
     <span class='ocr_line' id='line_1_4' title="bbox 377 942 1734 1024; baseline 0.001 -19"><span class='ocrx_word' id='word_1_25' title='bbox 377 945 412 1005; x_wconf 96' lang='lat' dir='ltr'><strong>In</strong></span> <span class='ocrx_word' id='word_1_26' title='bbox 443 942 569 1003; x_wconf 91' lang='lat' dir='ltr'><strong>lentium</strong></span> <span class='ocrx_word' id='word_1_27' title='bbox 599 942 746 1003; x_wconf 51' lang='lat' dir='ltr'><strong>crassitie¹</strong></span> <span class='ocrx_word' id='word_1_28' title='bbox 773 942 846 1004; x_wconf 91' lang='lat' dir='ltr'><strong>nihil</strong></span> <span class='ocrx_word' id='word_1_29' title='bbox 882 952 930 1004; x_wconf 93' lang='lat' dir='ltr'><strong>est</strong></span> <span class='ocrx_word' id='word_1_30' title='bbox 967 943 1076 1017; x_wconf 92' lang='lat' dir='ltr'><strong>situm,</strong></span> <span class='ocrx_word' id='word_1_31' title='bbox 1116 946 1274 1006; x_wconf 90' lang='lat' dir='ltr'><strong>dummodo</strong></span> <span class='ocrx_word' id='word_1_32' title='bbox 1315 946 1411 1024; x_wconf 85' lang='lat' dir='ltr'><strong>figura</strong></span> <span class='ocrx_word' id='word_1_33' title='bbox 1441 945 1478 1006; x_wconf 94' lang='lat' dir='ltr'><strong>ad</strong></span> <span class='ocrx_word' id='word_1_34' title='bbox 1511 946 1588 1005; x_wconf 87' lang='lat' dir='ltr'><strong>hanc</strong></span> <span class='ocrx_word' id='word_1_35' title='bbox 1621 953 1734 1006; x_wconf 88' lang='lat' dir='ltr'><strong>attem-</strong></span> 
     </span>
     <span class='ocr_line' id='line_1_5' title="bbox 376 1030 1733 1113; baseline 0 -19"><span class='ocrx_word' id='word_1_36' title='bbox 376 1037 515 1113; x_wconf 88' lang='lat' dir='ltr'><strong>peretur;</strong></span> <span class='ocrx_word' id='word_1_37' title='bbox 553 1031 609 1091; x_wconf 89' lang='lat' dir='ltr'><strong>hoc</strong></span> <span class='ocrx_word' id='word_1_38' title='bbox 645 1030 746 1110; x_wconf 91' lang='lat' dir='ltr'><strong>potius</strong></span> <span class='ocrx_word' id='word_1_39' title='bbox 783 1031 961 1093; x_wconf 88' lang='lat' dir='ltr'><strong>incommodi</strong></span> <span class='ocrx_word' id='word_1_40' title='bbox 994 1033 1106 1094; x_wconf 89' lang='lat' dir='ltr'><strong>habent</strong></span> <span class='ocrx_word' id='word_1_41' title='bbox 1134 1052 1257 1095; x_wconf 88' lang='lat' dir='ltr'><strong>crassae</strong></span> <span class='ocrx_word' id='word_1_42' title='bbox 1286 1053 1404 1108; x_wconf 90' lang='lat' dir='ltr'><strong>omnes,</strong></span> <span class='ocrx_word' id='word_1_43' title='bbox 1436 1033 1513 1112; x_wconf 93' lang='lat' dir='ltr'><strong>quod</strong></span> <span class='ocrx_word' id='word_1_44' title='bbox 1537 1052 1591 1112; x_wconf 92' lang='lat' dir='ltr'><strong>pro</strong></span> <span class='ocrx_word' id='word_1_45' title='bbox 1619 1032 1733 1095; x_wconf 88' lang='lat' dir='ltr'><strong>crassi-</strong></span> 
     </span>
     <span class='ocr_line' id='line_1_6' title="bbox 377 1120 1734 1184; baseline 0 -2"><span class='ocrx_word' id='word_1_46' title='bbox 377 1120 490 1182; x_wconf 86' lang='lat' dir='ltr'><strong>tudinis</strong></span> <span class='ocrx_word' id='word_1_47' title='bbox 513 1120 641 1181; x_wconf 88' lang='lat' dir='ltr'><strong>modulis</strong></span> <span class='ocrx_word' id='word_1_48' title='bbox 666 1120 758 1180; x_wconf 91' lang='lat' dir='ltr'><strong>etiam</strong></span> <span class='ocrx_word' id='word_1_49' title='bbox 783 1120 878 1182; x_wconf 90' lang='lat' dir='ltr'><strong>lucem</strong></span> <span class='ocrx_word' id='word_1_50' title='bbox 903 1121 1049 1183; x_wconf 92' lang='lat' dir='ltr'><strong>imbibunt</strong></span> <span class='ocrx_word' id='word_1_51' title='bbox 1066 1141 1139 1184; x_wconf 86' lang='lat' dir='ltr'><strong>suae</strong></span> <span class='ocrx_word' id='word_1_52' title='bbox 1159 1122 1348 1184; x_wconf 84' lang='lat' dir='ltr'><strong>substantiae</strong></span> <span class='ocrx_word' id='word_1_53' title='bbox 1373 1122 1521 1183; x_wconf 91' lang='lat' dir='ltr'><strong>coloribus</strong></span> <span class='ocrx_word' id='word_1_54' title='bbox 1541 1130 1573 1182; x_wconf 89' lang='lat' dir='ltr'><strong>et</strong></span> <span class='ocrx_word' id='word_1_55' title='bbox 1590 1121 1734 1183; x_wconf 89' lang='lat' dir='ltr'><strong>tenebro-</strong></span> 
     </span>
     <span class='ocr_line' id='line_1_7' title="bbox 378 1206 1735 1291; baseline 0.001 -21"><span class='ocrx_word' id='word_1_56' title='bbox 378 1210 480 1270; x_wconf 88' lang='lat' dir='ltr'><strong>sitate.</strong></span> <span class='ocrx_word' id='word_1_57' title='bbox 528 1206 670 1270; x_wconf 85' lang='lat' dir='ltr'><strong>Ceterum</strong></span> <span class='ocrx_word' id='word_1_58' title='bbox 695 1209 731 1270; x_wconf 91' lang='lat' dir='ltr'><strong>de</strong></span> <span class='ocrx_word' id='word_1_59' title='bbox 754 1209 903 1288; x_wconf 90' lang='lat' dir='ltr'><strong>politurae</strong></span> <span class='ocrx_word' id='word_1_60' title='bbox 927 1211 1034 1271; x_wconf 84' lang='lat' dir='ltr'><strong>effectu</strong></span> <span class='ocrx_word' id='word_1_61' title='bbox 1056 1219 1130 1291; x_wconf 91' lang='lat' dir='ltr'><strong>puto</strong></span> <span class='ocrx_word' id='word_1_62' title='bbox 1155 1220 1185 1273; x_wconf 92' lang='lat' dir='ltr'><strong>tc</strong></span> <span class='ocrx_word' id='word_1_63' title='bbox 1208 1220 1290 1272; x_wconf 88' lang='lat' dir='ltr'><strong>recte</strong></span> <span class='ocrx_word' id='word_1_64' title='bbox 1315 1210 1502 1284; x_wconf 87' lang='lat' dir='ltr'><strong>ratiocinari,</strong></span> <span class='ocrx_word' id='word_1_65' title='bbox 1537 1211 1616 1289; x_wconf 92' lang='lat' dir='ltr'><strong>quod</strong></span> <span class='ocrx_word' id='word_1_66' title='bbox 1645 1218 1735 1271; x_wconf 88' lang='lat' dir='ltr'><strong>ante·</strong></span> 
     </span>
    </p>
   </div>
   <div class='ocr_carea' id='block_1_3' title="bbox 378 1296 1739 4755">
    <p class='ocr_par' dir='ltr' id='par_1_3' title="bbox 379 1296 1738 2355">
     <span class='ocr_line' id='line_1_8' title="bbox 381 1296 1737 1378; baseline 0 -19"><span class='ocrx_word' id='word_1_67' title='bbox 381 1318 471 1378; x_wconf 87' lang='lat' dir='ltr'><strong>quam</strong></span> <span class='ocrx_word' id='word_1_68' title='bbox 495 1296 648 1377; x_wconf 87' lang='lat' dir='ltr'><strong>poliantur</strong></span> <span class='ocrx_word' id='word_1_69' title='bbox 672 1298 732 1358; x_wconf 90' lang='lat' dir='ltr'><strong>sint</strong></span> <span class='ocrx_word' id='word_1_70' title='bbox 756 1298 887 1377; x_wconf 86' lang='lat' dir='ltr'><strong>ejusdem</strong></span> <span class='ocrx_word' id='word_1_71' title='bbox 911 1299 1071 1361; x_wconf 86' lang='lat' dir='ltr'><strong>crassitiei.</strong></span> <span class='ocrx_word' id='word_1_72' title='bbox 1106 1331 1148 1341; x_wconf 90' lang='lat'>—</span> <span class='ocrx_word' id='word_1_73' title='bbox 1186 1300 1349 1362; x_wconf 91' lang='lat' dir='ltr'><strong>Bracteola</strong></span> <span class='ocrx_word' id='word_1_74' title='bbox 1381 1307 1509 1360; x_wconf 89' lang='lat' dir='ltr'><strong>stannea</strong></span> <span class='ocrx_word' id='word_1_75' title='bbox 1541 1299 1616 1363; x_wconf 92' lang='lat' dir='ltr'><strong>duos</strong></span> <span class='ocrx_word' id='word_1_76' title='bbox 1644 1298 1737 1360; x_wconf 87' lang='lat' dir='ltr'><strong>habet</strong></span> 
     </span>
     <span class='ocr_line' id='line_1_9' title="bbox 379 1387 1735 1467; baseline 0 -18"><span class='ocrx_word' id='word_1_77' title='bbox 379 1407 472 1449; x_wconf 83' lang='lat' dir='ltr'><strong>usus:</strong></span> <span class='ocrx_word' id='word_1_78' title='bbox 509 1405 599 1448; x_wconf 90' lang='lat' dir='ltr'><strong>uuum</strong></span> <span class='ocrx_word' id='word_1_79' title='bbox 630 1387 660 1447; x_wconf 93' lang='lat' dir='ltr'><strong>iu</strong></span> <span class='ocrx_word' id='word_1_80' title='bbox 686 1387 832 1459; x_wconf 87' lang='lat' dir='ltr'><strong>materia,</strong></span> <span class='ocrx_word' id='word_1_81' title='bbox 873 1406 948 1467; x_wconf 88' lang='lat' dir='ltr'><strong>quac</strong></span> <span class='ocrx_word' id='word_1_82' title='bbox 976 1389 1078 1467; x_wconf 86' lang='lat' dir='ltr'><strong>spissa</strong></span> <span class='ocrx_word' id='word_1_83' title='bbox 1106 1389 1194 1449; x_wconf 90' lang='lat' dir='ltr'><strong>simul</strong></span> <span class='ocrx_word' id='word_1_84' title='bbox 1223 1397 1270 1449; x_wconf 91' lang='lat' dir='ltr'><strong>est</strong></span> <span class='ocrx_word' id='word_1_85' title='bbox 1299 1396 1331 1449; x_wconf 90' lang='lat' dir='ltr'><strong>et</strong></span> <span class='ocrx_word' id='word_1_86' title='bbox 1358 1396 1458 1449; x_wconf 89' lang='lat' dir='ltr'><strong>tamen</strong></span> <span class='ocrx_word' id='word_1_87' title='bbox 1487 1387 1604 1460; x_wconf 93' lang='lat' dir='ltr'><strong>mollis,</strong></span> <span class='ocrx_word' id='word_1_88' title='bbox 1643 1406 1735 1466; x_wconf 89' lang='lat' dir='ltr'><strong>qnare</strong></span> 
     </span>
     <span class='ocr_line' id='line_1_10' title="bbox 381 1475 1735 1557; baseline 0.003 -23"><span class='ocrx_word' id='word_1_89' title='bbox 381 1478 490 1538; x_wconf 85' lang='lat' dir='ltr'><strong>vitrum</strong></span> <span class='ocrx_word' id='word_1_90' title='bbox 524 1475 698 1536; x_wconf 83' lang='lat' dir='ltr'><strong>incumbens</strong></span> <span class='ocrx_word' id='word_1_91' title='bbox 726 1483 823 1536; x_wconf 90' lang='lat' dir='ltr'><strong>tutum</strong></span> <span class='ocrx_word' id='word_1_92' title='bbox 856 1484 1047 1555; x_wconf 88' lang='lat' dir='ltr'><strong>praestatur;</strong></span> <span class='ocrx_word' id='word_1_93' title='bbox 1080 1478 1208 1539; x_wconf 88' lang='lat' dir='ltr'><strong>alterum</strong></span> <span class='ocrx_word' id='word_1_94' title='bbox 1234 1477 1261 1538; x_wconf 92' lang='lat' dir='ltr'><strong>in</strong></span> <span class='ocrx_word' id='word_1_95' title='bbox 1285 1477 1397 1556; x_wconf 87' lang='lat' dir='ltr'><strong>ligura,</strong></span> <span class='ocrx_word' id='word_1_96' title='bbox 1422 1476 1499 1557; x_wconf 91' lang='lat' dir='ltr'><strong>quod</strong></span> <span class='ocrx_word' id='word_1_97' title='bbox 1524 1475 1601 1555; x_wconf 90' lang='lat' dir='ltr'><strong>tegit</strong></span> <span class='ocrx_word' id='word_1_98' title='bbox 1625 1478 1735 1538; x_wconf 90' lang='lat' dir='ltr'><strong>vitrum</strong></span> 
     </span>
     <span class='ocr_line' id='line_1_11' title="bbox 382 1564 1733 1645; baseline 0 -20"><span class='ocrx_word' id='word_1_99' title='bbox 382 1583 474 1645; x_wconf 92' lang='lat' dir='ltr'><strong>usque</strong></span> <span class='ocrx_word' id='word_1_100' title='bbox 508 1565 547 1624; x_wconf 90' lang='lat' dir='ltr'><strong>ad</strong></span> <span class='ocrx_word' id='word_1_101' title='bbox 580 1572 739 1641; x_wconf 88' lang='lat' dir='ltr'><strong>augustum</strong></span> <span class='ocrx_word' id='word_1_102' title='bbox 774 1565 907 1625; x_wconf 79' lang='lat' dir='ltr'><strong>toramen</strong></span> <span class='ocrx_word' id='word_1_103' title='bbox 940 1574 1046 1627; x_wconf 90' lang='lat' dir='ltr'><strong>contra</strong></span> <span class='ocrx_word' id='word_1_104' title='bbox 1076 1566 1194 1645; x_wconf 90' lang='lat' dir='ltr'><strong>copiam</strong></span> <span class='ocrx_word' id='word_1_105' title='bbox 1226 1566 1302 1628; x_wconf 89' lang='lat' dir='ltr'><strong>lucis</strong></span> <span class='ocrx_word' id='word_1_106' title='bbox 1333 1565 1467 1626; x_wconf 87' lang='lat' dir='ltr'><strong>diurnae.</strong></span> <span class='ocrx_word' id='word_1_107' title='bbox 1514 1565 1560 1625; x_wconf 85' lang='lat' dir='ltr'><strong>At</strong></span> <span class='ocrx_word' id='word_1_108' title='bbox 1583 1564 1620 1625; x_wconf 93' lang='lat' dir='ltr'><strong>de</strong></span> <span class='ocrx_word' id='word_1_109' title='bbox 1643 1573 1733 1625; x_wconf 90' lang='lat' dir='ltr'><strong>nocte</strong></span> 
     </span>
     <span class='ocr_line' id='line_1_12' title="bbox 380 1653 1735 1734; baseline -0.001 -19"><span class='ocrx_word' id='word_1_110' title='bbox 380 1654 562 1715; x_wconf 86' lang='lat' dir='ltr'><strong>removenda</strong></span> <span class='ocrx_word' id='word_1_111' title='bbox 586 1661 641 1725; x_wconf 77' lang='lat' dir='ltr'><strong>est,</strong></span> <span class='ocrx_word' id='word_1_112' title='bbox 669 1662 702 1713; x_wconf 92' lang='lat' dir='ltr'><strong>ut</strong></span> <span class='ocrx_word' id='word_1_113' title='bbox 724 1653 833 1714; x_wconf 88' lang='lat' dir='ltr'><strong>vitrum</strong></span> <span class='ocrx_word' id='word_1_114' title='bbox 858 1653 949 1714; x_wconf 90' lang='lat' dir='ltr'><strong>latius</strong></span> <span class='ocrx_word' id='word_1_115' title='bbox 972 1656 1039 1733; x_wconf 88' lang='lat' dir='ltr'><strong>plus</strong></span> <span class='ocrx_word' id='word_1_116' title='bbox 1064 1654 1139 1716; x_wconf 92' lang='lat' dir='ltr'><strong>lucis</strong></span> <span class='ocrx_word' id='word_1_117' title='bbox 1164 1653 1456 1734; x_wconf 89' lang='lat' dir='ltr'><strong>aquolibetpuucto</strong></span> <span class='ocrx_word' id='word_1_118' title='bbox 1471 1654 1589 1715; x_wconf 88' lang='lat' dir='ltr'><strong>lucente</strong></span> <span class='ocrx_word' id='word_1_119' title='bbox 1608 1671 1735 1732; x_wconf 83' lang='lat' dir='ltr'><strong>sparsae</strong></span> 
     </span>
     <span class='ocr_line' id='line_1_13' title="bbox 380 1741 1734 1822; baseline 0 -20"><span class='ocrx_word' id='word_1_120' title='bbox 380 1742 562 1804; x_wconf 80' lang='lat' dir='ltr'><strong>admetiatur</strong></span> <span class='ocrx_word' id='word_1_121' title='bbox 585 1742 679 1803; x_wconf 90' lang='lat' dir='ltr'><strong>oculo.</strong></span> <span class='ocrx_word' id='word_1_122' title='bbox 725 1741 791 1803; x_wconf 91' lang='lat' dir='ltr'><strong>Hoc</strong></span> <span class='ocrx_word' id='word_1_123' title='bbox 813 1742 894 1803; x_wconf 88' lang='lat' dir='ltr'><strong>idem</strong></span> <span class='ocrx_word' id='word_1_124' title='bbox 918 1744 1041 1803; x_wconf 89' lang='lat' dir='ltr'><strong>eandem</strong></span> <span class='ocrx_word' id='word_1_125' title='bbox 1065 1744 1103 1804; x_wconf 92' lang='lat' dir='ltr'><strong>ob</strong></span> <span class='ocrx_word' id='word_1_126' title='bbox 1127 1742 1343 1805; x_wconf 88' lang='lat' dir='ltr'><strong>necessitatem</strong></span> <span class='ocrx_word' id='word_1_127' title='bbox 1362 1744 1426 1822; x_wconf 90' lang='lat' dir='ltr'><strong>jam</strong></span> <span class='ocrx_word' id='word_1_128' title='bbox 1449 1763 1468 1803; x_wconf 93' lang='lat' dir='ltr'><strong>a</strong></span> <span class='ocrx_word' id='word_1_129' title='bbox 1491 1760 1589 1802; x_wconf 90' lang='lat' dir='ltr'><strong>rerum</strong></span> <span class='ocrx_word' id='word_1_130' title='bbox 1602 1742 1734 1821; x_wconf 91' lang='lat' dir='ltr'><strong>primor-</strong></span> 
     </span>
     <span class='ocr_line' id='line_1_14' title="bbox 381 1830 1735 1911; baseline -0.001 -19"><span class='ocrx_word' id='word_1_131' title='bbox 381 1830 437 1892; x_wconf 92' lang='lat' dir='ltr'><strong>dio.</strong></span> <span class='ocrx_word' id='word_1_132' title='bbox 453 1838 485 1891; x_wconf 91' lang='lat' dir='ltr'><strong>et</strong></span> <span class='ocrx_word' id='word_1_133' title='bbox 507 1840 616 1891; x_wconf 88' lang='lat' dir='ltr'><strong>natura</strong></span> <span class='ocrx_word' id='word_1_134' title='bbox 640 1840 689 1891; x_wconf 92' lang='lat' dir='ltr'><strong>est</strong></span> <span class='ocrx_word' id='word_1_135' title='bbox 711 1831 851 1910; x_wconf 89' lang='lat' dir='ltr'><strong>amplexa</strong></span> <span class='ocrx_word' id='word_1_136' title='bbox 882 1830 912 1892; x_wconf 90' lang='lat' dir='ltr'><strong>in</strong></span> <span class='ocrx_word' id='word_1_137' title='bbox 946 1832 1180 1893; x_wconf 87' lang='lat' dir='ltr'><strong>conformatione</strong></span> <span class='ocrx_word' id='word_1_138' title='bbox 1204 1831 1337 1911; x_wconf 88' lang='lat' dir='ltr'><strong>pupillae</strong></span> <span class='ocrx_word' id='word_1_139' title='bbox 1366 1830 1461 1904; x_wconf 89' lang='lat' dir='ltr'><strong>oculi,</strong></span> <span class='ocrx_word' id='word_1_140' title='bbox 1497 1849 1572 1910; x_wconf 88' lang='lat' dir='ltr'><strong>quae</strong></span> <span class='ocrx_word' id='word_1_141' title='bbox 1604 1830 1735 1891; x_wconf 91' lang='lat' dir='ltr'><strong>naturali</strong></span> 
     </span>
     <span class='ocr_line' id='line_1_15' title="bbox 381 1918 1738 2000; baseline -0.001 -19"><span class='ocrx_word' id='word_1_142' title='bbox 381 1926 462 1981; x_wconf 90' lang='lat' dir='ltr'><strong>motu</strong></span> <span class='ocrx_word' id='word_1_143' title='bbox 486 1919 626 1980; x_wconf 87' lang='lat' dir='ltr'><strong>connivet</strong></span> <span class='ocrx_word' id='word_1_144' title='bbox 644 1928 676 1980; x_wconf 89' lang='lat' dir='ltr'><strong>et</strong></span> <span class='ocrx_word' id='word_1_145' title='bbox 695 1918 755 1980; x_wconf 93' lang='lat' dir='ltr'><strong>coit</strong></span> <span class='ocrx_word' id='word_1_146' title='bbox 773 1920 812 1979; x_wconf 90' lang='lat' dir='ltr'><strong>ad</strong></span> <span class='ocrx_word' id='word_1_147' title='bbox 831 1920 956 1981; x_wconf 89' lang='lat' dir='ltr'><strong>multam</strong></span> <span class='ocrx_word' id='word_1_148' title='bbox 975 1922 1079 1995; x_wconf 90' lang='lat' dir='ltr'><strong>lucem,</strong></span> <span class='ocrx_word' id='word_1_149' title='bbox 1104 1921 1205 1983; x_wconf 91' lang='lat' dir='ltr'><strong>subito</strong></span> <span class='ocrx_word' id='word_1_150' title='bbox 1229 1919 1363 2000; x_wconf 91' lang='lat' dir='ltr'><strong>patescit</strong></span> <span class='ocrx_word' id='word_1_151' title='bbox 1386 1920 1424 1981; x_wconf 93' lang='lat' dir='ltr'><strong>ad</strong></span> <span class='ocrx_word' id='word_1_152' title='bbox 1443 1919 1595 1993; x_wconf 77' lang='lat' dir='ltr'><strong>tenebras,</strong></span> <span class='ocrx_word' id='word_1_153' title='bbox 1616 1918 1646 1980; x_wconf 92' lang='lat' dir='ltr'><strong>id</strong></span> <span class='ocrx_word' id='word_1_154' title='bbox 1667 1920 1738 1980; x_wconf 89' lang='lat' dir='ltr'><strong>lioct</strong></span> 
     </span>
     <span class='ocr_line' id='line_1_16' title="bbox 381 2008 1735 2090; baseline -0.001 -20"><span class='ocrx_word' id='word_1_155' title='bbox 381 2008 557 2088; x_wconf 81' lang='lat' dir='ltr'><strong>experiaris,</strong></span> <span class='ocrx_word' id='word_1_156' title='bbox 582 2014 672 2087; x_wconf 88' lang='lat' dir='ltr'><strong>caput</strong></span> <span class='ocrx_word' id='word_1_157' title='bbox 692 2009 875 2070; x_wconf 86' lang='lat' dir='ltr'><strong>alenestrae</strong></span> <span class='ocrx_word' id='word_1_158' title='bbox 899 2017 1063 2089; x_wconf 90' lang='lat' dir='ltr'><strong>conspectu</strong></span> <span class='ocrx_word' id='word_1_159' title='bbox 1081 2010 1120 2071; x_wconf 91' lang='lat' dir='ltr'><strong>ad</strong></span> <span class='ocrx_word' id='word_1_160' title='bbox 1139 2009 1308 2090; x_wconf 89' lang='lat' dir='ltr'><strong>penetralia</strong></span> <span class='ocrx_word' id='word_1_161' title='bbox 1327 2009 1456 2071; x_wconf 90' lang='lat' dir='ltr'><strong>obscura</strong></span> <span class='ocrx_word' id='word_1_162' title='bbox 1475 2008 1573 2087; x_wconf 91' lang='lat' dir='ltr'><strong>aliquo</strong></span> <span class='ocrx_word' id='word_1_163' title='bbox 1589 2016 1735 2083; x_wconf 86' lang='lat' dir='ltr'><strong>vertente,</strong></span> 
     </span>
     <span class='ocr_line' id='line_1_17' title="bbox 381 2096 1732 2179; baseline 0 -21"><span class='ocrx_word' id='word_1_164' title='bbox 381 2099 406 2158; x_wconf 91' lang='lat' dir='ltr'><strong>si</strong></span> <span class='ocrx_word' id='word_1_165' title='bbox 431 2098 497 2177; x_wconf 88' lang='lat' dir='ltr'><strong>ejus</strong></span> <span class='ocrx_word' id='word_1_166' title='bbox 520 2097 650 2176; x_wconf 89' lang='lat' dir='ltr'><strong>pupillas</strong></span> <span class='ocrx_word' id='word_1_167' title='bbox 675 2098 704 2157; x_wconf 92' lang='lat' dir='ltr'><strong>in</strong></span> <span class='ocrx_word' id='word_1_168' title='bbox 730 2106 853 2176; x_wconf 92' lang='lat' dir='ltr'><strong>utroque</strong></span> <span class='ocrx_word' id='word_1_169' title='bbox 879 2097 939 2158; x_wconf 89' lang='lat' dir='ltr'><strong>situ</strong></span> <span class='ocrx_word' id='word_1_170' title='bbox 971 2098 1008 2159; x_wconf 91' lang='lat' dir='ltr'><strong>de</strong></span> <span class='ocrx_word' id='word_1_171' title='bbox 1039 2098 1176 2178; x_wconf 88' lang='lat' dir='ltr'><strong>proximo</strong></span> <span class='ocrx_word' id='word_1_172' title='bbox 1206 2098 1381 2179; x_wconf 85' lang='lat' dir='ltr'><strong>inspexeris.</strong></span> <span class='ocrx_word' id='word_1_173' title='bbox 1428 2096 1530 2177; x_wconf 85' lang='lat' dir='ltr'><strong>Atque</strong></span> <span class='ocrx_word' id='word_1_174' title='bbox 1561 2118 1600 2158; x_wconf 91' lang='lat' dir='ltr'><strong>en</strong></span> <span class='ocrx_word' id='word_1_175' title='bbox 1629 2116 1732 2158; x_wconf 88' lang='lat' dir='ltr'><strong>verum</strong></span> 
     </span>
     <span class='ocr_line' id='line_1_18' title="bbox 381 2178 1732 2266; baseline -0.001 -19"><span class='ocrx_word' id='word_1_176' title='bbox 381 2195 473 2247; x_wconf 90' lang='lat' dir='ltr'><strong>antea</strong></span> <span class='ocrx_word' id='word_1_177' title='bbox 496 2178 639 2259; x_wconf 71' lang='lat' dir='ltr'><strong>dictum,</strong></span> <span class='ocrx_word' id='word_1_178' title='bbox 662 2186 751 2246; x_wconf 86' lang='lat' dir='ltr'><strong>tubae</strong></span> <span class='ocrx_word' id='word_1_179' title='bbox 785 2187 912 2248; x_wconf 80' lang='lat' dir='ltr'><strong>formam</strong></span> <span class='ocrx_word' id='word_1_180' title='bbox 941 2186 1013 2249; x_wconf 90' lang='lat' dir='ltr'><strong>nihil</strong></span> <span class='ocrx_word' id='word_1_181' title='bbox 1036 2188 1124 2249; x_wconf 90' lang='lat' dir='ltr'><strong>vitris</strong></span> <span class='ocrx_word' id='word_1_182' title='bbox 1147 2196 1201 2248; x_wconf 91' lang='lat' dir='ltr'><strong>aut</strong></span> <span class='ocrx_word' id='word_1_183' title='bbox 1230 2187 1340 2248; x_wconf 88' lang='lat' dir='ltr'><strong>visioni</strong></span> <span class='ocrx_word' id='word_1_184' title='bbox 1368 2187 1513 2248; x_wconf 83' lang='lat' dir='ltr'><strong>conferre.</strong></span> <span class='ocrx_word' id='word_1_185' title='bbox 1560 2185 1638 2248; x_wconf 85' lang='lat' dir='ltr'><strong>Nam</strong></span> <span class='ocrx_word' id='word_1_186' title='bbox 1663 2185 1732 2266; x_wconf 95' lang='lat' dir='ltr'><strong>quid</strong></span> 
     </span>
     <span class='ocr_line' id='line_1_19' title="bbox 382 2275 1729 2355; baseline -0.001 -19"><span class='ocrx_word' id='word_1_187' title='bbox 382 2295 416 2336; x_wconf 90' lang='lat' dir='ltr'><strong>os</strong></span> <span class='ocrx_word' id='word_1_188' title='bbox 440 2277 541 2337; x_wconf 90' lang='lat' dir='ltr'><strong>laxum</strong></span> <span class='ocrx_word' id='word_1_189' title='bbox 566 2275 702 2335; x_wconf 80' lang='lat' dir='ltr'><strong>conterat</strong></span> <span class='ocrx_word' id='word_1_190' title='bbox 724 2275 840 2335; x_wconf 90' lang='lat' dir='ltr'><strong>canalis</strong></span> <span class='ocrx_word' id='word_1_191' title='bbox 865 2276 960 2355; x_wconf 90' lang='lat' dir='ltr'><strong>hujus,</strong></span> <span class='ocrx_word' id='word_1_192' title='bbox 986 2276 1012 2337; x_wconf 88' lang='lat' dir='ltr'><strong>si</strong></span> <span class='ocrx_word' id='word_1_193' title='bbox 1035 2276 1167 2338; x_wconf 90' lang='lat' dir='ltr'><strong>vicissim</strong></span> <span class='ocrx_word' id='word_1_194' title='bbox 1192 2276 1343 2355; x_wconf 82' lang='lat' dir='ltr'><strong>obtegitur</strong></span> <span class='ocrx_word' id='word_1_195' title='bbox 1366 2275 1492 2337; x_wconf 90' lang='lat' dir='ltr'><strong>bractea</strong></span> <span class='ocrx_word' id='word_1_196' title='bbox 1515 2275 1666 2336; x_wconf 83' lang='lat' dir='ltr'><strong>stannea?</strong></span> <span class='ocrx_word' id='word_1_197' title='bbox 1691 2315 1699 2331; x_wconf 65' lang='grc'><strong>.»</strong></span> <span class='ocrx_word' id='word_1_198' title='bbox 1724 2301 1729 2318; x_wconf 75' lang='lat'><strong>.</strong></span> 
     </span>
    </p>

    <p class='ocr_par' dir='ltr' id='par_1_4' title="bbox 378 2362 1739 4755">
     <span class='ocr_line' id='line_1_20' title="bbox 468 2362 1734 2446; baseline 0.002 -21"><span class='ocrx_word' id='word_1_199' title='bbox 468 2365 520 2425; x_wconf 87' lang='lat' dir='ltr'><strong>Ad</strong></span> <span class='ocrx_word' id='word_1_200' title='bbox 557 2365 637 2424; x_wconf 91' lang='lat' dir='ltr'><strong>vitra</strong></span> <span class='ocrx_word' id='word_1_201' title='bbox 676 2364 797 2425; x_wconf 87' lang='lat' dir='ltr'><strong>transis.</strong></span> <span class='ocrx_word' id='word_1_202' title='bbox 854 2362 979 2444; x_wconf 88' lang='lat' dir='ltr'><strong>Spirant</strong></span> <span class='ocrx_word' id='word_1_203' title='bbox 1010 2372 1064 2426; x_wconf 89' lang='lat' dir='ltr'><strong>tua</strong></span> <span class='ocrx_word' id='word_1_204' title='bbox 1101 2365 1232 2446; x_wconf 89' lang='lat' dir='ltr'><strong>vestigia</strong></span> <span class='ocrx_word' id='word_1_205' title='bbox 1265 2364 1362 2426; x_wconf 89' lang='lat' dir='ltr'><strong>violas</strong></span> <span class='ocrx_word' id='word_1_206' title='bbox 1399 2382 1573 2444; x_wconf 86' lang='lat' dir='ltr'><strong>quacunque</strong></span> <span class='ocrx_word' id='word_1_207' title='bbox 1610 2362 1734 2427; x_wconf 76' lang='lat' dir='ltr'><strong>incedis.</strong></span> 
     </span>
     <span class='ocr_line' id='line_1_21' title="bbox 381 2452 1736 2535; baseline -0.002 -18"><span class='ocrx_word' id='word_1_208' title='bbox 381 2457 483 2533; x_wconf 89' lang='lat' dir='ltr'><strong>Atque</strong></span> <span class='ocrx_word' id='word_1_209' title='bbox 507 2471 563 2531; x_wconf 90' lang='lat' dir='ltr'><strong>ego</strong></span> <span class='ocrx_word' id='word_1_210' title='bbox 588 2460 635 2513; x_wconf 90' lang='lat' dir='ltr'><strong>tot</strong></span> <span class='ocrx_word' id='word_1_211' title='bbox 657 2453 717 2513; x_wconf 89' lang='lat' dir='ltr'><strong>tuis</strong></span> <span class='ocrx_word' id='word_1_212' title='bbox 741 2452 873 2527; x_wconf 87' lang='lat' dir='ltr'><strong>artibus,</strong></span> <span class='ocrx_word' id='word_1_213' title='bbox 898 2461 945 2514; x_wconf 90' lang='lat' dir='ltr'><strong>tot</strong></span> <span class='ocrx_word' id='word_1_214' title='bbox 968 2453 1205 2528; x_wconf 82' lang='lat' dir='ltr'><strong>festivitatibus,</strong></span> <span class='ocrx_word' id='word_1_215' title='bbox 1231 2452 1338 2535; x_wconf 90' lang='lat' dir='ltr'><strong>quibus</strong></span> <span class='ocrx_word' id='word_1_216' title='bbox 1360 2461 1444 2515; x_wconf 89' lang='lat' dir='ltr'><strong>tuam</strong></span> <span class='ocrx_word' id='word_1_217' title='bbox 1467 2470 1643 2532; x_wconf 84' lang='lat' dir='ltr'><strong>personam,</strong></span> <span class='ocrx_word' id='word_1_218' title='bbox 1676 2452 1736 2514; x_wconf 90' lang='lat' dir='ltr'><strong>imo</strong></span> 
     </span>
     <span class='ocr_line' id='line_1_22' title="bbox 386 2540 1734 2622; baseline 0.001 -22"><span class='ocrx_word' id='word_1_219' title='bbox 386 2561 458 2604; x_wconf 86' lang='lat' dir='ltr'><strong>vero</strong></span> <span class='ocrx_word' id='word_1_220' title='bbox 481 2541 588 2622; x_wconf 90' lang='lat' dir='ltr'><strong>quibus</strong></span> <span class='ocrx_word' id='word_1_221' title='bbox 611 2549 694 2602; x_wconf 90' lang='lat' dir='ltr'><strong>tuum</strong></span> <span class='ocrx_word' id='word_1_222' title='bbox 718 2561 823 2602; x_wconf 91' lang='lat' dir='ltr'><strong>nomen</strong></span> <span class='ocrx_word' id='word_1_223' title='bbox 849 2550 989 2622; x_wconf 88' lang='lat' dir='ltr'><strong>tuumque</strong></span> <span class='ocrx_word' id='word_1_224' title='bbox 1014 2545 1128 2605; x_wconf 88' lang='lat' dir='ltr'><strong>vultum</strong></span> <span class='ocrx_word' id='word_1_225' title='bbox 1152 2544 1208 2605; x_wconf 86' lang='lat' dir='ltr'><strong>sub</strong></span> <span class='ocrx_word' id='word_1_226' title='bbox 1230 2561 1361 2622; x_wconf 90' lang='lat' dir='ltr'><strong>persona</strong></span> <span class='ocrx_word' id='word_1_227' title='bbox 1390 2543 1536 2603; x_wconf 89' lang='lat' dir='ltr'><strong>latentem</strong></span> <span class='ocrx_word' id='word_1_228' title='bbox 1563 2540 1734 2620; x_wconf 84' lang='lat' dir='ltr'><strong>depinxisti,</strong></span> 
     </span>
     <span class='ocr_line' id='line_1_23' title="bbox 382 2630 1736 2710; baseline -0.001 -17"><span class='ocrx_word' id='word_1_229' title='bbox 382 2632 411 2693; x_wconf 90' lang='lat' dir='ltr'><strong>in</strong></span> <span class='ocrx_word' id='word_1_230' title='bbox 436 2631 567 2710; x_wconf 92' lang='lat' dir='ltr'><strong>epistola</strong></span> <span class='ocrx_word' id='word_1_231' title='bbox 589 2631 666 2691; x_wconf 93' lang='lat' dir='ltr'><strong>hunc</strong></span> <span class='ocrx_word' id='word_1_232' title='bbox 690 2631 910 2709; x_wconf 78' lang='lat' dir='ltr'><strong>superscribam</strong></span> <span class='ocrx_word' id='word_1_233' title='bbox 934 2631 1073 2694; x_wconf 88' lang='lat' dir='ltr'><strong>titulum:</strong></span> <span class='ocrx_word' id='word_1_234' title='bbox 1098 2633 1169 2694; x_wconf 89' lang='lat' dir='ltr'><strong>Hic</strong></span> <span class='ocrx_word' id='word_1_235' title='bbox 1194 2631 1418 2693; x_wconf 87' lang='lat' dir='ltr'><strong>Gratiarum</strong></span> <span class='ocrx_word' id='word_1_236' title='bbox 1442 2631 1609 2705; x_wconf 86' lang='lat' dir='ltr'><strong>soboles,</strong></span> <span class='ocrx_word' id='word_1_237' title='bbox 1633 2630 1736 2709; x_wconf 79' lang='lat' dir='ltr'><strong>lepos</strong></span> 
     </span>
     <span class='ocr_line' id='line_1_24' title="bbox 381 2718 1734 2801; baseline -0.001 -20"><span class='ocrx_word' id='word_1_238' title='bbox 381 2728 447 2781; x_wconf 90' lang='lat' dir='ltr'><strong>est.</strong></span> <span class='ocrx_word' id='word_1_239' title='bbox 494 2719 667 2782; x_wconf 87' lang='lat' dir='ltr'><strong>Naturae</strong></span> <span class='ocrx_word' id='word_1_240' title='bbox 698 2719 812 2781; x_wconf 89' lang='lat' dir='ltr'><strong>simia.</strong></span> <span class='ocrx_word' id='word_1_241' title='bbox 868 2720 1032 2800; x_wconf 85' lang='lat' dir='ltr'><strong>Pegasus</strong></span> <span class='ocrx_word' id='word_1_242' title='bbox 1069 2720 1353 2800; x_wconf 87' lang='lat' dir='ltr'><strong>Philosophiae.</strong></span> <span class='ocrx_word' id='word_1_243' title='bbox 1413 2720 1510 2801; x_wconf 86' lang='lat' dir='ltr'><strong>Lyra</strong></span> <span class='ocrx_word' id='word_1_244' title='bbox 1544 2718 1734 2799; x_wconf 87' lang='lat' dir='ltr'><strong>Eloquen-</strong></span> 
     </span>
     <span class='ocr_line' id='line_1_25' title="bbox 382 2806 1734 2890; baseline -0.001 -20"><span class='ocrx_word' id='word_1_245' title='bbox 382 2810 470 2871; x_wconf 88' lang='lat' dir='ltr'><strong>tiae.</strong></span> <span class='ocrx_word' id='word_1_246' title='bbox 507 2844 551 2855; x_wconf 89' lang='lat'><em>-</em></span> <span class='ocrx_word' id='word_1_247' title='bbox 589 2806 778 2886; x_wconf 78' lang='lat' dir='ltr'><strong>conjecturis</strong></span> <span class='ocrx_word' id='word_1_248' title='bbox 816 2817 915 2888; x_wconf 83' lang='lat' dir='ltr'><strong>tamon</strong></span> <span class='ocrx_word' id='word_1_249' title='bbox 948 2829 1019 2871; x_wconf 91' lang='lat' dir='ltr'><strong>usus</strong></span> <span class='ocrx_word' id='word_1_250' title='bbox 1053 2830 1108 2890; x_wconf 85' lang='lat' dir='ltr'><strong>ego</strong></span> <span class='ocrx_word' id='word_1_251' title='bbox 1141 2828 1200 2871; x_wconf 93' lang='lat' dir='ltr'><strong>non</strong></span> <span class='ocrx_word' id='word_1_252' title='bbox 1233 2828 1298 2870; x_wconf 87' lang='lat' dir='ltr'><strong>sum</strong></span> <span class='ocrx_word' id='word_1_253' title='bbox 1332 2809 1384 2870; x_wconf 88' lang='lat' dir='ltr'><strong>sed</strong></span> <span class='ocrx_word' id='word_1_254' title='bbox 1418 2807 1734 2870; x_wconf 84' lang='lat' dir='ltr'><strong>demonstrationibus.</strong></span> 
     </span>
     <span class='ocr_line' id='line_1_26' title="bbox 381 2896 1734 2982; baseline -0.001 -23"><span class='ocrx_word' id='word_1_255' title='bbox 381 2897 491 2959; x_wconf 90' lang='lat' dir='ltr'><strong>Omnia</strong></span> <span class='ocrx_word' id='word_1_256' title='bbox 513 2896 574 2958; x_wconf 91' lang='lat' dir='ltr'><strong>ista</strong></span> <span class='ocrx_word' id='word_1_257' title='bbox 597 2904 742 2958; x_wconf 87' lang='lat' dir='ltr'><strong>coustant</strong></span> <span class='ocrx_word' id='word_1_258' title='bbox 762 2898 858 2977; x_wconf 87' lang='lat' dir='ltr'><strong>ligura</strong></span> <span class='ocrx_word' id='word_1_259' title='bbox 882 2898 949 2959; x_wconf 89' lang='lat' dir='ltr'><strong>hinc</strong></span> <span class='ocrx_word' id='word_1_260' title='bbox 973 2899 1185 2982; x_wconf 88' lang='lat' dir='ltr'><strong>hyperbolica,</strong></span> <span class='ocrx_word' id='word_1_261' title='bbox 1214 2898 1283 2957; x_wconf 91' lang='lat' dir='ltr'><strong>inde</strong></span> <span class='ocrx_word' id='word_1_262' title='bbox 1307 2916 1451 2959; x_wconf 86' lang='lat' dir='ltr'><strong>convexa.</strong></span> <span class='ocrx_word' id='word_1_263' title='bbox 1499 2898 1579 2971; x_wconf 88' lang='lat' dir='ltr'><strong>Adi,</strong></span> <span class='ocrx_word' id='word_1_264' title='bbox 1612 2896 1638 2957; x_wconf 93' lang='lat' dir='ltr'><strong>si</strong></span> <span class='ocrx_word' id='word_1_265' title='bbox 1672 2896 1734 2957; x_wconf 86' lang='lat' dir='ltr'><strong>iors</strong></span> 
     </span>
     <span class='ocr_line' id='line_1_27' title="bbox 383 2983 1734 3066; baseline -0.001 -19"><span class='ocrx_word' id='word_1_266' title='bbox 383 2986 541 3061; x_wconf 83' lang='lat' dir='ltr'><strong>affulserit,</strong></span> <span class='ocrx_word' id='word_1_267' title='bbox 567 3004 663 3047; x_wconf 87' lang='lat' dir='ltr'><strong>meam</strong></span> <span class='ocrx_word' id='word_1_268' title='bbox 687 2986 872 3065; x_wconf 90' lang='lat' dir='ltr'><strong>Dioptrieen,</strong></span> <span class='ocrx_word' id='word_1_269' title='bbox 898 3007 972 3066; x_wconf 90' lang='lat' dir='ltr'><strong>quae</strong></span> <span class='ocrx_word' id='word_1_270' title='bbox 997 2996 1134 3049; x_wconf 88' lang='lat' dir='ltr'><strong>versatur</strong></span> <span class='ocrx_word' id='word_1_271' title='bbox 1157 2988 1187 3048; x_wconf 93' lang='lat' dir='ltr'><strong>in</strong></span> <span class='ocrx_word' id='word_1_272' title='bbox 1211 2987 1349 3049; x_wconf 88' lang='lat' dir='ltr'><strong>manibus</strong></span> <span class='ocrx_word' id='word_1_273' title='bbox 1372 2985 1439 3049; x_wconf 88' lang='lat' dir='ltr'><strong>Ser.</strong></span> <span class='ocrx_word' id='word_1_274' title='bbox 1464 2985 1615 3047; x_wconf 86' lang='lat' dir='ltr'><strong>Electoris</strong></span> <span class='ocrx_word' id='word_1_275' title='bbox 1639 2983 1734 3048; x_wconf 87' lang='lat' dir='ltr'><strong>Colo·</strong></span> 
     </span>
     <span class='ocr_line' id='line_1_28' title="bbox 380 3074 1733 3157; baseline -0.002 -20"><span class='ocrx_word' id='word_1_276' title='bbox 380 3076 502 3149; x_wconf 91' lang='lat' dir='ltr'><strong>niensis,</strong></span> <span class='ocrx_word' id='word_1_277' title='bbox 527 3082 560 3135; x_wconf 95' lang='lat' dir='ltr'><strong>et</strong></span> <span class='ocrx_word' id='word_1_278' title='bbox 582 3076 621 3135; x_wconf 90' lang='lat' dir='ltr'><strong>ab</strong></span> <span class='ocrx_word' id='word_1_279' title='bbox 645 3094 679 3134; x_wconf 94' lang='lat' dir='ltr'><strong>eo</strong></span> <span class='ocrx_word' id='word_1_280' title='bbox 704 3076 746 3135; x_wconf 93' lang='lat' dir='ltr'><strong>uti</strong></span> <span class='ocrx_word' id='word_1_281' title='bbox 771 3093 858 3153; x_wconf 89' lang='lat' dir='ltr'><strong>spero</strong></span> <span class='ocrx_word' id='word_1_282' title='bbox 883 3085 956 3157; x_wconf 89' lang='lat' dir='ltr'><strong>typo</strong></span> <span class='ocrx_word' id='word_1_283' title='bbox 979 3077 1098 3155; x_wconf 91' lang='lat' dir='ltr'><strong>publico</strong></span> <span class='ocrx_word' id='word_1_284' title='bbox 1123 3076 1327 3137; x_wconf 83' lang='lat' dir='ltr'><strong>exornabitur.</strong></span> <span class='ocrx_word' id='word_1_285' title='bbox 1374 3074 1436 3137; x_wconf 80' lang='lat' dir='ltr'><strong>Gur</strong></span> <span class='ocrx_word' id='word_1_286' title='bbox 1459 3074 1551 3153; x_wconf 90' lang='lat' dir='ltr'><strong>igitur</strong></span> <span class='ocrx_word' id='word_1_287' title='bbox 1575 3083 1607 3135; x_wconf 89' lang='lat' dir='ltr'><strong>tu</strong></span> <span class='ocrx_word' id='word_1_288' title='bbox 1630 3074 1733 3135; x_wconf 85' lang='lat' dir='ltr'><strong>diver-</strong></span> 
     </span>
     <span class='ocr_line' id='line_1_29' title="bbox 380 3163 1735 3243; baseline -0.001 -18"><span class='ocrx_word' id='word_1_289' title='bbox 380 3183 445 3225; x_wconf 84' lang='lat' dir='ltr'><strong>sum</strong></span> <span class='ocrx_word' id='word_1_290' title='bbox 473 3163 698 3243; x_wconf 86' lang='lat' dir='ltr'><strong>deprehendisti</strong></span> <span class='ocrx_word' id='word_1_291' title='bbox 729 3164 759 3224; x_wconf 93' lang='lat' dir='ltr'><strong>in</strong></span> <span class='ocrx_word' id='word_1_292' title='bbox 793 3166 990 3226; x_wconf 81' lang='lat' dir='ltr'><strong>instrumento</strong></span> <span class='ocrx_word' id='word_1_293' title='bbox 1016 3165 1172 3227; x_wconf 88' lang='lat' dir='ltr'><strong>Galilaai?</strong></span> <span class='ocrx_word' id='word_1_294' title='bbox 1219 3163 1300 3235; x_wconf 84' lang='lat' dir='ltr'><strong>Quia</strong></span> <span class='ocrx_word' id='word_1_295' title='bbox 1332 3164 1604 3225; x_wconf 88' lang='lat' dir='ltr'><strong>demonstrationes</strong></span> <span class='ocrx_word' id='word_1_296' title='bbox 1637 3181 1735 3224; x_wconf 88' lang='lat' dir='ltr'><strong>rernm</strong></span> 
     </span>
     <span class='ocr_line' id='line_1_30' title="bbox 380 3252 1734 3332; baseline -0.001 -18"><span class='ocrx_word' id='word_1_297' title='bbox 380 3254 482 3332; x_wconf 89' lang='lat' dir='ltr'><strong>apices</strong></span> <span class='ocrx_word' id='word_1_298' title='bbox 506 3261 728 3332; x_wconf 90' lang='lat' dir='ltr'><strong>consequuntur</strong></span> <span class='ocrx_word' id='word_1_299' title='bbox 746 3252 961 3328; x_wconf 89' lang='lat' dir='ltr'><strong>subtilissime;</strong></span> <span class='ocrx_word' id='word_1_300' title='bbox 986 3255 1228 3316; x_wconf 87' lang='lat' dir='ltr'><strong>machinamenta</strong></span> <span class='ocrx_word' id='word_1_301' title='bbox 1246 3262 1376 3332; x_wconf 89' lang='lat' dir='ltr'><strong>possunt</strong></span> <span class='ocrx_word' id='word_1_302' title='bbox 1399 3272 1515 3314; x_wconf 90' lang='lat' dir='ltr'><strong>rursum</strong></span> <span class='ocrx_word' id='word_1_303' title='bbox 1539 3270 1734 3332; x_wconf 83' lang='lat' dir='ltr'><strong>prensumque</strong></span> 
     </span>
     <span class='ocr_line' id='line_1_31' title="bbox 379 3341 1737 3423; baseline -0.001 -21"><span class='ocrx_word' id='word_1_304' title='bbox 379 3343 495 3421; x_wconf 90' lang='lat' dir='ltr'><strong>vagari.</strong></span> <span class='ocrx_word' id='word_1_305' title='bbox 542 3342 647 3421; x_wconf 89' lang='lat' dir='ltr'><strong>ltaque</strong></span> <span class='ocrx_word' id='word_1_306' title='bbox 672 3361 759 3420; x_wconf 90' lang='lat' dir='ltr'><strong>quam</strong></span> <span class='ocrx_word' id='word_1_307' title='bbox 784 3362 839 3421; x_wconf 92' lang='lat' dir='ltr'><strong>ego</strong></span> <span class='ocrx_word' id='word_1_308' title='bbox 863 3344 1012 3405; x_wconf 88' lang='lat' dir='ltr'><strong>internam</strong></span> <span class='ocrx_word' id='word_1_309' title='bbox 1035 3344 1222 3423; x_wconf 83' lang='lat' dir='ltr'><strong>superficiem</strong></span> <span class='ocrx_word' id='word_1_310' title='bbox 1245 3342 1326 3403; x_wconf 88' lang='lat' dir='ltr'><strong>volui</strong></span> <span class='ocrx_word' id='word_1_311' title='bbox 1348 3362 1416 3403; x_wconf 88' lang='lat' dir='ltr'><strong>esse</strong></span> <span class='ocrx_word' id='word_1_312' title='bbox 1440 3341 1675 3423; x_wconf 82' lang='lat' dir='ltr'><strong>hyperbolicam,</strong></span> <span class='ocrx_word' id='word_1_313' title='bbox 1698 3361 1737 3402; x_wconf 87' lang='lat' dir='ltr'><strong>ea</strong></span> 
     </span>
     <span class='ocr_line' id='line_1_32' title="bbox 382 3430 1736 3512; baseline 0 -20"><span class='ocrx_word' id='word_1_314' title='bbox 382 3430 516 3493; x_wconf 84' lang='lat' dir='ltr'><strong>Galilaei</strong></span> <span class='ocrx_word' id='word_1_315' title='bbox 539 3430 737 3492; x_wconf 89' lang='lat' dir='ltr'><strong>instrumento</strong></span> <span class='ocrx_word' id='word_1_316' title='bbox 761 3431 817 3492; x_wconf 86' lang='lat' dir='ltr'><strong>luit</strong></span> <span class='ocrx_word' id='word_1_317' title='bbox 840 3433 971 3494; x_wconf 89' lang='lat' dir='ltr'><strong>exterior</strong></span> <span class='ocrx_word' id='word_1_318' title='bbox 994 3434 1188 3506; x_wconf 88' lang='lat' dir='ltr'><strong>convexitas;</strong></span> <span class='ocrx_word' id='word_1_319' title='bbox 1212 3432 1346 3494; x_wconf 90' lang='lat' dir='ltr'><strong>vicissim</strong></span> <span class='ocrx_word' id='word_1_320' title='bbox 1361 3450 1450 3512; x_wconf 86' lang='lat' dir='ltr'><strong>quam</strong></span> <span class='ocrx_word' id='word_1_321' title='bbox 1474 3450 1530 3510; x_wconf 90' lang='lat' dir='ltr'><strong>ego</strong></span> <span class='ocrx_word' id='word_1_322' title='bbox 1555 3431 1736 3492; x_wconf 79' lang='lat' dir='ltr'><strong>exteriorem</strong></span> 
     </span>
     <span class='ocr_line' id='line_1_33' title="bbox 381 3519 1737 3601; baseline -0.001 -21"><span class='ocrx_word' id='word_1_323' title='bbox 381 3520 473 3600; x_wconf 88' lang='lat' dir='ltr'><strong>posui</strong></span> <span class='ocrx_word' id='word_1_324' title='bbox 496 3519 728 3591; x_wconf 84' lang='lat' dir='ltr'><strong>convexitatem,</strong></span> <span class='ocrx_word' id='word_1_325' title='bbox 753 3539 790 3580; x_wconf 87' lang='lat' dir='ltr'><strong>ea</strong></span> <span class='ocrx_word' id='word_1_326' title='bbox 814 3521 871 3582; x_wconf 82' lang='lat' dir='ltr'><strong>init</strong></span> <span class='ocrx_word' id='word_1_327' title='bbox 890 3520 1030 3583; x_wconf 87' lang='lat' dir='ltr'><strong>Galilaeo</strong></span> <span class='ocrx_word' id='word_1_328' title='bbox 1055 3521 1348 3601; x_wconf 84' lang='lat' dir='ltr'><strong>interiorplanities.</strong></span> <span class='ocrx_word' id='word_1_329' title='bbox 1386 3519 1505 3582; x_wconf 88' lang='lat' dir='ltr'><strong>Causas</strong></span> <span class='ocrx_word' id='word_1_330' title='bbox 1529 3519 1737 3581; x_wconf 82' lang='lat' dir='ltr'><strong>diversitatum</strong></span> 
     </span>
     <span class='ocr_line' id='line_1_34' title="bbox 380 3607 1733 3690; baseline -0.002 -20"><span class='ocrx_word' id='word_1_331' title='bbox 380 3610 505 3671; x_wconf 84' lang='lat' dir='ltr'><strong>reddam</strong></span> <span class='ocrx_word' id='word_1_332' title='bbox 528 3627 642 3669; x_wconf 91' lang='lat' dir='ltr'><strong>omnes.</strong></span> <span class='ocrx_word' id='word_1_333' title='bbox 689 3609 818 3670; x_wconf 89' lang='lat' dir='ltr'><strong>Primum</strong></span> <span class='ocrx_word' id='word_1_334' title='bbox 842 3609 1018 3689; x_wconf 79' lang='lat' dir='ltr'><strong>ignorabam</strong></span> <span class='ocrx_word' id='word_1_335' title='bbox 1041 3618 1130 3685; x_wconf 92' lang='lat' dir='ltr'><strong>tuuc,</strong></span> <span class='ocrx_word' id='word_1_336' title='bbox 1165 3611 1242 3690; x_wconf 92' lang='lat' dir='ltr'><strong>quod</strong></span> <span class='ocrx_word' id='word_1_337' title='bbox 1271 3611 1337 3688; x_wconf 88' lang='lat' dir='ltr'><strong>jam</strong></span> <span class='ocrx_word' id='word_1_338' title='bbox 1370 3617 1419 3670; x_wconf 91' lang='lat' dir='ltr'><strong>est</strong></span> <span class='ocrx_word' id='word_1_339' title='bbox 1442 3609 1680 3670; x_wconf 87' lang='lat' dir='ltr'><strong>demonstratum</strong></span> <span class='ocrx_word' id='word_1_340' title='bbox 1703 3607 1733 3667; x_wconf 86' lang='lat' dir='ltr'><strong>iu</strong></span> 
     </span>
     <span class='ocr_line' id='line_1_35' title="bbox 379 3695 1734 3777; baseline -0.003 -18"><span class='ocrx_word' id='word_1_341' title='bbox 379 3697 548 3777; x_wconf 89' lang='lat' dir='ltr'><strong>Dioptrice,</strong></span> <span class='ocrx_word' id='word_1_342' title='bbox 579 3697 655 3757; x_wconf 88' lang='lat' dir='ltr'><strong>situs</strong></span> <span class='ocrx_word' id='word_1_343' title='bbox 680 3698 898 3777; x_wconf 88' lang='lat' dir='ltr'><strong>aequipollere,</strong></span> <span class='ocrx_word' id='word_1_344' title='bbox 934 3719 989 3760; x_wconf 90' lang='lat' dir='ltr'><strong>nec</strong></span> <span class='ocrx_word' id='word_1_345' title='bbox 1017 3699 1258 3770; x_wconf 75' lang='lat' dir='ltr'><strong>interessentes</strong></span> <span class='ocrx_word' id='word_1_346' title='bbox 1281 3695 1455 3777; x_wconf 83' lang='lat' dir='ltr'><strong>superficies</strong></span> <span class='ocrx_word' id='word_1_347' title='bbox 1478 3696 1639 3758; x_wconf 87' lang='lat' dir='ltr'><strong>introrsum</strong></span> <span class='ocrx_word' id='word_1_348' title='bbox 1660 3713 1734 3755; x_wconf 80' lang='lat' dir='ltr'><strong>uer-</strong></span> 
     </span>
     <span class='ocr_line' id='line_1_36' title="bbox 380 3784 1736 3865; baseline -0.004 -16"><span class='ocrx_word' id='word_1_349' title='bbox 380 3797 463 3849; x_wconf 87' lang='lat' dir='ltr'><strong>tatur</strong></span> <span class='ocrx_word' id='word_1_350' title='bbox 486 3797 702 3847; x_wconf 84' lang='lat' dir='ltr'><strong>extrorsumve.</strong></span> <span class='ocrx_word' id='word_1_351' title='bbox 742 3787 859 3848; x_wconf 90' lang='lat' dir='ltr'><strong>Deinde</strong></span> <span class='ocrx_word' id='word_1_352' title='bbox 882 3788 1068 3865; x_wconf 82' lang='lat' dir='ltr'><strong>ignorabam,</strong></span> <span class='ocrx_word' id='word_1_353' title='bbox 1093 3787 1291 3849; x_wconf 79' lang='lat' dir='ltr'><strong>retractiones</strong></span> <span class='ocrx_word' id='word_1_354' title='bbox 1315 3785 1386 3848; x_wconf 88' lang='lat' dir='ltr'><strong>vitri</strong></span> <span class='ocrx_word' id='word_1_355' title='bbox 1409 3785 1457 3846; x_wconf 87' lang='lat' dir='ltr'><strong>vel</strong></span> <span class='ocrx_word' id='word_1_356' title='bbox 1481 3784 1618 3865; x_wconf 88' lang='lat' dir='ltr'><strong>crystalli</strong></span> <span class='ocrx_word' id='word_1_357' title='bbox 1642 3801 1736 3862; x_wconf 86' lang='lat' dir='ltr'><strong>usqua</strong></span> 
     </span>
     <span class='ocr_line' id='line_1_37' title="bbox 381 3872 1734 3954; baseline -0.004 -17"><span class='ocrx_word' id='word_1_358' title='bbox 381 3878 419 3937; x_wconf 88' lang='lat' dir='ltr'><strong>ad</strong></span> <span class='ocrx_word' id='word_1_359' title='bbox 444 3876 627 3936; x_wconf 89' lang='lat' dir='ltr'><strong>tricesimum</strong></span> <span class='ocrx_word' id='word_1_360' title='bbox 652 3877 777 3953; x_wconf 88' lang='lat' dir='ltr'><strong>gradum</strong></span> <span class='ocrx_word' id='word_1_361' title='bbox 800 3875 1001 3937; x_wconf 87' lang='lat' dir='ltr'><strong>inclinationis</strong></span> <span class='ocrx_word' id='word_1_362' title='bbox 1032 3878 1075 3937; x_wconf 91' lang='lat' dir='ltr'><strong>ad</strong></span> <span class='ocrx_word' id='word_1_363' title='bbox 1106 3895 1225 3937; x_wconf 89' lang='lat' dir='ltr'><strong>sensnm</strong></span> <span class='ocrx_word' id='word_1_364' title='bbox 1250 3874 1451 3954; x_wconf 87' lang='lat' dir='ltr'><strong>aequipollere</strong></span> <span class='ocrx_word' id='word_1_365' title='bbox 1475 3872 1734 3946; x_wconf 85' lang='lat' dir='ltr'><strong>inclinationibus3</strong></span> 
     </span>
     <span class='ocr_line' id='line_1_38' title="bbox 380 3961 1735 4043; baseline -0.004 -17"><span class='ocrx_word' id='word_1_366' title='bbox 380 3967 438 4027; x_wconf 91' lang='lat' dir='ltr'><strong>hoc</strong></span> <span class='ocrx_word' id='word_1_367' title='bbox 462 3963 612 4043; x_wconf 89' lang='lat' dir='ltr'><strong>posterius</strong></span> <span class='ocrx_word' id='word_1_368' title='bbox 637 3965 674 4026; x_wconf 92' lang='lat' dir='ltr'><strong>ab</strong></span> <span class='ocrx_word' id='word_1_369' title='bbox 699 3964 884 4042; x_wconf 89' lang='lat' dir='ltr'><strong>experientia</strong></span> <span class='ocrx_word' id='word_1_370' title='bbox 909 3967 965 4026; x_wconf 88' lang='lat' dir='ltr'><strong>fnit</strong></span> <span class='ocrx_word' id='word_1_371' title='bbox 988 3966 1191 4027; x_wconf 89' lang='lat' dir='ltr'><strong>mutuandum.</strong></span> <span class='ocrx_word' id='word_1_372' title='bbox 1224 3966 1304 4025; x_wconf 67' lang='lat' dir='ltr'><strong>⁴Hoc</strong></span> <span class='ocrx_word' id='word_1_373' title='bbox 1336 3981 1407 4024; x_wconf 84' lang='lat' dir='ltr'><strong>varo</strong></span> <span class='ocrx_word' id='word_1_374' title='bbox 1440 3963 1562 4023; x_wconf 87' lang='lat' dir='ltr'><strong>obtento</strong></span> <span class='ocrx_word' id='word_1_375' title='bbox 1592 3961 1735 4040; x_wconf 90' lang='lat' dir='ltr'><strong>sequitur,</strong></span> 
     </span>
     <span class='ocr_line' id='line_1_39' title="bbox 385 4049 1736 4135; baseline -0.002 -20"><span class='ocrx_word' id='word_1_376' title='bbox 385 4053 583 4135; x_wconf 86' lang='lat' dir='ltr'><strong>hyperbolem</strong></span> <span class='ocrx_word' id='word_1_377' title='bbox 603 4053 641 4113; x_wconf 89' lang='lat' dir='ltr'><strong>ad</strong></span> <span class='ocrx_word' id='word_1_378' title='bbox 661 4071 780 4115; x_wconf 86' lang='lat' dir='ltr'><strong>sensum</strong></span> <span class='ocrx_word' id='word_1_379' title='bbox 801 4055 872 4115; x_wconf 90' lang='lat' dir='ltr'><strong>nihil</strong></span> <span class='ocrx_word' id='word_1_380' title='bbox 893 4056 1011 4116; x_wconf 83' lang='lat' dir='ltr'><strong>differre</strong></span> <span class='ocrx_word' id='word_1_381' title='bbox 1027 4074 1046 4114; x_wconf 87' lang='lat' dir='ltr'><strong>a</strong></span> <span class='ocrx_word' id='word_1_382' title='bbox 1064 4072 1195 4115; x_wconf 87' lang='lat' dir='ltr'><strong>convexo</strong></span> <span class='ocrx_word' id='word_1_383' title='bbox 1220 4053 1379 4133; x_wconf 88' lang='lat' dir='ltr'><strong>sphaerico</strong></span> <span class='ocrx_word' id='word_1_384' title='bbox 1402 4052 1430 4112; x_wconf 94' lang='lat' dir='ltr'><strong>iu</strong></span> <span class='ocrx_word' id='word_1_385' title='bbox 1445 4059 1533 4113; x_wconf 88' lang='lat' dir='ltr'><strong>tanta</strong></span> <span class='ocrx_word' id='word_1_386' title='bbox 1556 4049 1736 4112; x_wconf 86' lang='lat' dir='ltr'><strong>subtilitate.</strong></span> 
     </span>
     <span class='ocr_line' id='line_1_40' title="bbox 381 4141 1736 4222; baseline -0.002 -19"><span class='ocrx_word' id='word_1_387' title='bbox 381 4142 463 4213; x_wconf 82' lang='lat' dir='ltr'><strong>Quid</strong></span> <span class='ocrx_word' id='word_1_388' title='bbox 486 4142 577 4221; x_wconf 89' lang='lat' dir='ltr'><strong>igitur</strong></span> <span class='ocrx_word' id='word_1_389' title='bbox 599 4142 766 4220; x_wconf 83' lang='lat' dir='ltr'><strong>planitias?</strong></span> <span class='ocrx_word' id='word_1_390' title='bbox 813 4141 906 4218; x_wconf 84' lang='lat' dir='ltr'><strong>Quia,</strong></span> <span class='ocrx_word' id='word_1_391' title='bbox 933 4145 1009 4222; x_wconf 94' lang='lat' dir='ltr'><strong>quod</strong></span> <span class='ocrx_word' id='word_1_392' title='bbox 1034 4154 1193 4220; x_wconf 90' lang='lat' dir='ltr'><strong>cognatum</strong></span> <span class='ocrx_word' id='word_1_393' title='bbox 1217 4152 1265 4204; x_wconf 90' lang='lat' dir='ltr'><strong>est</strong></span> <span class='ocrx_word' id='word_1_394' title='bbox 1294 4143 1403 4222; x_wconf 92' lang='lat' dir='ltr'><strong>primo,</strong></span> <span class='ocrx_word' id='word_1_395' title='bbox 1435 4141 1629 4220; x_wconf 88' lang='lat' dir='ltr'><strong>ignorabam,</strong></span> <span class='ocrx_word' id='word_1_396' title='bbox 1662 4157 1736 4201; x_wconf 70' lang='lat' dir='ltr'><strong>cous</strong></span> 
     </span>
     <span class='ocr_line' id='line_1_41' title="bbox 380 4229 1737 4311; baseline -0.001 -21"><span class='ocrx_word' id='word_1_397' title='bbox 380 4232 534 4292; x_wconf 90' lang='lat' dir='ltr'><strong>vexitates</strong></span> <span class='ocrx_word' id='word_1_398' title='bbox 558 4232 712 4311; x_wconf 89' lang='lat' dir='ltr'><strong>utriusque</strong></span> <span class='ocrx_word' id='word_1_399' title='bbox 735 4233 904 4310; x_wconf 84' lang='lat' dir='ltr'><strong>superficiei</strong></span> <span class='ocrx_word' id='word_1_400' title='bbox 935 4251 1025 4311; x_wconf 91' lang='lat' dir='ltr'><strong>posse</strong></span> <span class='ocrx_word' id='word_1_401' title='bbox 1059 4232 1240 4293; x_wconf 90' lang='lat' dir='ltr'><strong>accumulari</strong></span> <span class='ocrx_word' id='word_1_402' title='bbox 1263 4231 1293 4292; x_wconf 91' lang='lat' dir='ltr'><strong>in</strong></span> <span class='ocrx_word' id='word_1_403' title='bbox 1318 4249 1426 4302; x_wconf 91' lang='lat' dir='ltr'><strong>uuam,</strong></span> <span class='ocrx_word' id='word_1_404' title='bbox 1458 4230 1574 4310; x_wconf 89' lang='lat' dir='ltr'><strong>reliqua</strong></span> <span class='ocrx_word' id='word_1_405' title='bbox 1596 4229 1737 4290; x_wconf 77' lang='lat' dir='ltr'><strong>manente</strong></span> 
     </span>
     <span class='ocr_line' id='line_1_42' title="bbox 379 4317 1739 4401; baseline -0.003 -19"><span class='ocrx_word' id='word_1_406' title='bbox 379 4323 483 4401; x_wconf 86' lang='lat' dir='ltr'><strong>plana.</strong></span> <span class='ocrx_word' id='word_1_407' title='bbox 531 4317 665 4389; x_wconf 84' lang='lat' dir='ltr'><strong>Quarto:</strong></span> <span class='ocrx_word' id='word_1_408' title='bbox 689 4320 719 4381; x_wconf 93' lang='lat' dir='ltr'><strong>iu</strong></span> <span class='ocrx_word' id='word_1_409' title='bbox 744 4321 913 4382; x_wconf 88' lang='lat' dir='ltr'><strong>institutam</strong></span> <span class='ocrx_word' id='word_1_410' title='bbox 939 4322 1017 4381; x_wconf 91' lang='lat' dir='ltr'><strong>hanc</strong></span> <span class='ocrx_word' id='word_1_411' title='bbox 1041 4321 1257 4394; x_wconf 87' lang='lat' dir='ltr'><strong>subtilitatem,</strong></span> <span class='ocrx_word' id='word_1_412' title='bbox 1283 4328 1317 4381; x_wconf 93' lang='lat' dir='ltr'><strong>ut</strong></span> <span class='ocrx_word' id='word_1_413' title='bbox 1348 4320 1456 4380; x_wconf 91' lang='lat' dir='ltr'><strong>vitrum</strong></span> <span class='ocrx_word' id='word_1_414' title='bbox 1489 4319 1622 4380; x_wconf 85' lang='lat' dir='ltr'><strong>exterius</strong></span> <span class='ocrx_word' id='word_1_415' title='bbox 1655 4326 1739 4379; x_wconf 88' lang='lat' dir='ltr'><strong>esset</strong></span> 
     </span>
     <span class='ocr_line' id='line_1_43' title="bbox 379 4406 1737 4489; baseline -0.004 -18"><span class='ocrx_word' id='word_1_416' title='bbox 379 4409 508 4471; x_wconf 90' lang='lat' dir='ltr'><strong>circuitu</strong></span> <span class='ocrx_word' id='word_1_417' title='bbox 531 4406 585 4471; x_wconf 81' lang='lat'><strong>30‘</strong></span> <span class='ocrx_word' id='word_1_418' title='bbox 616 4428 779 4470; x_wconf 86' lang='lat' dir='ltr'><strong>convexum</strong></span> <span class='ocrx_word' id='word_1_419' title='bbox 810 4418 886 4485; x_wconf 83' lang='lat' dir='ltr'><strong>etc,</strong></span> <span class='ocrx_word' id='word_1_420' title='bbox 921 4429 968 4470; x_wconf 90' lang='lat' dir='ltr'><strong>me</strong></span> <span class='ocrx_word' id='word_1_421' title='bbox 991 4409 1046 4473; x_wconf 90' lang='lat' dir='ltr'><strong>hoc</strong></span> <span class='ocrx_word' id='word_1_422' title='bbox 1070 4410 1207 4484; x_wconf 87' lang='lat' dir='ltr'><strong>induxit,</strong></span> <span class='ocrx_word' id='word_1_423' title='bbox 1238 4410 1314 4489; x_wconf 91' lang='lat' dir='ltr'><strong>qnod</strong></span> <span class='ocrx_word' id='word_1_424' title='bbox 1339 4410 1463 4482; x_wconf 89' lang='lat' dir='ltr'><strong>scirem,</strong></span> <span class='ocrx_word' id='word_1_425' title='bbox 1497 4408 1607 4468; x_wconf 88' lang='lat' dir='ltr'><strong>vitrum</strong></span> <span class='ocrx_word' id='word_1_426' title='bbox 1631 4425 1737 4468; x_wconf 90' lang='lat' dir='ltr'><strong>cavum</strong></span> 
     </span>
     <span class='ocr_line' id='line_1_44' title="bbox 378 4496 1736 4578; baseline -0.004 -18"><span class='ocrx_word' id='word_1_427' title='bbox 378 4499 550 4578; x_wconf 89' lang='lat' dir='ltr'><strong>ponendum</strong></span> <span class='ocrx_word' id='word_1_428' title='bbox 575 4517 718 4559; x_wconf 90' lang='lat' dir='ltr'><strong>essenon</strong></span> <span class='ocrx_word' id='word_1_429' title='bbox 744 4499 831 4575; x_wconf 88' lang='lat' dir='ltr'><strong>longe</strong></span> <span class='ocrx_word' id='word_1_430' title='bbox 851 4520 869 4559; x_wconf 91' lang='lat' dir='ltr'><strong>a</strong></span> <span class='ocrx_word' id='word_1_431' title='bbox 888 4518 1033 4561; x_wconf 88' lang='lat' dir='ltr'><strong>concursu</strong></span> <span class='ocrx_word' id='word_1_432' title='bbox 1057 4499 1227 4572; x_wconf 89' lang='lat' dir='ltr'><strong>radiorum;</strong></span> <span class='ocrx_word' id='word_1_433' title='bbox 1252 4518 1321 4559; x_wconf 89' lang='lat' dir='ltr'><strong>nara</strong></span> <span class='ocrx_word' id='word_1_434' title='bbox 1341 4498 1385 4559; x_wconf 94' lang='lat' dir='ltr'><strong>sic</strong></span> <span class='ocrx_word' id='word_1_435' title='bbox 1408 4496 1549 4558; x_wconf 89' lang='lat' dir='ltr'><strong>instituta</strong></span> <span class='ocrx_word' id='word_1_436' title='bbox 1572 4496 1736 4566; x_wconf 89' lang='lat' dir='ltr'><strong>subtilitas,</strong></span> 
     </span>
     <span class='ocr_line' id='line_1_45' title="bbox 380 4582 1738 4665; baseline -0.003 -17"><span class='ocrx_word' id='word_1_437' title='bbox 380 4587 468 4648; x_wconf 91' lang='lat' dir='ltr'><strong>acsi</strong></span> <span class='ocrx_word' id='word_1_438' title='bbox 493 4589 522 4648; x_wconf 93' lang='lat' dir='ltr'><strong>in</strong></span> <span class='ocrx_word' id='word_1_439' title='bbox 547 4585 696 4664; x_wconf 90' lang='lat' dir='ltr'><strong>ipsissimo</strong></span> <span class='ocrx_word' id='word_1_440' title='bbox 726 4597 837 4665; x_wconf 90' lang='lat' dir='ltr'><strong>puncto</strong></span> <span class='ocrx_word' id='word_1_441' title='bbox 868 4608 1030 4649; x_wconf 87' lang='lat' dir='ltr'><strong>concursus</strong></span> <span class='ocrx_word' id='word_1_442' title='bbox 1061 4589 1266 4649; x_wconf 90' lang='lat' dir='ltr'><strong>collocandum</strong></span> <span class='ocrx_word' id='word_1_443' title='bbox 1297 4595 1379 4647; x_wconf 89' lang='lat' dir='ltr'><strong>esset</strong></span> <span class='ocrx_word' id='word_1_444' title='bbox 1406 4586 1535 4659; x_wconf 88' lang='lat' dir='ltr'><strong>vitrum,</strong></span> <span class='ocrx_word' id='word_1_445' title='bbox 1569 4585 1647 4664; x_wconf 92' lang='lat' dir='ltr'><strong>quod</strong></span> <span class='ocrx_word' id='word_1_446' title='bbox 1675 4582 1738 4645; x_wconf 87' lang='lat' dir='ltr'><strong>fieri</strong></span> 
     </span>
     <span class='ocr_line' id='line_1_46' title="bbox 380 4674 1737 4755; baseline -0.004 -19"><span class='ocrx_word' id='word_1_447' title='bbox 380 4696 440 4737; x_wconf 92' lang='lat' dir='ltr'><strong>non</strong></span> <span class='ocrx_word' id='word_1_448' title='bbox 465 4684 578 4755; x_wconf 89' lang='lat' dir='ltr'><strong>potest.</strong></span> <span class='ocrx_word' id='word_1_449' title='bbox 627 4674 701 4737; x_wconf 89' lang='lat' dir='ltr'><strong>Cam</strong></span> <span class='ocrx_word' id='word_1_450' title='bbox 727 4695 798 4752; x_wconf 83' lang='lat' dir='ltr'><strong>ergo</strong></span> <span class='ocrx_word' id='word_1_451' title='bbox 823 4676 936 4737; x_wconf 89' lang='lat' dir='ltr'><strong>distare</strong></span> <span class='ocrx_word' id='word_1_452' title='bbox 966 4677 1077 4737; x_wconf 88' lang='lat' dir='ltr'><strong>debeat</strong></span> <span class='ocrx_word' id='word_1_453' title='bbox 1104 4696 1210 4737; x_wconf 91' lang='lat' dir='ltr'><strong>cavum</strong></span> <span class='ocrx_word' id='word_1_454' title='bbox 1244 4675 1283 4735; x_wconf 92' lang='lat' dir='ltr'><strong>ab</strong></span> <span class='ocrx_word' id='word_1_455' title='bbox 1315 4676 1371 4736; x_wconf 94' lang='lat' dir='ltr'><strong>hoc</strong></span> <span class='ocrx_word' id='word_1_456' title='bbox 1401 4676 1549 4735; x_wconf 90' lang='lat' dir='ltr'><strong>radiorum</strong></span> <span class='ocrx_word' id='word_1_457' title='bbox 1583 4691 1737 4746; x_wconf 86' lang='lat' dir='ltr'><strong>concursu,</strong></span> 
     </span>
    </p>
   </div>
   <div class='ocr_carea' id='block_1_4' title="bbox 375 4763 1826 4842">
    <p class='ocr_par' dir='ltr' id='par_1_5' title="bbox 375 4763 1826 4842">
     <span class='ocr_line' id='line_1_47' title="bbox 375 4763 1826 4842; baseline -0.001 -18"><span class='ocrx_word' id='word_1_458' title='bbox 375 4767 444 4842; x_wconf 88' lang='lat' dir='ltr'><strong>jam</strong></span> <span class='ocrx_word' id='word_1_459' title='bbox 470 4764 561 4842; x_wconf 86' lang='lat' dir='ltr'><strong>igitur</strong></span> <span class='ocrx_word' id='word_1_460' title='bbox 585 4765 680 4825; x_wconf 91' lang='lat' dir='ltr'><strong>omnis</strong></span> <span class='ocrx_word' id='word_1_461' title='bbox 705 4766 758 4826; x_wconf 89' lang='lat' dir='ltr'><strong>illa</strong></span> <span class='ocrx_word' id='word_1_462' title='bbox 783 4765 914 4825; x_wconf 85' lang='lat' dir='ltr'><strong>fabricae</strong></span> <span class='ocrx_word' id='word_1_463' title='bbox 939 4785 1025 4826; x_wconf 89' lang='lat' dir='ltr'><strong>meae</strong></span> <span class='ocrx_word' id='word_1_464' title='bbox 1049 4765 1220 4839; x_wconf 87' lang='lat' dir='ltr'><strong>subtilitas,</strong></span> <span class='ocrx_word' id='word_1_465' title='bbox 1253 4783 1340 4825; x_wconf 90' lang='lat' dir='ltr'><strong>ame</strong></span> <span class='ocrx_word' id='word_1_466' title='bbox 1365 4764 1541 4825; x_wconf 90' lang='lat' dir='ltr'><strong>meticulose</strong></span> <span class='ocrx_word' id='word_1_467' title='bbox 1565 4763 1737 4834; x_wconf 87' lang='lat' dir='ltr'><strong>observata,</strong></span> <span class='ocrx_word' id='word_1_468' title='bbox 1821 4780 1826 4789; x_wconf 94' lang='lat'>·</span> 
     </span>
    </p>
   </div>
   <div class='ocr_carea' id='block_1_5' title="bbox 378 4851 1739 5199">
    <p class='ocr_par' dir='ltr' id='par_1_6' title="bbox 378 4851 1739 5199">
     <span class='ocr_line' id='line_1_48' title="bbox 378 4851 1737 4932; baseline -0.002 -19"><span class='ocrx_word' id='word_1_469' title='bbox 378 4852 468 4914; x_wconf 91' lang='lat' dir='ltr'><strong>irrita</strong></span> <span class='ocrx_word' id='word_1_470' title='bbox 492 4852 636 4926; x_wconf 82' lang='lat' dir='ltr'><strong>efficitur3</strong></span> <span class='ocrx_word' id='word_1_471' title='bbox 662 4854 719 4914; x_wconf 88' lang='lat' dir='ltr'><strong>etsi</strong></span> <span class='ocrx_word' id='word_1_472' title='bbox 744 4855 768 4913; x_wconf 90' lang='lat' dir='ltr'><strong>si</strong></span> <span class='ocrx_word' id='word_1_473' title='bbox 794 4854 1006 4915; x_wconf 87' lang='lat' dir='ltr'><strong>observaretur</strong></span> <span class='ocrx_word' id='word_1_474' title='bbox 1030 4873 1087 4914; x_wconf 92' lang='lat' dir='ltr'><strong>non</strong></span> <span class='ocrx_word' id='word_1_475' title='bbox 1113 4853 1272 4932; x_wconf 89' lang='lat' dir='ltr'><strong>impediret</strong></span> <span class='ocrx_word' id='word_1_476' title='bbox 1295 4855 1453 4927; x_wconf 84' lang='lat' dir='ltr'><strong>ellectum,</strong></span> <span class='ocrx_word' id='word_1_477' title='bbox 1480 4852 1604 4928; x_wconf 83' lang='lat' dir='ltr'><strong>juvaret</strong></span> <span class='ocrx_word' id='word_1_478' title='bbox 1627 4851 1737 4930; x_wconf 90' lang='lat' dir='ltr'><strong>potius.</strong></span> 
     </span>
     <span class='ocr_line' id='line_1_49' title="bbox 378 4937 1737 5020; baseline -0.003 -18"><span class='ocrx_word' id='word_1_479' title='bbox 378 4945 468 5003; x_wconf 87' lang='lat' dir='ltr'><strong>Hauc</strong></span> <span class='ocrx_word' id='word_1_480' title='bbox 492 4943 592 5020; x_wconf 90' lang='lat' dir='ltr'><strong>itaque</strong></span> <span class='ocrx_word' id='word_1_481' title='bbox 617 4942 739 5020; x_wconf 84' lang='lat' dir='ltr'><strong>plagam</strong></span> <span class='ocrx_word' id='word_1_482' title='bbox 764 4960 820 5003; x_wconf 74' lang='lat' dir='ltr'><strong>raon</strong></span> <span class='ocrx_word' id='word_1_483' title='bbox 847 4944 1023 5015; x_wconf 92' lang='lat' dir='ltr'><strong>declinabo;</strong></span> <span class='ocrx_word' id='word_1_484' title='bbox 1049 4949 1130 5003; x_wconf 88' lang='lat' dir='ltr'><strong>recte</strong></span> <span class='ocrx_word' id='word_1_485' title='bbox 1155 4942 1260 5003; x_wconf 86' lang='lat' dir='ltr'><strong>sentis.</strong></span> <span class='ocrx_word' id='word_1_486' title='bbox 1308 4943 1375 5003; x_wconf 75' lang='lat' dir='ltr'><strong>hon</strong></span> <span class='ocrx_word' id='word_1_487' title='bbox 1400 4950 1518 5001; x_wconf 91' lang='lat' dir='ltr'><strong>tantum</strong></span> <span class='ocrx_word' id='word_1_488' title='bbox 1543 4948 1576 5001; x_wconf 90' lang='lat' dir='ltr'><strong>tn</strong></span> <span class='ocrx_word' id='word_1_489' title='bbox 1600 4941 1629 5001; x_wconf 94' lang='lat' dir='ltr'><strong>iu</strong></span> <span class='ocrx_word' id='word_1_490' title='bbox 1645 4937 1737 5000; x_wconf 88' lang='lat' dir='ltr'><strong>Gali-</strong></span> 
     </span>
     <span class='ocr_line' id='line_1_50' title="bbox 378 5028 1739 5111; baseline -0.002 -19"><span class='ocrx_word' id='word_1_491' title='bbox 378 5031 441 5092; x_wconf 87' lang='lat' dir='ltr'><strong>laei</strong></span> <span class='ocrx_word' id='word_1_492' title='bbox 465 5031 662 5091; x_wconf 90' lang='lat' dir='ltr'><strong>instrumento</strong></span> <span class='ocrx_word' id='word_1_493' title='bbox 687 5033 800 5091; x_wconf 83' lang='lat' dir='ltr'><strong>frustra</strong></span> <span class='ocrx_word' id='word_1_494' title='bbox 824 5032 1043 5092; x_wconf 87' lang='lat' dir='ltr'><strong>consectareris</strong></span> <span class='ocrx_word' id='word_1_495' title='bbox 1067 5032 1178 5111; x_wconf 86' lang='lat' dir='ltr'><strong>gradus</strong></span> <span class='ocrx_word' id='word_1_496' title='bbox 1203 5039 1235 5091; x_wconf 92' lang='lat' dir='ltr'><strong>et</strong></span> <span class='ocrx_word' id='word_1_497' title='bbox 1257 5030 1392 5104; x_wconf 88' lang='lat' dir='ltr'><strong>minuta,</strong></span> <span class='ocrx_word' id='word_1_498' title='bbox 1423 5029 1493 5109; x_wconf 92' lang='lat' dir='ltr'><strong>quia</strong></span> <span class='ocrx_word' id='word_1_499' title='bbox 1517 5028 1675 5090; x_wconf 88' lang='lat' dir='ltr'><strong>Galilaeus</strong></span> <span class='ocrx_word' id='word_1_500' title='bbox 1699 5028 1739 5088; x_wconf 85' lang='lat' dir='ltr'><strong>sd</strong></span> 
     </span>
     <span class='ocr_line' id='line_1_51' title="bbox 379 5116 1738 5199; baseline -0.003 -16"><span class='ocrx_word' id='word_1_501' title='bbox 379 5138 534 5183; x_wconf 90' lang='lat' dir='ltr'><strong>numerum</strong></span> <span class='ocrx_word' id='word_1_502' title='bbox 560 5138 618 5180; x_wconf 93' lang='lat' dir='ltr'><strong>nou</strong></span> <span class='ocrx_word' id='word_1_503' title='bbox 643 5120 791 5198; x_wconf 90' lang='lat' dir='ltr'><strong>respexit,</strong></span> <span class='ocrx_word' id='word_1_504' title='bbox 826 5122 878 5181; x_wconf 86' lang='lat' dir='ltr'><strong>sed</strong></span> <span class='ocrx_word' id='word_1_505' title='bbox 911 5120 1114 5182; x_wconf 89' lang='lat' dir='ltr'><strong>mechanicam</strong></span> <span class='ocrx_word' id='word_1_506' title='bbox 1148 5118 1385 5199; x_wconf 87' lang='lat' dir='ltr'><strong>explorationem</strong></span> <span class='ocrx_word' id='word_1_507' title='bbox 1415 5118 1591 5197; x_wconf 90' lang='lat' dir='ltr'><strong>magistram</strong></span> <span class='ocrx_word' id='word_1_508' title='bbox 1625 5116 1738 5191; x_wconf 87' lang='lat' dir='ltr'><strong>habuit,</strong></span> 
     </span>
    </p>
   </div>
   <div class='ocr_carea' id='block_1_6' title="bbox 0 0 2297 6192">
    <p class='ocr_par' dir='ltr' id='par_1_7' title="bbox 0 0 2297 6192">
     <span class='ocr_line' id='line_1_52' title="bbox 0 0 2297 6192; baseline 0 0"><span class='ocrx_word' id='word_1_509' title='bbox 0 0 2297 6192; x_wconf 95' lang='lat' dir='ltr'><strong> </strong></span> 
     </span>
    </p>
   </div>
  </div>
 </body>
</html>
