4584 6192
973 559 1055 624 caput
1071 560 1117 610 rv.
1140 559 1165 609 a.
1548 516 1551 521 ⁸
1684 566 1748 631 207

391 745 519 790 munem.
559 727 779 811 Comparentur
802 733 903 812 itaque
927 735 1079 815 simplices
1104 736 1300 798 refractiones
1325 738 1487 800 earundem
1503 740 1746 806 inclinationum:

391 834 427 877 ne
451 815 588 896 imponat
611 820 749 882 diversus
773 823 862 883 medii
891 825 1043 904 utriusque
1077 826 1154 886 situs
1183 826 1220 886 ad
1251 827 1431 887 incidentem
1465 829 1589 890 eundem
1618 833 1745 893 radium.

392 904 434 966 Ut
455 925 539 985 prop.
573 906 605 970 8.
634 909 721 989 hujus
750 910 858 990 capitis
891 913 917 971 in
949 912 1142 974 inclinatione
1177 912 1237 976 80⁰
1267 915 1396 993 simplex
1428 917 1503 976 radii
1538 921 1679 980 retractio
1710 941 1747 982 ex

392 1000 460 1054 aere
491 994 521 1055 in
556 1016 666 1077 aquam
698 1007 746 1059 est
781 996 924 1061 19017‘.
971 1002 1005 1061 ln
1040 1003 1145 1062 eadem
1180 1003 1372 1064 inclinatione
1403 999 1465 1066 80⁰
1494 1025 1579 1085 prop.
1605 1004 1634 1070 9.
1660 1008 1746 1087 hujus

392 1082 500 1160 capitis
531 1087 661 1164 simplex
689 1088 765 1148 radii
799 1090 942 1149 infractio
972 1109 1009 1149 ex
1041 1093 1163 1152 aethere
1194 1090 1221 1150 in
1255 1099 1354 1152 adrem
1390 1101 1438 1152 est
1461 1091 1535 1155 59¹¹.
1585 1097 1682 1174 Igitur
1710 1118 1748 1158 ex

392 1171 514 1233 aethere
539 1174 568 1233 in
593 1194 702 1255 aquam
732 1184 815 1237 esset
838 1179 979 1240 refractio
1005 1180 1131 1258 simplex
1161 1177 1217 1244 19⁰
1242 1178 1299 1241 18¹.
1332 1181 1490 1259 Proportio
1515 1183 1616 1263 itaque
1641 1187 1747 1247 eadem

392 1277 467 1339 quae
501 1262 628 1325 unitatis
653 1265 691 1325 ad
719 1259 858 1345 trull,
905 1268 1000 1347 Atqui
1033 1269 1229 1329 refractiones
1263 1270 1432 1347 hujusmodi
1461 1281 1588 1332 causata
1616 1283 1664 1335 est
1694 1275 1747 1336 illa

391 1349 576 1412 solummodo
601 1353 746 1428 densitas,
771 1374 847 1433 quae
871 1358 1079 1417 consideratur
1102 1358 1131 1417 in
1148 1358 1227 1419 linea
1247 1368 1338 1432 recta,
1364 1367 1524 1437 propterea
1539 1361 1616 1439 quod
1636 1381 1744 1441 super-

392 1437 472 1498 ficies
495 1440 689 1503 refractionis
713 1443 822 1522 opticis
847 1445 937 1515 dicta,
963 1446 1149 1524 superficiem
1174 1447 1322 1506 densioris
1347 1468 1464 1519 secans,
1489 1450 1654 1510 sectionem
1669 1471 1744 1513 con-

392 1526 490 1587 stitnit
515 1529 634 1592 lineam.
682 1531 729 1592 Ac
753 1533 810 1594 etsi
837 1534 942 1594 eadem
967 1536 1139 1613 superficies
1164 1555 1270 1613 corpus
1296 1536 1416 1597 densius
1441 1556 1548 1597 secans
1578 1541 1743 1601 sectionem

392 1616 549 1678 constituit
582 1621 787 1698 superficiem,
827 1624 1064 1684 demonstratum
1089 1633 1188 1685 tarnon
1222 1634 1270 1685 est
1294 1625 1393 1704 capite
1427 1625 1539 1703 primo,
1577 1629 1689 1690 nullam
1714 1630 1744 1688 iu

393 1723 514 1783 corpore
550 1708 660 1782 denso,
695 1710 748 1771 sed
774 1730 890 1772 omnem
923 1713 951 1772 in
985 1714 1138 1790 superficie
1169 1713 1229 1773 fieri
1254 1714 1475 1775 refractionem.
1525 1717 1630 1795 ltaque
1655 1717 1681 1778 si
1707 1737 1744 1777 ex

392 1800 515 1873 utroque
549 1799 750 1876 proportionis
783 1802 910 1861 termino
935 1801 1040 1862 cubum
1074 1803 1226 1874 efl'eceriS,
1251 1803 1474 1881 proportionem
1506 1822 1662 1882 corporum
1695 1806 1743 1866 in-

392 1884 490 1943 venies
515 1904 608 1945 causa
633 1888 792 1949 densitatis
817 1910 892 1962 earm
919 1909 994 1969 quae
1020 1901 1068 1950 est
1091 1891 1196 1951 interl
1221 1887 1498 1967 et1633304682,
1523 1894 1586 1953 h'ec
1611 1894 1740 1968 dubium,

391 1969 414 2030 si
438 1972 504 2049 quis
528 1973 558 2033 in
582 1994 655 2053 puro
679 1977 801 2037 aethere
835 1979 1024 2052 consisteret,
1061 1981 1199 2040 funderet
1231 1980 1298 2039 hinc
1327 1980 1338 2041 l
1368 1980 1508 2060 cyathum
1534 2000 1639 2061 aquae,
1674 1983 1742 2043 indo

391 2059 520 2122 sedecim
544 2065 698 2143 myriadas
723 2067 886 2145 myriadum
912 2069 1087 2147 cyathorum
1121 2070 1221 2141 acris,
1252 2069 1321 2148 quin
1347 2069 1420 2129 haec
1445 2072 1744 2148 aequeponderatura

391 2148 457 2209 siut.
496 2150 537 2210 Et
560 2151 588 2212 iu
614 2173 742 2228 camera,
768 2176 820 2216 seu
845 2157 919 2218 cubo
947 2155 985 2217 12
1014 2159 1105 2234 pedes
1132 2159 1229 2234 longo,
1265 2159 1325 2218 lato
1350 2165 1381 2216 et
1404 2157 1466 2217 alto
1491 2177 1548 2217 non
1573 2159 1641 2237 plus
1666 2161 1745 2220 inest

391 2240 544 2307 materiae,
569 2260 636 2302 curn
660 2251 729 2304 a'ere
758 2245 809 2306 illo
840 2247 1010 2324 purissimo,
1046 2247 1093 2324 qui
1128 2246 1243 2306 aetheri
1278 2246 1435 2323 contiguus
1460 2254 1517 2317 est,
1552 2250 1659 2325 plenus
1684 2258 1743 2320 est,

391 2344 476 2405 quam
499 2327 529 2389 in
555 2330 675 2392 cubisco
700 2352 805 2412 aquae,
845 2335 893 2414 qui
917 2341 1004 2415 patet
1036 2354 1090 2412 per
1118 2343 1256 2395 octavam
1284 2343 1402 2413 partem
1433 2335 1551 2412 pollicis
1585 2336 1614 2396 in
1639 2357 1743 2397 omnes

392 2416 603 2481 dimensiones.
650 2422 762 2483 Dubito
788 2434 888 2484 tamen
918 2426 998 2502 ipse,
1024 2444 1060 2483 au
1087 2444 1142 2484 non
1169 2424 1299 2484 sufficiat
1326 2424 1478 2502 quadrare
1503 2424 1646 2485 terminos
1669 2444 1743 2504 pro-

390 2507 574 2586 portionum:
605 2530 659 2571 seu
681 2512 782 2589 potins
806 2512 1003 2591 multiplicare
1036 2514 1120 2591 ipsos
1149 2514 1178 2573 in
1212 2532 1283 2572 suas
1316 2512 1443 2586 radices,
1475 2521 1635 2591 propterea
1666 2515 1743 2595 quod

391 2595 454 2676 ipsa
477 2600 684 2678 corpulentiae
709 2601 844 2661 densitas
870 2603 896 2661 iu
923 2603 1077 2679 superficie
1108 2602 1196 2662 medii
1228 2608 1473 2678 repraesentatur
1505 2600 1597 2680 (Cap.
1623 2603 1647 2669 Ι,
1676 2600 1742 2677 13).

391 2683 449 2747 Sed
472 2707 569 2768 neque
589 2697 638 2750 est
661 2689 735 2749 baec
758 2692 912 2769 proportio
936 2701 1099 2771 perpetua:
1130 2711 1184 2751 nec
1208 2689 1266 2751 nisi
1290 2689 1316 2749 ei
1341 2690 1420 2768 parti
1445 2690 1524 2749 aeris
1554 2692 1742 2764 ascribenda,

392 2792 463 2853 qnae
487 2776 574 2837 coelo
600 2778 758 2838 defaecato
774 2797 914 2857 suprema
937 2789 1065 2858 occupat
1089 2780 1199 2858 spatia.
1238 2776 1297 2848 Qui
1322 2797 1392 2838 vero
1416 2797 1510 2856 vapor
1525 2798 1562 2838 ex
1586 2780 1653 2841 ollis
1680 2782 1742 2841 fer-

390 2864 526 2926 ventibus
551 2867 659 2928 ebullit
681 2868 815 2947 adeoque
840 2877 872 2928 et
896 2869 930 2940 is,
965 2870 1012 2947 qni
1038 2871 1158 2946 pluviae
1182 2867 1308 2928 instanti
1333 2868 1492 2928 materiam
1524 2870 1673 2945 praebens
1706 2887 1743 2930 ex

391 2952 514 3015 altorum
538 2955 684 3017 montium
708 2957 845 3017 cauernis
869 2957 1010 3035 prodiens
1035 2958 1150 3018 coelum
1180 2957 1308 3034 caligine
1342 2956 1494 3027 suffundit,
1524 2976 1620 3036 aquae
1648 2958 1742 3018 multo

391 3048 434 3102 cst
455 3044 595 3122 propior:
620 3045 649 3104 in
675 3065 762 3124 quam
787 3055 818 3106 et
842 3046 945 3106 statim
971 3046 1097 3125 cogitur.

475 3132 544 3192 Non
576 3133 697 3212 ignom,
732 3155 768 3195 ne
799 3136 922 3208 credas,
948 3155 994 3195 me
1027 3135 1218 3216 physicorum
1256 3131 1516 3210 reprehensionem
1546 3133 1741 3207 incursurum,
1795 3173 1799 3184 ι

390 3223 434 3301 qui
458 3230 558 3284 aerem
584 3233 616 3285 et
639 3225 686 3284 hic
710 3232 742 3283 et
765 3232 857 3284 antea
880 3243 1003 3303 grauem
1027 3245 1079 3284 seu
1103 3223 1304 3302 ponderosum
1333 3239 1400 3280 esse
1430 3230 1572 3283 statuam.
1619 3225 1664 3283 At
1695 3241 1741 3283 me

390 3312 428 3371 sic
451 3313 556 3373 docuit
579 3313 671 3373 totius
696 3322 821 3374 naturae
846 3313 1075 3390 contemplatio:
1111 3311 1179 3391 quin
1205 3310 1301 3370 eidem
1325 3328 1390 3369 cum
1416 3308 1556 3371 Cardano
1580 3311 1740 3391 multisque

389 3401 452 3461 aliis
475 3401 561 3480 hujus
587 3403 700 3462 aetatis
724 3401 994 3480 praestantissimis
1030 3400 1217 3480 philosophis
1251 3399 1343 3459 etiam
1373 3397 1572 3477 frigiditatem
1603 3400 1740 3460 ascribo:

390 3507 438 3550 nec
462 3490 550 3550 video
575 3491 645 3569 qnid
671 3491 829 3551 Aristoteli
853 3491 994 3568 supersit,
1030 3510 1086 3569 quo
1111 3489 1249 3550 absolute
1284 3488 1379 3548 levem
1408 3495 1440 3546 et
1473 3488 1602 3549 calidum
1633 3497 1741 3567 suapte

389 3586 492 3639 natura
526 3579 679 3649 defendat,
719 3580 743 3639 si
778 3599 865 3640 unam
898 3580 924 3639 ei
960 3579 1212 3639 combinationem
1240 3576 1418 3655 qualitatum
1454 3578 1581 3638 adimas.
1633 3578 1740 3657 Neque

389 3667 531 3728 medicina
562 3687 657 3747 neque
690 3668 880 3749 physiologia
910 3668 1104 3745 periclitatur,
1150 3666 1307 3726 dummodo
1340 3673 1513 3742 comparate
1544 3672 1576 3724 et
1603 3665 1678 3725 levis
1709 3672 1741 3724 et

389 3755 575 3817 calefactioni
599 3757 696 3835 magis
721 3767 809 3835 aptus
833 3767 964 3817 maneat.
1004 3755 1065 3817 Sed
1090 3758 1125 3816 de
1151 3755 1198 3815 his
1222 3753 1293 3813 alibi
1319 3753 1499 3813 commodior
1523 3754 1639 3814 dicendi
1657 3754 1739 3813 locus

390 3844 459 3905 erit:
485 3852 518 3905 et
541 3845 652 3906 dictum
678 3846 808 3906 nonnihil
835 3845 864 3905 iu
885 3846 1019 3905 thesibus
1045 3846 1119 3904 meis
1144 3842 1346 3920 astrologicis.
1394 3849 1462 3908 (Vol.
1482 3851 1503 3906 l,
1523 3867 1546 3914 p.
1567 3849 1618 3898 tlt
1637 3848 1683 3910 ss.)

400 3973 402 3977 -
471 3934 805 4011 PropositioXl.
853 3933 1093 3994 ProblemalV.
1141 3935 1197 3993 Ex
1227 3930 1737 3991 refractionibusaltitu-

326 4023 329 4028 '
391 4019 520 4083 dinem
551 4024 667 4083 afris
698 4023 866 4083 aTcrra
897 4021 1177 4101 investigare.
1225 4020 1303 4079 h'arn
1341 4018 1409 4097 quia
1447 4019 1538 4079 fluida
1575 4027 1623 4078 est
1659 4018 1738 4079 aeris

389 4110 517 4184 materia,
544 4112 625 4190 quod
647 4120 804 4172 ventorum
838 4112 915 4171 ratio
945 4112 1053 4189 arguit,
1085 4112 1132 4190 qui
1163 4117 1232 4170 sunt
1260 4127 1327 4168 mea
1357 4108 1509 4167 sententia
1546 4107 1619 4168 nihil
1657 4107 1738 4167 aliud

390 4214 468 4274 quam
509 4199 645 4260 ebullitio
685 4201 808 4277 copiosa
846 4220 882 4259 cx
911 4200 1060 4260 montibus
1092 4197 1257 4269 altissimis
1297 4196 1373 4255 unde
1403 4205 1509 4273 suapte
1541 4205 1649 4257 uatnra
1677 4196 1738 4256 irua

389 4304 496 4348 rursum
522 4295 632 4366 petens
656 4289 784 4350 materia
816 4289 907 4365 (quod
933 4308 989 4348 non
1015 4297 1064 4347 est
1093 4289 1221 4347 alienum
1251 4284 1289 4344 ab
1317 4283 1495 4357 Aristotele,
1525 4286 1659 4345 sectione
1683 4282 1737 4347 25.

389 4376 477 4450 pmbl.
507 4374 575 4449 13.)
599 4377 708 4437 circulo
733 4377 979 4437 circumfunditur·
1011 4385 1141 4437 montem
1176 4374 1339 4451 existitque
1369 4392 1406 4431 en
1439 4372 1537 4451 prima
1561 4373 1738 4452 impulsione

343 4489 347 4496 ·
388 4464 509 4525 circulus
540 4465 617 4526 alius
651 4485 688 4525 ex
717 4466 792 4536 aliu,
832 4474 865 4524 ut
898 4474 929 4523 et
954 4466 981 4523 iu
1012 4465 1096 4543 aquis
1126 4461 1356 4543 stagnantibus:
1396 4461 1531 4540 sequitur
1563 4482 1634 4541 ergo
1659 4464 1736 4532 hinc,

387 4555 457 4630 quod
483 4554 689 4637 propositione
714 4574 792 4613 riona
817 4554 901 4631 lurjus
925 4553 1034 4631 capitis
1059 4562 1106 4613 est
1126 4559 1310 4629 usurpatum,
1338 4559 1369 4607 ut
1393 4550 1472 4610 aeris
1496 4552 1625 4610 materia
1639 4552 1736 4611 circu-

385 4639 484 4703 lariter
508 4644 621 4703 Terrae
646 4644 747 4703 orbem
773 4644 981 4719 amplectatur.
1018 4643 1183 4719 Propterea
1207 4640 1245 4701 ad
1269 4638 1509 4716 investigandam
1526 4638 1736 4724 refractionum

384 4729 459 4792 atris
474 4750 646 4792 mensuram
660 4732 749 4810 plane
765 4750 839 4810 opus
852 4731 906 4791 fuit
917 4730 1121 4809 suppositione
1137 4726 1304 4790 altitudinis
1320 4726 1466 4804 sphaerae
1478 4727 1566 4788 a'oris.
1590 4727 1638 4788 Ea
1648 4727 1738 4806 igitur

384 4838 468 4898 quarn
487 4821 623 4898 proxime
647 4821 705 4880 erit
720 4820 848 4880 altitudo
872 4819 961 4890 aeris,
986 4819 1071 4897 cnjus
1087 4837 1124 4879 ex
1139 4814 1345 4897 suppositione
1369 4815 1407 4875 ad
1422 4815 1635 4877 refractionum
1651 4834 1736 4875 men·

380 4927 478 4969 suram
502 4927 593 4987 quam
617 4909 749 4986 proxime
774 4908 965 4968 accessimus.
993 4907 1061 4966 Fuit
1076 4914 1176 4967 autem
1201 4924 1291 4985 supra
1313 4902 1372 4963 ΕΑ
1395 4912 1460 4977 (Fig.
1481 4909 1527 4971 nl)
1554 4901 1737 4973 10005578,

381 4997 512 5075 qualium
536 5018 555 5057 a
579 5006 683 5058 centro
708 4995 871 5057 Terrae'A
896 4997 924 5055 in
950 4995 1134 5072 superficiem
1159 4995 1224 5071 ejus
1249 4996 1331 5054 fuere
1362 4989 1542 5054 10000000.
1576 4993 1657 5072 Ergo
1681 5012 1735 5073 per

379 5086 515 5164 regulam
530 5084 763 5165 proportionum,
789 5086 815 5145 si
845 5082 1015 5145 10000000
1040 5083 1113 5144 fiant
1128 5080 1194 5145 860
1209 5078 1350 5144 milliaria
1366 5077 1549 5142 Germanica
1572 5082 1734 5144 secundum
