4584 6192
571 624 638 694 33ss
1064 620 1238 671 Aoaooonloe
1256 620 1318 674 Pars
1336 621 1434 688 opuoo

660 802 707 866 At
724 802 790 883 jam
812 796 1017 881 propositione
1041 789 1094 859 51.
1119 796 1193 859 nibil
1218 796 1275 859 nisi
1300 795 1500 877 Copemicum
1524 795 1624 877 sapit:
1646 808 1688 871 si,
1710 794 1816 877 inquit,
1832 808 1931 879 aliqua

570 896 698 951 ferantur
723 892 867 947 celeritate
897 886 1049 957 inaequali,
1082 886 1208 958 interque
1229 904 1265 941 ea
1285 896 1316 941 et
1341 890 1454 944 oculus:
1486 905 1521 943 ea
1548 904 1620 959 qnae
1648 890 1744 942 eadem
1766 902 1827 943 cum
1848 889 1930 942 oculo

571 975 716 1031 celeritate
738 974 872 1036 feruntur,
893 975 969 1023 stare
989 967 1171 1037 putabuntur,
1193 984 1266 1038 quae
1288 969 1394 1024 tardius
1410 969 1497 1033 oculo,
1519 969 1547 1022 in
1562 968 1730 1024 contrarium
1748 968 1834 1030 ferri:
1857 983 1930 1039 quae

573 1063 699 1129 celerius,
720 1063 896 1133 praeoedere.
939 1046 1023 1108 Nihil
1056 1064 1111 1126 ego
1144 1046 1203 1108 nisi
1234 1047 1330 1109 verba
1362 1048 1494 1110 mutabo.
1542 1047 1576 1109 Si
1601 1049 1736 1110 ferantur
1758 1048 1788 1107 in
1817 1066 1929 1109 eonse-

571 1141 700 1225 quentia.
717 1142 860 1222 planetae
883 1145 915 1198 et
936 1134 1041 1208 Terra,
1065 1135 1147 1197 visus
1170 1135 1265 1198 nostri
1289 1138 1413 1216 specula
1436 1137 1482 1209 (id
1506 1144 1607 1198 autem
1630 1137 1664 1199 fit
1685 1136 1716 1197 in
1738 1136 1930 1198 semicirculo

573 1229 655 1293 orbis
678 1228 818 1302 Terreni,
842 1227 982 1308 planetas
1005 1222 1218 1304 respiciente),
1253 1232 1343 1306 atque
1368 1227 1494 1288 Terram
1516 1232 1549 1287 et
1570 1226 1727 1304 planetam
1759 1224 1931 1305 aequaliter

560 1317 740 1402 ‚promoveri
763 1316 919 1395 contingat
951 1315 1107 1393 (respectu
1139 1313 1275 1393 ejusdem
1306 1314 1434 1393 alicujus
1457 1317 1591 1387 rectae),
1624 1314 1749 1394 planeta
1776 1314 1931 1377 videbitur

570 1415 671 1483 stare,
696 1406 744 1469 sin
768 1405 882 1469 tardior
904 1403 1029 1484 planeta
1052 1402 1155 1472 luerit,
1186 1401 1337 1465 videbitur
1359 1404 1562 1479 retrocedere,
1591 1404 1636 1465 sin
1661 1411 1762 1465 autem
1785 1403 1929 1478 velocior,

571 1496 723 1560 videbitur
745 1495 776 1558 in
799 1490 1015 1574 consequentia
1038 1484 1165 1571 for-of)
1212 1490 1246 1553 Si
1271 1491 1336 1570 quis
1360 1501 1410 1555 est
1431 1493 1477 1555 ita
1508 1493 1672 1565 delicatus,
1707 1492 1752 1553 ita
1778 1510 1929 1564 morosus,

571 1595 606 1650 ut
627 1585 703 1647 haec
726 1583 829 1647 audire
854 1601 913 1644 non
935 1579 1043 1661 possit,
1068 1580 1094 1641 is
1117 1581 1183 1643 loco
1207 1581 1319 1642 Terrae
1343 1582 1460 1643 Lunam
1483 1582 1657 1656 substituat,
1682 1581 1770 1661 inque
1794 1599 1832 1642 ea
1856 1599 1929 1660 spe-

573 1675 739 1737 culatorem
754 1672 885 1753 aliquem
898 1688 996 1732 rerum
1010 1668 1185 1731 coelestium
1204 1669 1342 1745 collocet,
1368 1678 1438 1732 tunc
1451 1671 1481 1732 in
1498 1671 1614 1733 Lunam
1629 1671 1736 1732 eadem
1750 1677 1929 1751 sequentur;

570 1764 665 1825 Terra
688 1764 763 1825 baec
787 1768 908 1833 nostra,
944 1757 1079 1841 quamvis
1103 1776 1173 1819 vere
1198 1758 1382 1839 quiesceret,
1413 1760 1526 1821 moveri
1550 1760 1714 1833 videbitur,
1746 1759 1835 1821 Luna
1858 1778 1929 1821 vero

571 1852 736 1935 quiescere,
761 1868 827 1913 oum
850 1854 1017 1921 moveatur,
1040 1864 1095 1909 nec
1118 1854 1261 1927 poterunt
1283 1848 1346 1909 nlla
1368 1848 1518 1911 solutione
1541 1849 1604 1910 ista
1627 1848 1731 1909 everti.

659 1939 832 2021 Propositio
856 1932 909 2001 55.
933 1935 1053 1999 videtur
1075 1954 1184 1998 sonare
1208 1936 1245 1998 de
1269 1944 1351 1999 motu
1374 1936 1489 2001 diurno.
1534 1947 1572 2013 si,
1594 1938 1700 2020 inquit,
1719 1948 1932 2019 aliquanmnlta

573 2057 631 2097 uua
650 2040 778 2095 ferantur
798 2039 957 2111 quiescente
978 2054 1032 2091 nno
1054 2036 1160 2107 aliquo,
1193 2037 1220 2091 id
1241 2037 1270 2091 in
1294 2038 1462 2093 annuariam
1488 2038 1591 2093 moveri
1619 2037 1766 2093 ridebitur.
1816 2024 1932 2088 Oculus

574 2120 694 2203 quidem
716 2119 747 2182 in
771 2127 875 2179 centro
902 2116 1006 2178 mundi
1035 2125 1207 2191 censeatur,
1238 2116 1276 2177 ob
1307 2127 1537 2180 evanescentem
1560 2117 1672 2179 Terrae
1694 2116 1930 2198 proportionem,

577 2217 609 2271 et
631 2209 727 2271 Terra
756 2207 896 2269 volvatur
916 2205 955 2268 ab
985 2222 1094 2267 occasu
1121 2204 1151 2266 in
1184 2213 1283 2266 ortum
1314 2215 1396 2268 motu
1430 2206 1552 2280 diurno,
1583 2206 1734 2268 montibus
1763 2205 1857 2285 igitur
1885 2203 1933 2265 ita

574 2295 705 2370 delatis,
730 2296 780 2379 qni
811 2295 951 2359 videntur
983 2292 1115 2373 contigui
1138 2302 1171 2356 et
1198 2294 1314 2373 magni,
1346 2296 1445 2358 stellis
1473 2314 1545 2357 vero
1578 2295 1820 2375 quiescentibus,
1854 2311 1931 2374 qnae

572 2387 707 2450 minutae
731 2393 763 2448 et
795 2403 921 2466 sparsae
954 2391 1118 2464 apparent,
1153 2384 1261 2447 stellae
1284 2383 1314 2445 in
1337 2384 1539 2459 contrarium,
1570 2384 1627 2447 hoc
1650 2393 1729 2460 est,
1745 2386 1785 2446 ab
1809 2391 1877 2446 ortu
1901 2383 1929 2444 in

575 2494 717 2539 occasum
738 2473 918 2537 videbuntur
940 2472 1063 2535 moveri.

662 2564 795 2627 Rursum
817 2579 939 2643 propos.
965 2556 1017 2625 56.
1050 2560 1146 2643 spirat
1173 2580 1316 2641 expresse
1340 2558 1548 2643 Gopemicum.
1592 2573 1687 2637 onnlo,
1709 2562 1816 2643 inquit,
1843 2588 1930 2643 prope

572 2670 730 2737 spectatum
751 2664 909 2726 accedente,
931 2661 958 2715 id
979 2660 1078 2732 augeri
1096 2660 1252 2730 putabitur.
1301 2648 1384 2730 Ergo
1422 2651 1564 2714 subsumo
1594 2670 1668 2731 ego,
1702 2652 1798 2713 Terra
1832 2651 1931 2712 visum

569 2751 708 2806 nostrum
731 2743 770 2803 ad
794 2742 982 2820 planetarum
1007 2757 1134 2820 corpora
1157 2740 1336 2812 advebente,
1359 2739 1540 2803 videbuntur
1563 2749 1595 2803 et
1617 2741 1717 2802 lineae
1740 2748 1876 2803 motuum
1899 2747 1932 2801 et

570 2831 638 2912 ipsa
670 2831 860 2912 planetarum
892 2846 1020 2909 corpora
1050 2846 1169 2908 magna.
1217 2827 1319 2899 Quare
1349 2848 1409 2889 non
1441 2836 1560 2891 tantum
1592 2848 1717 2892 accessu
1747 2830 1857 2892 stellae
1891 2829 1931 2890 ad

511 2922 513 2925 ’
572 2922 698 2991 oculum,
724 2920 773 3002 qui
795 2918 860 2982 lieri
881 2918 1013 2998 tingatur
1034 2935 1089 2998 per
1112 2917 1292 3000 epicyclnnr‚
1317 2918 1488 2980 sedetiam
1512 2918 1589 2980 oculi
1614 2920 1652 2981 ad
1676 2938 1739 2981 rem
1763 2917 1931 3000 appropin-

573 3010 715 3091 quatione
744 3008 775 3071 id
803 3008 1030 3089 phaenomeuon
1054 3014 1226 3069 excusatur.
1258 3006 1361 3088 Atque
1380 3006 1412 3068 id
1434 3007 1525 3070 valde
1544 3016 1593 3070 est
1615 3009 1749 3071 evidens.
1783 3008 1931 3076 Testatur

570 3097 759 3174 Melantbou,
784 3116 863 3160 anno
884 3092 979 3161 1529.
999 3095 1080 3160 Julio
1099 3104 1131 3159 et
1149 3095 1289 3176 Augusto
1312 3104 1376 3158 tam
1400 3096 1573 3176 prodigiosa
1596 3098 1697 3179 specie
1719 3096 1817 3159 visum
1842 3097 1932 3158 Mar-

569 3194 646 3265 tem,
680 3195 715 3251 ut
744 3206 853 3250 norum
883 3186 967 3248 sidus
998 3185 1181 3249 crederetur.
1228 3186 1311 3246 ldem
1343 3180 1438 3248 1561.
1463 3185 1602 3266 Augusto
1633 3189 1746 3249 factum
1778 3185 1933 3268 oportuit3

570 3276 650 3340 idem
682 3278 745 3339 fere
770 3283 802 3337 et
827 3271 923 3340 1593.
948 3274 1107 3355 Augusto:
1143 3275 1253 3355 fietque
1281 3270 1492 3338 16011111.
1540 3275 1679 3337 Vidimus
1703 3284 1735 3338 et
1761 3277 1819 3338 boe
1852 3294 1933 3337 anuo

574 3362 669 3431 tooo.
701 3384 804 3427 mense
827 3362 991 3427 Februario
1016 3371 1047 3455 m
1070 3364 1183 3427 Martio
1207 3362 1338 3424 Veneris
1368 3364 1490 3425 stellam
1518 3364 1549 3426 in
1579 3383 1688 3428 occasu
1719 3384 1774 3445 per
1804 3364 1932 3427 nebulas

571 3454 713 3518 insolitae
737 3452 968 3534 magnitudinis,
994 3473 1030 3514 ac
1053 3454 1139 3515 multi
1164 3471 1272 3514 novam
1294 3452 1389 3515 videri
1418 3453 1539 3515 stellam
1568 3454 1802 3517 asseverabant
1845 3452 1931 3516 Con-

572 3552 695 3608 currunt
718 3543 796 3604 enim
820 3541 866 3604 bis
895 3542 1029 3605 articulis
1060 3550 1227 3623 temporum
1263 3542 1424 3604 eceentrici
1448 3552 1480 3603 11
1503 3543 1627 3625 epicycli
1657 3543 1817 3623 perigaea,
1851 3544 1930 3624 quod

570 3634 601 3696 in
625 3634 672 3695 his
696 3632 811 3695 dnobus
833 3632 966 3711 planetis
988 3631 1110 3694 maximi
1142 3631 1287 3694 momenti
1309 3641 1371 3707 est,
1405 3632 1434 3693 in
1464 3633 1573 3696 ceteris
1596 3653 1654 3695 non
1678 3641 1796 3695 tantum
1826 3633 1931 3696 1111111.

658 3721 832 3803 Propositio
856 3719 909 3785 57.
944 3720 1076 3783 maxime
1106 3720 1335 3784 accommodata
1359 3728 1408 3783 est
1435 3723 1462 3784 ei
1490 3730 1622 3784 motuum
1656 3744 1822 3804 φαντασιᾳ,
1855 3742 1932 3805 quae

572 3814 611 3876 ad
636 3811 836 3875 eccentrieum
860 3813 1000 3873 refertur.
1047 3810 1147 3873 Docet
1172 3810 1248 3873 euim
1275 3838 1366 3893 aequa
1387 3824 1532 3878 celeritate
1547 3825 1709 3888 delatorum,
1732 3844 1804 3897 quae
1819 3828 1932 3900 longono

570 3906 684 3968 distant,
706 3902 812 3958 tardius
834 3902 899 3957 ferri
919 3900 1015 3957 videri.

661 3982 797 4064 Denique
821 3981 988 4061 propositio
1012 3975 1066 4042 58.
1092 3980 1220 4043 asserit:
1246 3992 1332 4045 Oculo
1354 3995 1508 4059 translato,
1531 4011 1601 4068 quoe
1623 3998 1733 4068 longius
1759 4004 1930 4068 spectantur,

569 4082 684 4140 destitui
708 4082 809 4146 videri,
835 4066 1422 4133 111111111111111111111111111111911
1440 4075 1600 4136 manifeste
1620 4077 1723 4139 utitur.
1752 4076 1812 4138 Est
1830 4088 1932 4140 autern

572 4160 787 4225 dorotemoooar
806 4160 835 4220 in
856 4160 1043 4221 astronomia
1056 4158 1145 4236 idem,
1166 4161 1244 4241 quod
1259 4162 1425 4241 promoveri
1439 4163 1471 4224 in
1491 4165 1715 4246 consequentia,
1739 4174 1812 4247 puto
1831 4170 1931 4249 respi-

573 4270 642 4315 cere
664 4267 770 4312 rocem
785 4248 823 4310 ad
839 4246 1173 4321 alteramcontrariam
1195 4255 1399 4331 προηγεισθαι,
1421 4252 1673 4332 praecedere.**)
1719 4256 1799 4317 Nam
1823 4258 1849 4319 si
1875 4278 1934 4339 qua

658 4435 686 4510 *1
706 4441 838 4497 Definitio
860 4442 955 4512 itaque
976 4440 1046 4492 haec
1067 4445 1111 4491 est
1132 4438 1260 4493 stationis
1282 4442 1355 4509 apud
1372 4441 1559 4510 Copernicum,
1583 4447 1653 4515 quod
1675 4451 1741 4499 tunc
1761 4447 1931 4515 perficiatur,

571 4541 632 4579 cum
652 4522 728 4577 linea
747 4539 799 4592 per
818 4521 958 4576 Tellurem
978 4524 1008 4572 et
1027 4519 1172 4587 planetam
1198 4520 1339 4573 translata
1359 4537 1414 4574 non
1434 4522 1597 4590 inclinatur,
1619 4528 1666 4579 sed
1688 4526 1740 4579 sibi
1762 4527 1816 4595 ipsi
1837 4537 1933 4583 manet

569 4604 731 4677 parallelos.

656 4681 696 4749 ⁸)
718 4687 920 4753 Argumentum
940 4681 1007 4735 boc:
1038 4679 1167 4733 Euclides
1193 4680 1281 4734 utitur
1301 4698 1368 4735 voce
1399 4684 1600 4748 astronomica,
1631 4702 1699 4758 ergo
1732 4688 1933 4743 oeconomiam

566 4764 662 4822 tradit.
703 4768 744 4819 At
763 4764 797 4815 de
819 4760 1001 4817 translatione
1022 4760 1095 4814 oculi
1115 4758 1246 4830 loquitur.
1286 4761 1364 4832 Ergo
1386 4763 1420 4815 de
1441 4762 1492 4816 tali
1517 4766 1699 4830 astronomia,
1729 4766 1758 4821 in
1779 4784 1834 4838 qua
1855 4768 1932 4823 visus

568 4845 608 4901 sic
628 4851 761 4907 movetur,
783 4847 817 4894 ut
835 4842 1002 4913 retrogrado
1021 4841 1113 4895 sidere.
1133 4847 1299 4908 appareant,
1323 4858 1420 4911 nempe
1441 4844 1474 4895 de
1493 4845 1692 4914 Copernicana.
1735 4849 1814 4901 Addo
1835 4854 1933 4904 tamen

569 4928 605 4981 od
625 4926 699 4979 hunc
718 4923 869 4979 discursum
889 4928 920 4975 et
938 4921 1007 4974 hocs
1036 4919 1122 4974 rideri
1143 4918 1285 4973 Euclidem
1315 4938 1380 4974 voce
1401 4934 1591 4996 προηγεισθαι
1611 4926 1685 4979 velle
1713 4927 1851 4981 rationem
1872 4935 1933 4983 tm.

569 5002 651 5070 dere,
665 5022 713 5059 cur
733 5004 762 5058 in
782 5018 879 5072 campo
900 5006 1056 5055 currentem
1076 5007 1184 5054 montes
1205 5015 1261 5052 non
1285 5005 1395 5055 tantum
1423 5004 1547 5059 comitari
1575 5000 1660 5075 (quod
1682 5023 1736 5078 ego
1758 5007 1848 5063 solnm
1868 5025 1935 5079 per·

565 5081 741 5214 1111111113οι
749 5084 798 5139 sed
818 5082 901 5138 etiam
928 5096 1109 5152 praecurrere
1137 5079 1293 5135 rideantur.
1336 5083 1380 5136 lta
1400 5083 1489 5153 magis
1516 5085 1662 5155 popularis
1683 5087 1733 5141 fiet
1754 5088 1834 5159 origo
1857 5088 1933 5144 vocis

565 5172 704 5233 προηγεισ
742 5174 761 5212 ι.
1640 5201 1644 5206 .
