4584 6192
465 615 511 682 48
889 616 991 665 Litem
1009 614 1111 679 Kepleri
1130 614 1280 680 aliorumque
1298 625 1400 665 mutuae

467 791 634 854 Confundis
658 793 766 852 iterum
790 792 1000 854 refractionem
1025 801 1057 851 et
1080 792 1217 870 imaginis
1242 792 1436 864 locationem,
1468 791 1622 871 adquam
1647 803 1832 856 concurrunt

467 893 571 961 partes
595 882 843 954 circumstantes,
870 899 944 959 quae
970 880 1109 940 ridentur
1133 900 1190 939 uon
1215 880 1469 959 perpendiculari,
1495 899 1572 959 quae
1597 900 1657 941 una
1680 881 1748 943 sola
1769 891 1828 958 est,

467 970 522 1030 sed
547 970 713 1030 inclinatis.
761 971 866 1049 ltaque
891 978 985 1029 totum
1007 989 1095 1029 uuum
1111 988 1219 1049 corpus
1243 969 1373 1029 cernitur
1388 968 1555 1036 inclinatis,
1580 970 1829 1048 perpendiculari

467 1079 526 1120 nou
574 1059 630 1118 nisi
673 1067 825 1138 punctum.
887 1056 967 1127 Quid
1006 1058 1083 1136 quod
1121 1069 1151 1117 et
1194 1071 1316 1136 utroque
1358 1059 1443 1118 oculo
1480 1059 1519 1118 ad
1557 1058 1634 1118 hauc
1677 1076 1741 1121 rem
1780 1069 1831 1122 est

467 1166 557 1226 opus,
592 1165 648 1226 quo
674 1149 791 1208 nornine
815 1148 927 1207 nullum
951 1157 999 1207 est
1021 1155 1179 1224 punctum,
1213 1147 1289 1225 quod
1314 1147 1380 1206 sola
1409 1147 1649 1225 perpendiculari
1673 1158 1828 1214 cernatur.

467 1236 539 1308 Sed,
565 1247 599 1296 ut
625 1236 692 1296 dem
719 1238 810 1308 ultro,
836 1235 1090 1314 perpendicularis
1115 1254 1170 1313 ope
1195 1235 1324 1315 speciem
1348 1235 1468 1296 minime
1492 1234 1621 1297 elei-ari:
1658 1256 1729 1298 uum
1758 1238 1829 1301 ideo

467 1325 663 1403 refringitur?
687 1323 843 1393 Quomodo
868 1323 1050 1402 refringitur,
1075 1324 1100 1383 si
1126 1343 1200 1384 rmus
1225 1337 1326 1383 manet
1350 1324 1377 1383 in
1402 1325 1532 1385 transitu
1556 1325 1747 1402 superficiei?
1776 1329 1828 1389 An

468 1427 499 1474 tu
525 1412 717 1473 retractionis
736 1431 809 1474 voce
835 1413 969 1474 abuteris.
993 1422 1096 1473 contra
1117 1431 1228 1472 morem
1249 1412 1432 1491 opticorum?
1465 1412 1500 1473 Si
1524 1413 1665 1487 dixisses,
1691 1415 1823 1494 retundi,

467 1501 650 1574 abbreviari,
685 1503 795 1563 rectius
830 1503 995 1574 sonuissct;
1030 1502 1155 1578 refringi
1180 1520 1249 1562 rero
1282 1501 1461 1579 intelligitur
1484 1521 1521 1562 err
1553 1521 1611 1561 una
1634 1512 1722 1563 recta
1745 1504 1823 1566 duaa

466 1600 566 1652 rectas
590 1589 661 1650 fieri.
693 1588 794 1659 Quare
820 1592 844 1650 si
869 1593 958 1669 plane
984 1609 1040 1649 nou
1067 1589 1247 1668 refringitur,
1273 1609 1367 1669 neque
1393 1591 1483 1668 igitur
1507 1589 1697 1651 asoliditate
1712 1594 1827 1655 retrin-

467 1680 558 1758 gitur.
606 1676 688 1748 Quid
712 1680 738 1740 si
763 1689 794 1739 et
817 1680 873 1739 hoc
898 1698 1052 1756 negarem,
1079 1690 1109 1740 ut
1127 1698 1195 1738 rere
1212 1697 1349 1756 possum,
1373 1689 1516 1757 punctum
1541 1679 1669 1740 risibilis
1694 1680 1724 1742 in
1750 1700 1825 1761 per·

466 1768 653 1848 pendiculari
689 1787 814 1828 rcrsaus
838 1768 932 1828 rideri
956 1768 1069 1827 altius?
1115 1768 1229 1845 Nempe
1261 1787 1308 1829 me
1341 1768 1472 1828 insanire
1505 1768 1602 1840 dices,
1637 1767 1688 1848 qui
1721 1771 1826 1833 sensui

466 1856 682 1919 contradicam.
729 1858 788 1929 At,
815 1856 945 1930 obone,
972 1856 1029 1917 etsi
1052 1867 1193 1935 puuctum
1218 1856 1334 1916 unicum
1359 1875 1434 1934 nego
1459 1857 1552 1917 rideri
1577 1857 1685 1930 altius,
1711 1859 1826 1922 nihilo-

465 1946 561 2007 minus
595 1954 691 2006 toturn
724 1964 832 2023 corpus
857 1946 950 2005 habes
975 1945 1140 2017 elevatum,
1175 1945 1259 2024 cujus
1292 1957 1435 2023 punctum
1469 1954 1611 2025 estpars
1636 1948 1730 2009 nulla.
1779 1949 1825 2011 Tu

465 2054 535 2096 rero
559 2034 759 2114 expectabas,
785 2045 817 2094 ut
839 2034 1018 2113 particulam
1042 2035 1132 2094 fondo
1156 2034 1355 2094 conchoidcos
1375 2034 1521 2112 eriperem
1546 2034 1639 2114 (quod
1664 2035 1712 2097 hic
1737 2038 1824 2100 rides

465 2124 650 2185 solummodo
665 2129 921 2201 punctumesse),
947 2134 979 2183 ut
1003 2123 1119 2183 scilicet
1141 2124 1178 2182 de
1204 2123 1288 2183 lriatu
1313 2124 1464 2202 querelam
1489 2123 1674 2185 institueres.
1705 2125 1826 2207 Nempe

467 2212 596 2293 quaein
621 2212 762 2274 circulum
784 2212 999 2285 circumstant,
1025 2211 1157 2289 speciem
1181 2221 1210 2272 et
1226 2211 1323 2271 nredio
1347 2212 1510 2272 conciliant
1533 2213 1725 2274 elevationis.
1766 2215 1828 2277 Vi-

467 2302 539 2363 disti
568 2311 601 2364 tu
624 2312 767 2381 punctum
791 2302 886 2362 solnm
911 2301 1079 2362 elevatum?
1110 2300 1168 2360 imo
1194 2301 1296 2360 ridisti
1321 2320 1470 2362 nummum
1479 2320 1488 2375 ;
1521 2301 1667 2376 demisso,
1692 2303 1825 2385 inquam,

468 2391 532 2452 risu
547 2410 601 2471 per
616 2392 750 2451 foramen
774 2391 906 2468 operculi
929 2390 1232 2468 perpendiculariter,
1258 2390 1300 2449 sic
1325 2400 1357 2449 ut
1381 2390 1418 2450 de
1443 2390 1534 2450 l'undo
1558 2390 1630 2451 nihil
1655 2391 1712 2452 uisi
1738 2413 1828 2456 uum·

466 2498 546 2541 rnum
569 2498 719 2541 cerneres.
766 2479 890 2556 Alioqui
924 2497 976 2538 cur
999 2479 1052 2538 illa
1076 2489 1128 2538 tua
1158 2478 1298 2538 conclrois
1333 2479 1471 2557 imaginis
1497 2479 1618 2540 fundum
1642 2489 1763 2559 peteret
1787 2483 1828 2545 ad

466 2568 709 2648 perpendiculum
746 2567 931 2640 accedendo,
966 2566 992 2626 si
1028 2568 1148 2628 fundum
1181 2586 1238 2626 non
1271 2568 1507 2646 assequeretur?
1554 2565 1700 2638 Quamvis
1730 2591 1828 2653 neque

468 2659 535 2718 loca
559 2656 720 2735 imaginum
744 2656 881 2716 scribunt
904 2656 1103 2728 conclroidea,
1129 2657 1183 2716 sed
1207 2657 1313 2731 aliam,
1339 2675 1414 2736 quae
1438 2656 1556 2717 nonnisi
1580 2658 1636 2720 sub
1658 2661 1827 2739 perpendi·

467 2744 533 2807 culo
556 2746 654 2806 sinum
678 2764 766 2805 unum
790 2745 876 2817 facit,
901 2745 1031 2805 brachiis
1055 2764 1121 2804 eum
1146 2745 1175 2804 in
1200 2745 1346 2806 inlinitum
1369 2745 1624 2823 expandentibus.

556 2835 620 2895 Tua
643 2853 689 2894 me
714 2833 853 2894 conchois
878 2853 910 2893 se
939 2833 1005 2911 ipsa
1029 2833 1192 2894 delectarit
1222 2832 1397 2913 impensius,
1432 2853 1520 2913 quarn
1544 2836 1707 2910 sententia,
1734 2857 1825 2919 quam

462 2924 550 3003 jussa
574 2931 621 2983 est
644 2922 803 3001 explicare.
853 2922 950 2983 l'ideo
975 2931 1005 2982 te
1029 2923 1209 2983 instructum
1232 2941 1300 2982 esso
1324 2923 1468 3001 peculiari
1485 2923 1694 2998 instrumento,
1722 2928 1827 3007 qualia

467 3023 498 3073 et
521 3009 638 3074 Caesar
667 3010 784 3072 habet·
813 3010 888 3071 llihi
921 3011 1032 3071 nullum
1066 3010 1184 3088 obtigit.
1234 3008 1396 3072 Concludis
1429 3012 1505 3072 hunc
1531 3014 1627 3073 locum
1661 3015 1826 3079 admodum

469 3101 611 3162 absurde:
641 3100 839 3161 retractiones
868 3100 906 3159 ab
931 3100 1091 3178 imaginum
1115 3099 1245 3159 transitu
1270 3119 1336 3161 esse
1361 3101 1563 3175 definiendas3
1589 3101 1648 3162 irno
1672 3102 1824 3184 imagines

466 3190 590 3251 definias
614 3189 855 3261 retractionibus,
880 3196 911 3249 ct
925 3207 979 3267 per
993 3189 1049 3249 lras
1074 3188 1278 3248 contractione
1295 3190 1468 3267 angulorum
1485 3190 1677 3251 risoriorum:
1703 3195 1825 3256 refrac-

469 3279 565 3340 tiones
590 3298 660 3339 vero
685 3298 775 3340 sensu
800 3278 950 3338 oculorum
974 3287 1005 3338 et
1028 3278 1137 3338 notitia
1160 3276 1242 3336 vocis
1272 3277 1400 3346 usitata,
1432 3286 1498 3350 aut,
1528 3279 1555 3339 si
1578 3280 1824 3358 perpendiculari

467 3385 573 3429 rerera
599 3376 690 3447 putas
719 3367 832 3446 aliquid
856 3366 992 3427 accidere
1021 3376 1055 3427 ut
1078 3365 1213 3444 reliquis,
1244 3365 1274 3425 id
1302 3368 1361 3428 alio
1392 3366 1527 3445 appelles
1552 3367 1716 3444 vocabulo,
1748 3380 1826 3450 puta

468 3455 514 3515 rel
539 3456 715 3517 curtationis
739 3456 786 3516 rel
810 3455 987 3525 retusionis;
1012 3473 1182 3533 quanquam
1206 3473 1329 3515 necesse
1355 3475 1412 3516 non
1443 3464 1499 3517 est.
1547 3456 1611 3517 Ant
1635 3457 1715 3518 enim
1739 3460 1823 3522 reri-

468 3554 517 3604 tas
542 3552 589 3605 est
612 3554 665 3606 aut
689 3543 811 3604 fallacia
834 3543 964 3604 elevatio
988 3543 1086 3615 fundi;
1116 3541 1141 3603 si
1167 3542 1303 3618 fallacia,
1336 3564 1372 3605 ea
1401 3552 1483 3605 certe
1512 3544 1630 3606 nonnisi
1655 3546 1756 3623 visus,
1792 3559 1826 3611 ut

467 3632 540 3695 nihil
564 3633 697 3711 patiatur
721 3632 816 3693 simile
841 3632 943 3693 radius
968 3631 1047 3711 ipse;
1081 3632 1126 3692 sin
1150 3631 1278 3706 ueritas,
1305 3652 1374 3695 rere
1397 3651 1469 3710 ergo
1495 3633 1602 3694 fundus
1627 3633 1767 3699 elevatur
1791 3647 1825 3700 et

467 3724 569 3784 oculus
593 3741 655 3782 rem
680 3730 712 3782 ut
736 3731 783 3782 est
807 3720 899 3793 ridet,
925 3722 1003 3801 quod
1027 3721 1199 3781 absurdum.

555 3847 779 3910 Brenggerus:
801 3845 920 3905 Quaestio
939 3843 1143 3897 mechanica,
1163 3859 1206 3891 cur
1224 3843 1300 3891 librae
1314 3844 1504 3908 brachiaaeque
1523 3847 1610 3909 gravia
1627 3862 1676 3895 non
1696 3849 1722 3897 in
1740 3853 1827 3914 qaoria

466 3921 515 3968 situ
533 3919 679 3982 persistant,
700 3916 744 3965 sed
763 3917 795 3965 ad
814 3915 984 3980 aequilibrium
1003 3915 1158 3963 revolvantur
1169 3913 1236 3977 (cap.
1250 3915 1269 3963 l.
1290 3931 1357 3977 prop.
1369 3911 1428 3974 ²0),
1449 3916 1490 3964 diu
1503 3931 1543 3965 me
1556 3919 1693 3981 exagitarit
1704 3933 1753 3970 nec
1763 3921 1824 3972 lauc-

466 3998 538 4039 tenus
556 3991 647 4044 inveni,
668 3990 693 4036 iu
711 4002 759 4051 quo
779 3990 936 4050 acquiescere
954 3987 1033 4048 potui.
1053 3995 1080 4033 tu
1098 4001 1155 4034 vero
1173 3995 1226 4034 tarn
1245 3986 1317 4036 docte
1331 4000 1387 4035 eam
1400 3986 1501 4041 solvisti,
1519 3994 1547 4035 ut
1566 4003 1663 4037 omnem
1681 3989 1741 4040 mihi
1755 4006 1825 4043 acru-

466 4061 548 4124 pulum
568 4061 703 4113 ademeris,
723 4073 765 4121 pro
784 4072 831 4122 quo
851 4057 970 4107 beneficio
989 4057 1033 4105 tibi
1051 4059 1146 4121 gratias
1166 4071 1222 4119 ago.

557 4131 618 4180 Luci
638 4130 775 4179 calorem
794 4131 879 4178 tribuis
899 4127 965 4191 (cap.
980 4127 1000 4175 l.
1019 4143 1086 4190 prop.
1099 4124 1144 4186 tt)
1164 4137 1252 4176 contra
1264 4127 1568 4191 philosophommplacita.
1597 4129 1650 4193 Ego
1668 4143 1746 4195 saepe
1759 4133 1826 4183 idam

467 4202 547 4257 volui,
566 4202 678 4250 sednon
697 4200 732 4249 iui
752 4214 826 4249 ausus
844 4200 959 4263 profiteri.
998 4198 1115 4247 Testatur
1133 4198 1180 4246 lroc
1198 4199 1321 4247 radiorum
1341 4197 1461 4247 Solarium
1482 4215 1525 4262 per
1537 4200 1635 4264 globum
1654 4202 1827 4263 cryatallinum

468 4274 665 4321 transmissorum
684 4278 729 4319 aut
746 4286 789 4334 per
807 4270 934 4334 speculum
953 4270 1106 4333 sphaericum
1125 4270 1163 4317 rel
1182 4270 1349 4331 parabolicum
1377 4270 1534 4319 collectorum
1552 4271 1683 4329 retractio,
1712 4274 1734 4322 ri
1755 4278 1826 4338 cujus

467 4342 534 4392 color
552 4343 624 4392 simul
644 4343 773 4407 colligitur,
800 4350 829 4391 ut
847 4350 936 4391 auctus
955 4343 1037 4405 ignem
1059 4342 1199 4396 accendat,
1225 4355 1287 4404 quae
1306 4343 1388 4403 passio
1406 4341 1469 4390 lucis
1488 4349 1592 4391 estnon
1612 4345 1685 4392 aeris.
1722 4343 1827 4396 Interim

466 4413 566 4464 difficile
591 4421 640 4469 est,
668 4414 812 4477 qualitatem
831 4413 985 4462 materialem
1004 4413 1029 4460 in
1048 4414 1158 4474 subjecto
1177 4412 1333 4460 immateriali
1351 4427 1449 4475 ponere.
1488 4412 1585 4463 Deinde
1604 4414 1624 4462 si
1642 4414 1705 4464 radii
1724 4413 1826 4467 Solaraa

466 4491 524 4536 sunt
543 4484 624 4542 calidi,
643 4487 683 4548 qui
702 4485 738 4541 tit,
757 4485 822 4549 quod
842 4485 927 4534 directi
947 4499 996 4532 non
1014 4483 1180 4538 caletaciunt,
1199 4483 1243 4531 sed
1261 4489 1358 4531 tanturn
1377 4484 1460 4532 retlexi
1479 4491 1523 4534 aut
1540 4484 1658 4535 retracti?

555 4608 756 4689 Keplerus:
790 4608 924 4669 Paucula
957 4595 993 4667 de
1027 4607 1126 4669 calore
1158 4607 1278 4680 scribis,
1313 4606 1445 4668 medicus
1477 4608 1676 4687 professione.
1730 4608 1826 4674 Calor

467 4700 563 4762 omnis
593 4697 665 4772 (nisi
698 4698 947 4771 communicatus,
982 4697 1111 4770 alienus,
1143 4696 1344 4767 adventitius)
1369 4704 1417 4756 est
1447 4697 1578 4777 qualitas
1607 4697 1751 4761 coelestis
1782 4700 1826 4763 rei

466 4786 698 4861 imrnateriatae,
723 4785 806 4864 cujus
826 4785 956 4864 priratio
981 4785 1061 4845 inest
1084 4786 1230 4847 materiae
1255 4785 1334 4845 omni
1359 4792 1390 4845 et
1413 4785 1487 4857 aeri,
1511 4794 1544 4847 ut
1567 4786 1655 4848 hodie
1678 4788 1827 4867 probatur

467 4874 741 4957 praestantissimis
764 4873 1008 4953 philosophorum
1042 4883 1074 4935 et
1097 4875 1176 4935 inter
1200 4882 1315 4934 ceteros
1339 4874 1500 4936 Francisco
1526 4873 1667 4938 Costae
1695 4876 1763 4948 (lib.
1789 4877 1826 4939 de

467 4975 577 5026 natura
600 4963 668 5025 novi
694 4962 790 5036 orbis)
803 4957 840 5035 ⁰).
888 4960 1003 5024 Contra
1022 4964 1186 5024 humiditas
1203 4962 1336 5042 sequitur·
1355 4962 1512 5024 materiam
1528 4963 1697 5026 individuus
1712 4984 1826 5039 comes,

469 5053 553 5132 cujus
577 5060 625 5113 est
650 5051 773 5113 siccitas
797 5050 918 5128 negatio
942 5051 973 5111 in
997 5052 1042 5125 iis,
1068 5071 1143 5131 quae
1159 5050 1287 5112 materia
1301 5060 1415 5112 carent.
1462 5050 1532 5113 Scio
1557 5071 1632 5134 quae
1656 5053 1693 5115 de
1712 5064 1825 5134 poten·

469 5139 537 5203 tiali
560 5140 660 5203 calore
684 5147 716 5202 et
738 5140 858 5201 humore
882 5139 983 5219 possis
1006 5139 1145 5221 objicere.
1194 5138 1257 5201 Sed
1288 5148 1413 5220 praesta
1436 5150 1466 5202 te
1490 5140 1537 5204 hic
1560 5139 1772 5223 philosophum
1795 5152 1828 5205 et
