4584 6192
466 632 531 702 596
888 634 989 684 Literae
1008 634 1110 698 Kepleri
1129 634 1280 698 aliorumque
1300 639 1402 684 mutuae

466 816 515 876 lta
538 820 647 874 natura
670 812 765 892 primo
790 811 878 873 docet
902 830 989 872 aures
1013 828 1178 889 agnoscere
1207 810 1341 889 quintam
1366 809 1408 885 G,
1433 811 1475 887 D,
1501 819 1533 873 et
1556 818 1697 893 quartam
1723 812 1770 884 G,
1795 814 1831 892 C,

466 910 538 965 tunc
571 903 650 963 inter
674 899 709 975 Ο,
734 900 762 962 D
786 900 880 979 major
913 910 1001 960 tonus
1035 900 1235 959 constituitur.
1284 897 1336 960 Sic
1364 900 1461 973 auris,
1491 900 1632 981 judicans
1657 902 1696 964 de
1720 898 1832 984 quarta

467 989 507 1065 G,
534 990 558 1053 C
583 991 674 1051 etde
698 989 790 1054 tertia
821 988 904 1050 molli
928 986 966 1061 G,
991 987 1031 1058 Β,
1058 987 1177 1063 judicat
1200 996 1232 1047 et
1255 988 1291 1047 de
1320 998 1391 1049 tono
1420 989 1533 1051 minore
1556 989 1598 1059 B,
1624 988 1649 1053 C
1674 1010 1730 1072 per
1755 1012 1830 1056 con·

468 1077 665 1158 sequentiam.
704 1077 818 1138 Verum
843 1086 901 1149 est,
925 1077 949 1136 si
970 1094 1073 1135 omnes
1097 1085 1185 1136 tonos
1206 1076 1311 1137 seceris
1331 1069 1379 1157 Ἃ,
1405 1078 1505 1138 omnia
1527 1078 1689 1141 semitonia
1710 1074 1830 1163 mim,

470 1186 528 1228 non
553 1186 623 1229 vero
653 1157 735 1246 “sw
760 1165 847 1244 idque
871 1184 937 1226 cum
961 1164 1090 1224 Boethio
1114 1172 1185 1224 tunc
1214 1183 1301 1224 aures
1325 1184 1382 1225 non
1407 1166 1494 1226 facile
1519 1166 1671 1229 sentient:
1702 1177 1738 1231 at
1761 1178 1830 1232 tuuc

469 1256 553 1318 nulla
576 1255 679 1316 harum
702 1254 926 1332 proportionum
940 1259 1043 1312 manet
1062 1245 1111 1333 ss„
1136 1244 1217 1333 ¹71„
1243 1254 1296 1313 sed
1321 1271 1374 1331 pro
1395 1254 1431 1314 iis
1457 1264 1543 1316 emut
1561 1249 1645 1336 “lw
1684 1257 1732 1319 At
1756 1278 1830 1339 quse

469 1363 561 1406 causa
597 1343 657 1415 sit,
689 1361 741 1403 cur
773 1342 954 1420 triangulum
979 1349 1010 1401 et
1040 1340 1277 1419 quadrangulum
1310 1350 1454 1419 generent
1484 1343 1740 1419 concordantias,
1775 1366 1829 1409 non

469 1438 615 1511 generent
646 1431 898 1509 quinquangulum
927 1438 959 1489 et
987 1428 1207 1507 sexangulum?
1239 1430 1412 1500 licentra,
1443 1433 1468 1491 si
1501 1441 1592 1493 tonos
1621 1435 1829 1497 ordinaveris:

469 1516 520 1598 'io’
550 1512 616 1601 ⁹i102
650 1512 729 1601 “liei
768 1513 816 1601 ⁸ses
851 1512 917 1601 ”ina
954 1510 1002 1597 Ἃ,
1042 1511 1121 1598 “lm
1153 1524 1187 1576 ut
1217 1519 1326 1594 figuras
1357 1519 1510 1596 regulares
1541 1521 1646 1582 stricte
1681 1525 1830 1605 sequaris,

470 1616 542 1672 tnnc
566 1625 652 1668 aures
675 1608 770 1667 multo
795 1608 891 1685 magis
916 1613 1003 1667 erunt
1026 1614 1196 1667 contentae.
1236 1605 1324 1675 Quod
1347 1606 1440 1685 igitur
1463 1628 1551 1670 aures
1575 1609 1604 1669 in
1620 1610 1713 1673 dubio
1739 1612 1829 1675 relin-

471 1704 574 1777 quunt,
598 1695 674 1756 ratio
700 1695 850 1756 tutissime
875 1693 1027 1772 dijudicat.

560 1784 628 1845 Non
653 1784 772 1861 probas,
799 1784 877 1863 quod
901 1784 1012 1843 Terrae
1041 1782 1154 1842 similes
1179 1782 1257 1842 facio
1286 1783 1402 1845 stellas.
1451 1783 1535 1862 Lege
1559 1804 1630 1865 ergo
1656 1786 1686 1846 in
1712 1785 1831 1867 Opticis

474 1871 567 1951 (Gap.
593 1872 647 1932 VI.
672 1869 728 1944 2.),
755 1889 830 1949 quae
855 1872 891 1932 de
916 1870 1003 1932 Luna
1033 1870 1219 1948 scripserim,
1249 1871 1326 1931 forte
1356 1872 1522 1949 poenitebit
1545 1879 1575 1934 te
1599 1875 1738 1954 rejectae
1763 1896 1831 1939 sen·

472 1961 598 2033 tentiae,
625 1968 677 2021 aut
700 1960 834 2021 rationes
857 1960 888 2020 in
913 1959 1093 2020 contrarium
1117 1958 1284 2036 conquires.

562 2049 685 2109 Terram
710 2053 852 2110 κινεισθαι
875 2048 1031 2120 concedis3
1056 2047 1081 2107 si
1106 2046 1314 2126 Copernicum,
1339 2046 1364 2108 si
1389 2066 1486 2109 meum
1504 2049 1684 2130 Mysterium
1702 2051 1831 2115 Cosmo-

470 2137 646 2217 graphicum
669 2145 738 2197 ante
767 2134 801 2199 ii
830 2156 924 2198 annos
949 2137 1072 2206 editum,
1096 2137 1123 2196 si
1147 2136 1373 2198 Commentario
1396 2136 1504 2197 Martis
1533 2138 1661 2217 legeris,
1687 2140 1831 2203 fateberis

472 2225 575 2300 etiam,
600 2230 750 2303 ospsodon
773 2226 853 2286 circa
876 2225 988 2287 Solem.

559 2314 693 2375 Brunum
706 2313 822 2375 Romae
847 2322 1010 2375 crematum
1035 2311 1214 2372 exDomino
1234 2310 1416 2372 Wackherio
1441 2312 1550 2387 didici;
1576 2315 1630 2388 ait,
1656 2325 1832 2380 constanter

472 2402 650 2481 supplicium
674 2402 790 2464 tulisse.
838 2402 1029 2480 Religionum
1054 2400 1183 2461 omnium
1207 2400 1374 2461 vanitatem
1398 2402 1542 2472 asseruit,
1566 2403 1666 2464 Deum
1689 2404 1721 2465 in
1746 2426 1829 2467 mun-

471 2492 552 2566 dum,
576 2492 607 2552 in
631 2490 768 2566 circulos,
793 2491 822 2552 iu
844 2499 956 2571 puncta
979 2489 1137 2550 convertit.

561 2579 609 2640 De
632 2579 747 2640 Thema
770 2579 894 2640 Finckio
918 2578 989 2640 nihil
1014 2585 1144 2650 constat,
1170 2575 1227 2636 nisi
1252 2576 1329 2655 quod
1351 2573 1470 2636 Brabeo
1495 2596 1532 2636 ex
1554 2578 1655 2641 insula
1670 2580 1829 2655 (Euenus)

472 2669 637 2730 excedente
671 2668 766 2728 fertur
789 2689 807 2727 a
830 2667 915 2745 Rege
949 2668 1057 2727 missus
1081 2666 1109 2726 iu
1134 2665 1278 2737 insulam,
1313 2664 1576 2727 instrumentorum
1610 2687 1689 2747 quae
1721 2671 1829 2750 partim

472 2763 561 2819 erant
583 2756 691 2817 relicta
714 2756 824 2816 molem
847 2756 1023 2821 admiratus.
1062 2755 1167 2832 Itaque
1184 2752 1367 2832 Tychoniani
1384 2772 1441 2813 non
1462 2760 1533 2814 sunt
1552 2756 1595 2816 illi
1618 2757 1712 2818 valde
1736 2759 1829 2839 aequi,

471 2863 527 2906 nec
549 2852 622 2924 puto
646 2844 740 2923 ipsius
764 2844 901 2904 notitiam
926 2862 1039 2904 curare.
1526 2864 1531 2872 =

562 2950 607 3000 His
627 2948 697 2999 addit
713 2948 837 3013 Keplerus
865 2963 956 3013 pauca,
985 2962 1049 3012 quae
1077 2946 1229 2997 exhibuimus
1257 2952 1342 2995 annot
1362 2942 1413 3002 ³5,
1442 2951 1517 3009 atque
1546 2946 1605 2997 hinc
1634 2950 1689 3000 adit
1719 2950 1830 3016 opacam

473 3020 564 3085 (comp.
583 3035 642 3085 pag.
662 3018 695 3069 60
714 3018 768 3081 sa).
806 3021 982 3084 Responslonis
1009 3019 1193 3082 Breuggeri
1221 3013 1257 3077 (d.
1278 3017 1302 3065 d.
1327 3012 1351 3063 8.
1371 3016 1430 3066 Jun.
1454 3013 1533 3078 1608)
1560 3020 1681 3085 pleraque
1709 3025 1831 3086 pertinent

475 3094 508 3144 ad
528 3092 652 3157 Opticsm,
671 3092 713 3140 ubi
731 3092 847 3156 leguntur
864 3107 888 3154 p.
909 3088 951 3139 65.
989 3090 1034 3149 Ea,
1055 3103 1118 3153 quae
1136 3089 1273 3151 praemissa
1291 3093 1414 3150 spectant,
1434 3089 1498 3138 baec
1516 3098 1591 3139 sunt:

562 3181 709 3231 Distributio
728 3181 779 3229 toni
798 3181 897 3241 majoris
916 3186 942 3228 et
959 3179 1058 3228 minoris
1077 3183 1131 3226 ate
1151 3176 1276 3239 descripta
1292 3176 1351 3224 mihi
1368 3190 1416 3224 uon
1437 3177 1557 3240 displicet,
1577 3184 1606 3229 at
1617 3179 1665 3230 hoe
1685 3180 1830 3233 mamad

473 3251 560 3312 habet,
579 3251 643 3318 quod
662 3250 752 3315 duplex
770 3252 832 3300 facit
850 3251 1013 3309 diatessaron,
1033 3251 1114 3310 maJ'ns
1133 3253 1159 3297 et
1177 3248 1266 3304 minus,
1285 3246 1372 3296 uthis
1391 3248 1466 3297 rides.

668 3340 691 3390 D
775 3365 778 3370 ·
906 3339 926 3388 E
1141 3334 1160 3383 F
1374 3336 1396 3384 G
1610 3337 1633 3386 Δ

706 3404 803 3426 Q*
811 3402 897 3423 ω
939 3398 1130 3424 Μ
1169 3397 1371 3425 ’ΚΝ
1409 3398 1601 3421 Μ

718 3443 790 3486 tonus
808 3438 887 3484 minor
952 3435 1107 3483 semitonium
1191 3438 1243 3479 ton.
1262 3434 1341 3493 major
1412 3438 1484 3481 tonus
1503 3435 1582 3494 major

920 3559 1075 3609 diatessaron
1094 3558 1174 3605 minus

952 3625 1571 3676 Μ

1137 3684 1291 3733 diatessaron
1309 3686 1398 3745 majus.

562 3797 628 3847 Nam
648 3802 737 3861 quarta
755 3796 788 3854 D,
808 3797 830 3845 G
849 3803 947 3847 constat
965 3805 1023 3846 tono
1047 3800 1157 3859 majore,
1183 3799 1276 3846 minore
1302 3803 1328 3846 et
1352 3798 1499 3854 semitonio;
1526 3806 1553 3848 at
1571 3804 1662 3862 quarta
1681 3800 1712 3855 E,
1732 3801 1756 3849 Δ
1777 3815 1829 3851 oen.

474 3875 526 3920 stat
545 3884 575 3919 ex
595 3869 689 3917 duobus
717 3870 781 3916 tonis
809 3871 942 3930 majoribus
971 3884 1026 3918 cum
1054 3870 1190 3917 semitonio.
1231 3868 1312 3927 Quam
1341 3869 1506 3917 differentiam
1533 3870 1619 3918 musici
1648 3869 1774 3920 hactenus
1797 3871 1830 3920 rel

474 3943 627 4006 ignorarunt,
646 3939 684 3988 vel
703 3940 801 3988 silentio
819 3942 1014 4002 praeterierunt,
1043 3953 1118 3988 unam
1142 3940 1265 3987 duntaxat
1293 3940 1447 3988 diatessaron
1475 3942 1656 4003 proportionem
1685 3949 1829 3992 stabianus

473 4012 543 4062 Idem
562 4012 593 4060 de
612 4011 728 4072 diapente
757 4010 904 4066 dicendum,
931 4011 996 4073 quod
1013 4010 1099 4058 itidem
1119 4010 1208 4072 duplex
1226 4012 1312 4059 musici
1341 4011 1566 4073 deprehenderunt,
1593 4014 1677 4074 majus
1696 4014 1792 4063 scilicet
1808 4023 1830 4063 et

474 4083 571 4137 minus:
592 4089 619 4130 at
636 4095 688 4130 una
705 4082 827 4145 proportio
849 4075 877 4143 Ὗ,
899 4084 995 4144 utrique
1014 4080 1202 4130 constituendae
1221 4082 1334 4132 sulficere
1352 4098 1402 4130 non
1420 4088 1508 4145 potest.
1537 4081 1621 4141 Quare
1638 4090 1669 4132 ut
1689 4083 1781 4148 duplex
1798 4093 1831 4133 est

475 4153 579 4216 quinta,
609 4152 730 4215 duplicem
758 4166 854 4216 quoque
879 4156 931 4214 ejus
959 4152 1139 4215 proportionem
1167 4159 1277 4201 statuere
1304 4167 1407 4202 necesse
1435 4155 1487 4201 erit.
1526 4152 1594 4213 Quos
1614 4159 1641 4203 tu
1659 4153 1700 4205 hic
1720 4163 1830 4220 aspectus

474 4222 603 4287 produces,
622 4223 663 4285 qul
681 4225 797 4287 geminae
816 4231 920 4286 quartae
939 4229 964 4273 et
983 4225 1098 4287 geminae
1117 4224 1218 4286 quintae
1236 4223 1423 4286 respondeant?

563 4293 676 4342 Hortaris
695 4309 742 4349 me,
762 4300 790 4342 ut
808 4299 890 4342 tecum
909 4294 939 4344 de
959 4295 1068 4357 genuina
1086 4300 1231 4356 aspectuum
1250 4308 1328 4344 causa
1346 4294 1495 4352 deliberem
1515 4293 1559 4344 sed
1578 4308 1629 4344 ram
1646 4295 1716 4347 hanc
1735 4297 1820 4346 intries

474 4364 561 4413 tiorem
580 4364 659 4422 rideo,
679 4378 752 4427 quam
770 4371 799 4413 ut
816 4365 885 4413 illam
904 4365 1006 4431 aggredi
1026 4364 1139 4413 audeam.

564 4434 629 4495 Quid
648 4449 717 4484 meus
730 4433 831 4484 Finkius
849 4436 943 4491 lecerit,
963 4436 1028 4485 unde
1048 4435 1129 4483 odium
1142 4435 1356 4497 Tychonianorum
1375 4437 1500 4492 meruerit,
1519 4450 1568 4484 non
1586 4435 1669 4485 rideo.
1702 4434 1731 4486 Si
1749 4438 1829 4487 m'asas

476 4522 493 4557 a
509 4504 582 4571 Rege
600 4508 626 4555 in
643 4505 750 4555 insulam
770 4508 846 4564 abiit,
876 4514 1015 4570 spectatum
1042 4508 1206 4555 instrumenta
1223 4508 1257 4555 ibi
1275 4507 1380 4561 relicta,
1407 4507 1529 4572 quidhoc
1555 4508 1642 4556 nocuit
1660 4508 1776 4572 Tychoni
1792 4513 1829 4557 aut

473 4575 662 4640 Tychoniauis?
692 4576 802 4634 Deinde,
822 4591 854 4627 an
873 4592 923 4628 non
941 4577 1018 4643 Regis
1044 4578 1162 4627 mandato
1187 4592 1274 4640 parere
1298 4592 1403 4642 aequum
1422 4576 1487 4626 tuit?
1517 4576 1562 4627 Ille
1581 4592 1644 4629 sane
1664 4580 1724 4628 olim
1742 4581 1770 4629 in
1785 4579 1828 4629 sair

474 4647 507 4698 ad
525 4664 565 4698 me
583 4648 658 4697 literis
678 4647 801 4709 Tychonis
819 4648 915 4698 labores
934 4655 959 4699 et
977 4649 1122 4698 iudustriam
1140 4664 1237 4712 semper
1254 4646 1361 4698 marinis
1380 4649 1498 4704 laudarit.
1517 4646 1650 4712 propter'es
1666 4666 1719 4700 non
1738 4664 1828 4715 possum

473 4720 583 4769 animum
608 4718 726 4767 inducere
745 4724 773 4766 ut
791 4720 904 4777 credam,
934 4720 1001 4769 illurn
1030 4722 1161 4784 quicquam
1190 4721 1332 4770 auctoritati
1351 4727 1377 4769 et
1393 4719 1477 4768 honori
1497 4722 1550 4781 ejus
1569 4719 1709 4771 detraxisse
1728 4721 1767 4772 rel
1785 4720 1827 4771 nu

472 4791 569 4840 ratione
588 4804 645 4839 eum
663 4788 774 4839 laesisse.
1750 4819 1753 4824 -

562 4859 665 4910 Jordani
683 4859 760 4909 Bruui
779 4861 902 4910 insaniam
929 4862 1012 4910 mirari
1029 4863 1091 4911 satis
1113 4876 1228 4925 nequeo;
1257 4861 1314 4924 quid
1334 4860 1394 4911 lucri
1423 4860 1567 4925 acquisivit,
1596 4866 1683 4912 tantos
1711 4862 1828 4914 cruciatu

475 4929 642 4981 sustinendo?
661 4929 688 4981 Sl
701 4930 781 4982 nullus
801 4938 867 4981 esset
879 4930 948 4981 Deus
966 4933 1087 4982 scelerum
1099 4933 1188 4981 vindex
1203 4930 1243 4992 (ut
1254 4934 1306 4996 ipse
1320 4929 1444 4994 credidit),
1464 4932 1582 4996 numquid
1595 4933 1698 4998 impune
1717 4933 1828 5000 potabat

476 5000 592 5052 simulare
611 5001 714 5067 quidvis,
733 5008 761 5051 ut
777 5003 827 5053 hac
845 5003 941 5052 ratione
958 5004 1035 5053 ritem
1054 5003 1207 5053 redimeret?
1227 5028 1259 5037 -
