4584 6192
571 612 639 685 384
1068 616 1240 667 Aaronom
1257 614 1319 667 em
1337 614 1436 680 opaca.

658 796 743 858 Talis
766 794 872 857 Lunae
895 793 1017 873 eclipsis
1040 794 1106 855 visa
1128 802 1177 855 est
1200 793 1368 875 nuperrime
1396 789 1496 868 1603,
1520 787 1604 875 8118.
1627 792 1825 868 Novembris,
1851 811 1928 872 quae

571 905 637 950 cum
662 884 829 965 incepisset
853 883 937 964 quasi
961 879 1023 946 65⁰
1045 904 1063 944 a
1087 883 1199 945 vertice
1224 885 1262 945 ad
1286 882 1439 943 sinistram
1472 883 1675 953 numerando,
1708 881 1799 942 desiit
1823 881 1930 943 umbra

572 993 628 1037 non
653 974 774 1055 penitus
790 973 829 1034 ad
852 971 996 1034 verticem
1017 972 1221 1051 perveniente,
1247 972 1300 1032 sed
1318 970 1414 1032 adbuc
1434 972 1471 1030 ad
1493 971 1646 1033 sinistram
1662 977 1807 1050 vergente
1821 987 1929 1031 versus

572 1072 680 1126 ortum.
726 1063 806 1125 Nam
830 1062 887 1123 luit
909 1060 939 1121 in
967 1060 1104 1122 orientali
1134 1062 1300 1139 quadrante
1332 1060 1535 1121 meridionalis
1568 1060 1718 1132 defectus,
1753 1059 1841 1119 Luna
1871 1060 1928 1119 de-

571 1152 735 1215 scendente
759 1152 788 1211 in
811 1148 974 1212 meridiem.

662 1237 773 1318 Coepit
797 1235 849 1301 10‘
867 1246 1027 1317 postquam
1042 1238 1236 1299 culminasset
1252 1239 1358 1299 dexter
1376 1239 1516 1299 humerus
1531 1237 1667 1317 Aquarii,
1691 1255 1757 1299 cum
1777 1236 1842 1316 jam
1857 1245 1930 1298 aute

572 1328 726 1391 dimidiam
748 1328 853 1389 horam
878 1327 975 1387 lumen
998 1326 1168 1406 pallescens
1188 1326 1240 1387 illa
1258 1327 1327 1405 ipsa
1348 1334 1436 1404 parte
1459 1334 1624 1399 notaretur,
1645 1326 1693 1386 vel
1712 1326 1802 1404 paulo
1823 1346 1931 1388 versus

571 1417 726 1479 sinistram
757 1414 900 1487 inferius,
931 1434 1057 1495 cumque
1087 1414 1141 1477 Sol
1175 1415 1264 1476 fuerit
1290 1415 1321 1476 iu
1349 1412 1411 1476 25⁰
1433 1411 1486 1476 55⁴
1508 1425 1557 1503 lp}
1589 1415 1662 1476 hora
1694 1415 1762 1475 hinc
1794 1413 1932 1493 arguitur

574 1502 608 1568 6.
630 1503 694 1568 21¹.

659 1592 759 1655 Desiit
782 1588 814 1654 3‘
838 1599 999 1671 postquam
1023 1602 1116 1671 caput
1139 1591 1352 1653 Andromedae
1376 1592 1588 1664 culminasset,
1613 1607 1686 1669 ergo
1711 1591 1785 1651 hora
1808 1588 1838 1653 8.
1866 1590 1929 1653 17¹.

571 1682 698 1744 Duratio
718 1682 748 1741 h.
767 1680 794 1742 1.
811 1676 874 1743 56⁴.
913 1680 1063 1762 'lychonis
1085 1681 1217 1741 calculus
1237 1681 1338 1758 prodit
1358 1679 1389 1743 2.
1409 1677 1468 1742 10‘.
1506 1680 1582 1742 Mihi
1603 1698 1676 1741 sane
1697 1680 1778 1740 circa
1797 1678 1930 1740 medium

572 1772 667 1832 rninus
690 1778 799 1849 quarta
812 1783 900 1848 parte
915 1770 1021 1830 deesse
1045 1770 1225 1848 putabatur:
1252 1776 1285 1830 at
1308 1767 1531 1830 contendebant
1551 1766 1602 1830 alii
1615 1766 1683 1847 plus
1707 1775 1817 1847 quarta
1839 1776 1929 1847 parte

572 1858 738 1920 delituisse.
775 1858 822 1919 De
846 1858 1086 1919 circumferentia
1109 1858 1229 1937 quidem
1252 1858 1349 1918 minus
1381 1852 1427 1940 Ἃ,
1451 1857 1519 1936 plus
1547 1850 1580 1939 Ἰι
1603 1855 1711 1917 abesse
1736 1856 1928 1916 censebatur.

573 1946 777 2010 Consentiunt
809 1954 909 2008 autem
939 1946 1035 2008 haec:
1066 1945 1217 2005 deiectum
1250 1946 1410 2020 minorem,
1445 1945 1631 2006 durationem
1661 1945 1827 2007 breviorem
1860 1964 1928 2005 esse

572 2055 661 2117 quam
688 2036 716 2096 in
741 2035 865 2109 calculo,
891 2042 923 2096 et
945 2035 1079 2097 umbram
1103 2035 1139 2095 ad
1166 2034 1308 2095 verticem
1329 2054 1386 2096 non
1401 2035 1575 2113 pervadere.
1614 2033 1746 2096 Medium
1764 2032 1793 2094 h.
1815 2031 1845 2093 7.
1869 2030 1927 2107 19¹,

573 2126 652 2205 quod
685 2124 782 2204 ipsum
815 2123 959 2184 minutum
989 2122 1139 2205 'l'ychonis
1172 2123 1304 2184 calculus
1332 2123 1361 2185 in
1394 2121 1557 2184 meridiano
1592 2122 1766 2183 Huennensi
1806 2120 1930 2182 exbibet

571 2231 628 2293 pro
651 2231 725 2275 vera
749 2212 944 2291 longitudinis
955 2212 1182 2291 conjunctione,
1209 2230 1285 2290 quae
1308 2211 1441 2274 nonnihil
1464 2231 1484 2272 a
1506 2212 1604 2273 medio
1628 2210 1749 2289 eclipsis
1772 2209 1883 2271 differt.

660 2301 740 2363 Visa
763 2309 813 2361 est
845 2300 1084 2363 circumferentia
1117 2299 1335 2375 obtenebrata;
1368 2319 1434 2361 cum
1457 2299 1508 2361 vix
1538 2299 1711 2361 viderentur
1740 2297 1929 2359 clarissimae

571 2388 714 2452 Pleiades
737 2389 856 2469 aliquot
882 2389 1026 2468 gradibus
1049 2397 1202 2450 remotae:
1236 2390 1311 2449 adeo
1336 2390 1417 2450 clare
1440 2389 1527 2451 Luna
1559 2388 1650 2449 etiam
1673 2387 1703 2449 in
1728 2387 1833 2448 umbra
1857 2386 1929 2447 illu·

571 2479 747 2541 atrabatur:
772 2477 849 2558 quod
874 2479 913 2539 ad
936 2477 1093 2557 superiora
1115 2478 1204 2539 refer.

661 2565 750 2637 Quod
783 2565 930 2627 calculum
962 2566 1093 2640 attinet,
1124 2565 1152 2626 is
1183 2567 1272 2645 plane
1305 2565 1457 2627 consentit
1487 2564 1555 2625 huic
1585 2564 1801 2643 phaenomeno.
1847 2563 1929 2626 Nam

570 2656 600 2717 h.
617 2652 648 2719 8.
667 2653 719 2716 17’
744 2655 871 2732 angulus
894 2655 974 2716 inter
996 2654 1171 2716 verticalem
1196 2663 1228 2715 et
1251 2652 1421 2733 eclipticam
1444 2661 1493 2714 est
1507 2648 1645 2728 62⁰4&
1670 2654 1699 2715 in
1721 2653 1804 2732 cujus
1827 2651 1927 2714 sinum

574 2762 690 2804 summa
713 2742 1004 2805 semidiametrorum
1028 2737 1083 2806 60¹
1101 2739 1163 2805 16”
1187 2743 1304 2826 (Tycho
1329 2742 1406 2804 enim
1430 2742 1553 2804 umbrae
1576 2740 1829 2804 semidiametrum
1854 2741 1930 2802 iacit

573 2827 628 2894 dl‘
652 2827 705 2901 δ”,
730 2832 768 2892 de
792 2848 849 2910 qno
872 2850 926 2893 suo
950 2831 1032 2905 loco)
1065 2830 1279 2912 multiplicata,
1312 2832 1448 2893 ostendit
1480 2829 1667 2893 latitudinem
1695 2831 1752 2892 hoc
1774 2837 1928 2891 momento

573 2918 627 2983 53¹
650 2916 727 2994 40”,
753 2928 865 3000 quauta
890 2918 1007 2993 luisset,
1031 2919 1057 2981 si
1082 2920 1187 2982 umbra
1209 2921 1299 3001 plane
1323 2920 1352 2981 in
1377 2920 1490 2981 vertice
1513 2919 1664 2982 desiisset.
1702 2917 1771 2979 Jam
1793 2919 1831 2980 ad
1850 2917 1928 2978 sini-

573 3017 669 3070 stram
692 3008 801 3088 exiguo
826 3027 891 3069 cum
915 3008 1082 3082 declinarit,
1107 3027 1179 3087 ergo
1204 3019 1236 3069 et
1258 3008 1366 3087 exiguo
1390 3008 1486 3087 major
1504 3008 1630 3087 angulus
1654 3009 1733 3069 inter
1755 3006 1928 3086 eclipticam

541 3148 543 3151 .
572 3106 604 3158 et
626 3115 680 3176 per
703 3104 809 3158 centra
832 3107 962 3160 euntem.
1001 3094 1050 3159 Sit
1072 3097 1169 3176 major
1192 3094 1239 3172 5⁰,
1265 3106 1352 3158 tanta
1375 3097 1492 3158 scilicet
1515 3097 1676 3158 declinatio
1700 3097 1738 3157 ad
1762 3095 1927 3157 sinistram.

570 3186 652 3263 Ergo
677 3186 805 3246 latitudo
828 3184 885 3246 boc
910 3194 1059 3247 momento
1083 3184 1138 3249 55‘
1160 3181 1236 3259 48⁴¹,
1267 3187 1296 3245 in
1325 3186 1423 3246 medio
1452 3186 1541 3264 igitur
1570 3195 1641 3247 ante
1665 3186 1767 3246 horam
1791 3182 1846 3246 53⁴
1861 3181 1927 3245 20¹‘

571 3274 701 3345 circiter,
723 3274 801 3335 unde
827 3272 947 3335 sublata
965 3270 1020 3336 tl‘
1035 3271 1088 3348 δ”,
1113 3274 1284 3353 relinquunt
1299 3270 1330 3337 9¹
1349 3268 1411 3335 W
1430 3275 1467 3335 de
1491 3292 1614 3353 corpore
1633 3273 1737 3334 Lunae
1756 3273 1785 3334 in
1811 3273 1927 3347 umbra,

570 3363 661 3440 paulo
694 3362 761 3440 plue
795 3357 815 3423 3
845 3360 958 3441 digitis.
1011 3362 1063 3424 Sic
1095 3363 1187 3440 igitur
1217 3370 1251 3424 et
1282 3362 1413 3423 calculus
1445 3363 1502 3423 boc
1533 3363 1756 3439 phaenomeuon
1791 3361 1926 3440 requirit.

572 3449 708 3511 Similem
731 3450 793 3510 fere
809 3458 839 3510 et
854 3450 956 3529 'lycho
971 3450 1071 3512 Brahe
1095 3451 1180 3512 vidit.
1218 3453 1307 3512 Anno
1330 3451 1410 3512 euim
1425 3448 1478 3515 94.
1507 3448 1554 3514 19.
1571 3448 1641 3513 Oct.
1663 3470 1749 3512 mane
1765 3450 1794 3511 h.
1811 3448 1842 3511 5.
1859 3447 1926 3523 56',

571 3538 658 3599 Luna
681 3537 710 3598 in
734 3557 848 3599 summo
872 3538 970 3613 limbi,
1005 3540 1067 3613 vel,
1093 3548 1126 3602 ut
1149 3540 1178 3600 in
1203 3540 1299 3601 altero
1329 3540 1535 3601 observatorio
1558 3539 1675 3620 pictura
1708 3547 1835 3617 excepta
1860 3541 1926 3612 luit,

571 3626 692 3706 paulum
715 3627 753 3687 ad
779 3628 916 3687 dextram
940 3627 1093 3690 obscurari
1117 3630 1235 3708 coepit:
1266 3629 1402 3707 quamvis
1426 3629 1452 3689 is
1476 3629 1612 3700 defectus
1643 3627 1927 3688 occidentalioribus

571 3716 730 3776 admodum
755 3732 882 3792 magnus
907 3717 1091 3794 apparuerit.
1130 3719 1217 3778 Luna
1241 3717 1332 3795 igitur
1346 3719 1384 3777 ab
1400 3736 1508 3778 occasu
1532 3717 1632 3795 coepit
1655 3716 1808 3777 obscurari
1833 3726 1864 3776 et
1889 3716 1928 3776 ab

571 3804 677 3866 eadem
699 3803 792 3883 plaga
815 3804 966 3883 (quamvis
989 3804 1135 3866 Hueunae
1159 3807 1214 3865 sub
1238 3806 1347 3878 Terra)
1372 3825 1488 3866 rursum
1512 3806 1566 3866 fuit
1591 3806 1724 3883 impleta.

658 3890 722 3954 Sed
745 3892 775 3953 iu
791 3890 948 3954 Solaribus
972 3893 1140 3955 evidentior
1163 3902 1212 3954 est
1234 3894 1312 3954 ratio
1336 3902 1368 3953 et
1392 3895 1547 3972 quantitas
1566 3895 1604 3954 ob
1627 3895 1810 3973 parallaxes.
1845 3893 1928 3953 Nam

570 3981 597 4041 si
620 3981 801 4043 assumseris
833 3981 973 4060 angulum
1006 3981 1135 4043 visibilis
1170 3983 1235 4042 viae
1260 3983 1364 4043 Lunae
1388 3978 1457 4056 20⁰,
1492 3991 1621 4061 quantus
1647 4001 1702 4042 non
1737 3981 1831 4041 semel
1861 3981 1927 4059 jam

571 4078 728 4131 evaserat:
754 4087 861 4131 secans
885 4065 1013 4132 106418
1035 4071 1171 4132 dividens
1191 4089 1335 4131 summam
1357 4071 1656 4141 semidiametrorum,
1676 4089 1751 4149 quae
1772 4067 1815 4130 30
1835 4089 1928 4130 assu-

571 4167 669 4218 matur
698 4158 925 4231 tantummodo,
957 4160 1115 4220 constituit
1138 4153 1241 4241 28¹1„
1277 4160 1421 4238 reliquum
1452 4153 1508 4241 1Ἰε
1547 4178 1650 4237 parurn
1684 4159 1772 4218 abest
1796 4178 1815 4216 a
1838 4159 1929 4237 digiti

571 4247 750 4323 quantitate.
789 4247 895 4325 ltaque
919 4266 984 4308 cnm
1009 4247 1038 4307 in
1059 4248 1124 4326 ipso
1147 4249 1275 4310 articulo
1299 4248 1518 4326 conjunctionis
1541 4248 1667 4308 visibilis
1691 4265 1809 4305 summa
1833 4247 1928 4306 semi-

570 4334 785 4396 diametrorum
793 4343 903 4413 aequat
912 4336 1059 4396 visibilem
1070 4336 1174 4396 Lunae
1185 4337 1384 4409 latitudinem,
1400 4344 1502 4415 potest
1512 4345 1611 4396 tamen
1623 4336 1734 4413 digitus
1746 4334 1927 4407 deficere.*)

658 4421 776 4484 Sufficit
814 4432 916 4485 autem
947 4426 986 4484 ad
1027 4425 1315 4486 demonstrationem
1354 4426 1572 4502 expediendam
1611 4442 1768 4484 recensere
1810 4442 1929 4483 rursum

570 4519 706 4573 extrema
728 4512 928 4586 occasionum,
953 4512 1059 4591 quibus
1083 4512 1139 4574 hoc
1163 4515 1226 4575 fieri
1251 4513 1407 4590 contingit.
1446 4513 1577 4573 Rursum
1601 4512 1693 4589 igitur
1716 4521 1749 4572 ut
1772 4512 1801 4570 in
1820 4512 1927 4572 Luna-

569 4601 665 4672 ribus,
689 4608 721 4662 et
751 4607 894 4678 quantum
918 4601 956 4662 ad
980 4619 1082 4663 verum
1106 4603 1211 4663 Lunae
1235 4610 1361 4673 motum,
1395 4602 1556 4680 requiritur
1579 4601 1683 4661 Lunae
1717 4599 1847 4659 latitudo
1879 4600 1927 4659 vel

570 4689 817 4780 septentrionalis
850 4688 1026 4750 decrescens
1051 4698 1082 4751 et
1111 4691 1233 4770 eclipsis
1257 4691 1286 4750 in
1316 4697 1403 4750 ortu:
1435 4690 1483 4750 rel
1512 4689 1714 4749 meridionalis
1747 4690 1927 4749 decrescens

657 4898 780 4970 ‘PErgo
801 4905 877 4966 nota,
899 4902 969 4971 quod
991 4902 1049 4956 alia
1063 4902 1099 4955 sit
1120 4900 1276 4968 conjunctio
1296 4917 1363 4955 rere
1383 4902 1529 4954 secundum
1552 4902 1759 4971 longitudinem,
1783 4901 1841 4953 alia
1863 4919 1926 4953 con-

565 4978 673 5047 junctio
688 4995 827 5049 apparens
842 4983 989 5033 secundum
1009 4981 1220 5051 longitudinem,
1242 4980 1299 5033 alia
1314 4982 1429 5051 denique
1445 4982 1601 5051 conjunctio
1616 4998 1754 5050 apparens
1776 4983 1926 5033 secundum

569 5059 802 5129 propinquitatem
823 5061 978 5113 maximam.
1020 5061 1090 5113 Nam
1111 5060 1191 5112 Luna
1210 5060 1237 5112 in
1259 5063 1355 5113 eadem
1375 5060 1478 5113 visibili
1499 5061 1672 5130 longitudine
1693 5077 1753 5113 cum
1774 5060 1847 5123 Sole,
1871 5079 1926 5113 non

569 5145 663 5191 tamen
684 5147 728 5191 est
749 5141 776 5193 in
797 5139 1003 5208 propinquitate
1024 5139 1146 5193 maxima
1167 5140 1276 5203 visibili,
1298 5140 1350 5193 nisi
1371 5140 1408 5192 sit
1429 5142 1511 5210 plane
1532 5142 1671 5194 centralis.
