4584 6192
552 610 618 681 230
721 649 726 660 ·
1023 610 1214 676 Paralipomerra
1233 612 1258 660 iu
1277 608 1445 660 Vitellionom.

641 794 711 856 Jam
735 791 812 853 oculi
837 790 957 870 globum
982 789 1201 868 distinguamus
1226 788 1254 847 in
1279 783 1530 865 hemisphaerium
1560 804 1710 865 apparens
1741 795 1773 849 et
1800 788 1912 864 latens,

554 894 585 947 et
607 883 636 945 id
662 883 779 962 quidem
806 879 882 959 quod
907 887 1033 957 apparet
1059 878 1284 938 srrbdiridarnns
1309 876 1336 936 in
1363 875 1462 935 album
1487 883 1518 934 et
1542 877 1635 935 solem
1661 895 1713 936 seu
1738 877 1855 952 iridem,
1880 886 1915 941 ut

554 973 733 1053 explicatius
755 969 917 1048 loquamur.
965 967 1060 1045 Ajunt
1089 968 1181 1046 igitur
1212 964 1387 1034 anatomici,
1417 984 1435 1022 a
1464 982 1569 1024 crassa
1601 964 1737 1043 meninge
1772 969 1914 1046 pronasci

554 1061 733 1123 exteriorem
758 1057 838 1136 globi
863 1057 991 1118 ocularis
1017 1057 1158 1127 tunicam,
1185 1075 1259 1134 quae
1285 1054 1350 1114 sola
1374 1062 1469 1113 totum
1490 1053 1605 1113 oculum
1620 1055 1833 1133 amplectatur,
1859 1058 1914 1118 sed

555 1150 717 1213 secundnm
741 1148 876 1207 diversas
902 1147 964 1224 ejus
988 1152 1092 1223 partes
1117 1145 1239 1205 diversa
1261 1143 1407 1203 sortiatur
1422 1141 1542 1202 nomina
1566 1152 1597 1203 et
1612 1143 1798 1206 affectiones.
1833 1146 1915 1207 Nam

556 1237 681 1301 anervi
710 1236 801 1316 optici
830 1236 886 1295 fine
919 1253 974 1312 per
1004 1242 1100 1293 tolum
1133 1232 1387 1312 hemisphaerium
1421 1232 1519 1291 latens
1552 1240 1585 1290 et
1614 1250 1667 1309 per
1702 1233 1803 1295 album
1837 1236 1915 1295 oculi

554 1346 662 1389 nomen
687 1327 780 1387 babet
803 1327 1039 1401 σκληρωὸης
1070 1324 1210 1395 tunica,
1245 1331 1276 1381 et
1299 1322 1382 1391 dura,
1407 1339 1521 1392 crassa,
1550 1339 1655 1398 opaca,
1681 1322 1752 1382 alba
1776 1341 1811 1383 ac
1836 1341 1913 1402 pene

555 1415 753 1494 cartilaginea
776 1423 842 1473 est:
868 1432 939 1491 pars
963 1430 1033 1470 rero
1059 1430 1109 1485 ea,
1140 1431 1215 1490 quae
1241 1411 1333 1469 solem
1368 1409 1444 1469 oculi
1473 1409 1603 1487 obtegit,
1633 1410 1787 1488 pellucida
1810 1421 1860 1472 est
1884 1420 1916 1473 et

556 1505 735 1586 protuberat
759 1502 853 1562 iudice
877 1500 1028 1574 Jessenio,
1054 1510 1085 1560 et
1109 1502 1293 1577 suffragante
1319 1498 1504 1576 experientia
1528 1498 1724 1578 diligentique
1749 1501 1828 1561 oculi
1853 1502 1914 1563 vivi
1976 1563 1983 1579 ,

554 1593 756 1675 inspectione:
782 1592 825 1651 sic
850 1599 883 1651 ut
907 1608 1043 1649 cornea
1066 1588 1189 1649 minoris
1214 1589 1360 1666 sphaerae
1380 1587 1479 1666 portio
1504 1587 1553 1655 sit,
1578 1588 1789 1650 sclerodes
1814 1592 1913 1670 majo-

556 1681 615 1744 ris:
649 1681 726 1761 quod
751 1680 910 1758 diligenter
934 1678 1078 1738 memoria
1102 1679 1289 1738 retinendum
1315 1686 1370 1737 est.
1420 1673 1566 1744 Quamvis
1598 1677 1626 1736 in
1660 1685 1748 1738 tanta
1777 1679 1914 1740 exilitate

554 1780 686 1850 nequeat
711 1768 853 1847 distingui
878 1768 1062 1846 splraeraene
1097 1786 1133 1825 an
1168 1765 1357 1845 sphaeroidis
1390 1765 1491 1843 potins
1515 1764 1612 1843 portio
1637 1765 1686 1827 sit.
1735 1767 1915 1848 Priusquam

555 1869 656 1921 antem
682 1858 719 1918 ad
745 1858 876 1935 reliquas
901 1856 976 1916 duas
1000 1855 1119 1915 tunicas
1145 1856 1297 1927 accedam¹
1324 1854 1409 1932 plura
1434 1854 1470 1914 de
1493 1854 1548 1914 hac
1569 1853 1711 1914 exteriori
1727 1856 1830 1917 tunica
1845 1865 1916 1919 sunt

556 1947 693 2009 dicenda.
734 1947 813 2008 h'am
838 1946 896 2005 etsi
921 1945 995 2004 lraec
1020 1952 1159 2022 respectu
1184 1950 1352 2004 ceterarum
1376 1942 1586 2021 principalium
1610 1944 1742 2004 exterior
1766 1955 1830 2006 est:
1857 1966 1914 2008 non

555 2044 655 2099 tamen
682 2044 730 2096 est
754 2034 847 2095 totius
872 2034 949 2094 oculi
975 2034 1128 2093 extimum.
1177 2032 1297 2092 Etenim
1324 2032 1350 2091 in
1375 2031 1603 2109 hemisphaerio¹
1629 2031 1743 2093 latente
1771 2034 1915 2096 musculis

558 2126 671 2205 tegitur
695 2132 761 2185 tota
785 2123 919 2183 omnibus
944 2121 1079 2201 partibus
1103 2131 1134 2182 et
1159 2140 1234 2200 qnae
1258 2122 1285 2179 in
1312 2121 1400 2199 globo
1426 2130 1549 2181 suntet
1574 2140 1650 2199 qnae
1675 2121 1704 2181 in
1720 2123 1821 2200 optico
1841 2142 1914 2203 pro-

557 2234 660 2276 cessu:
686 2214 764 2293 iique
789 2212 913 2273 musculi
938 2230 1081 2271 neruosas
1107 2209 1316 2270 extremitates
1341 2229 1393 2269 seu
1419 2210 1584 2270 tenuitates
1609 2210 1750 2272 emittunt
1767 2212 1861 2273 etiam
1885 2213 1914 2273 in

555 2304 639 2365 illam
670 2302 789 2363 tunicae
818 2299 963 2361 sclerodis
991 2308 1126 2378 partem,
1158 2318 1234 2377 quae
1259 2297 1358 2358 estin
1389 2298 1457 2357 albo
1491 2299 1581 2370 oculi,
1609 2318 1685 2375 quae
1710 2319 1776 2361 earn
1799 2302 1916 2381 passim

488 2459 492 2465 ,
557 2393 788 2472 amplectuntur.
834 2390 939 2468 Neque
965 2389 1020 2449 boc
1044 2389 1150 2462 solum,
1186 2388 1240 2449 sed
1272 2386 1365 2447 etiam
1399 2409 1417 2446 a
1449 2388 1616 2466 perieranio
1645 2388 1778 2451 nascitur
1816 2391 1917 2469 aliqua

555 2480 737 2552 membrana,
764 2479 903 2538 adnata
927 2496 979 2537 seu
1003 2478 1170 2537 adhaerens
1191 2496 1243 2536 seu
1263 2474 1453 2548 incaseatum
1473 2476 1565 2547 dicta,
1590 2478 1636 2537 cui
1658 2478 1764 2553 globus
1785 2480 1868 2542 oculi
1881 2498 1915 2539 eo

557 2569 586 2631 iu
611 2569 720 2630 circulo
746 2568 853 2627 affixus
878 2572 933 2637 est,
961 2584 1017 2643 quo
1043 2567 1141 2626 latens
1166 2564 1417 2643 hemisphaerium
1448 2565 1486 2624 ab
1516 2567 1674 2643 apparenti
1708 2566 1913 2647 distinguitur.

557 2656 644 2729 Quae
669 2655 843 2716 membrana
866 2655 926 2715 illic
951 2654 1070 2732 gemina
1095 2656 1203 2715 ell'ecta
1225 2654 1294 2714 bino
1324 2654 1484 2734 palpebras
1509 2655 1671 2732 succingit,
1699 2655 1768 2716 inde
1798 2657 1914 2718 solero-

557 2747 624 2808 dem
648 2745 781 2806 tunicam
806 2744 928 2822 ejusque
953 2751 1158 2821 superstratas
1184 2744 1383 2803 musculorum
1408 2761 1553 2803 nervosas
1570 2744 1780 2804 extremitates
1796 2746 1913 2826 integit,

555 2833 716 2915 perspicua
739 2833 815 2910 ipsa,
841 2839 874 2892 ut
898 2832 967 2892 alba
991 2831 1144 2892 sclerodes
1171 2833 1271 2892 tunica
1295 2832 1486 2892 nihilominus
1511 2843 1596 2893 trans
1621 2834 1697 2893 lianc
1712 2833 1855 2897 videatur
1878 2833 1915 2896 ab

556 2922 792 3002 inspicientibus.
826 2918 914 2990 Quod
939 2920 965 2980 si
989 2920 1064 2980 bene
1079 2920 1252 2981 Jesseninm
1277 2920 1421 2998 intelligo,
1446 2921 1512 2981 vult
1534 2921 1584 2981 ille
1609 2941 1665 2982 non
1683 2923 1783 2983 album
1799 2932 1915 2984 tantum

557 3011 633 3073 oculi
663 3012 716 3071 sed
746 3021 777 3070 et
808 3010 902 3070 solem
931 3009 1028 3088 ipsum
1060 3010 1115 3069 bac
1150 3010 1300 3087 pellucido
1330 3018 1359 3069 et
1393 3009 1571 3071 tenuissima
1601 3011 1775 3072 membrana
1805 3012 1914 3090 integi:

556 3101 633 3181 quod
659 3099 778 3180 quidem
801 3098 951 3178 requirere
985 3098 1102 3159 videtur
1136 3098 1285 3159 affixionis
1320 3100 1382 3159 lex:
1413 3118 1478 3158 cum
1508 3100 1611 3159 oculus
1640 3100 1695 3160 hoc
1724 3100 1915 3178 potissimum

556 3188 673 3251 uinculo
699 3189 727 3249 in
753 3207 806 3249 sno
831 3206 905 3247 cavo
930 3188 1104 3248 retineatur.
1155 3186 1294 3248 Ceterum
1321 3188 1460 3247 Platerus
1485 3196 1589 3266 aperte
1615 3207 1755 3250 corneam
1770 3190 1912 3263 tunicam,

557 3298 632 3358 quae
656 3297 727 3357 pars
743 3285 791 3336 est
814 3275 960 3336 sclerodis
981 3275 1036 3335 soli
1052 3276 1128 3337 oculi
1145 3276 1279 3348 obtenta,
1306 3277 1416 3336 nudam
1432 3277 1556 3337 asserit:
1583 3277 1659 3337 forte
1676 3278 1753 3357 quod
1769 3279 1913 3340 rubentes

557 3367 627 3427 illae
652 3366 788 3438 venulae,
814 3384 888 3444 quae
914 3364 1056 3425 beneficio
1081 3365 1169 3443 hujus
1195 3365 1388 3425 adhaerentis
1413 3367 1605 3426 membranae
1635 3385 1689 3445 per
1712 3367 1814 3427 album
1838 3367 1914 3429 oculi

557 3454 697 3516 videntur
721 3453 900 3525 discurrere,
928 3472 1017 3532 super
1040 3454 1134 3514 solem
1159 3454 1236 3514 oenli
1262 3474 1314 3514 sen
1340 3471 1429 3531 snper
1453 3474 1592 3514 corneam
1616 3475 1673 3516 non
1699 3455 1914 3533 ingrediantur.

645 3543 729 3603 Haec
755 3541 945 3603 discretionis
969 3562 1062 3603 causa
1086 3552 1156 3603 sunt
1181 3543 1294 3614 addita,
1322 3544 1457 3621 quamvis
1483 3563 1539 3603 non
1567 3544 1680 3604 faciant
1704 3546 1742 3604 ad
1759 3546 1915 3606 formanda

557 3641 611 3695 aut
633 3630 826 3711 percipienda
860 3650 955 3691 rernm
990 3632 1171 3692 simulachra
1200 3641 1231 3691 et
1262 3641 1378 3692 tantum
1411 3633 1448 3692 ad
1483 3643 1594 3693 motum
1629 3642 1660 3693 et
1692 3633 1912 3713 religationem,

559 3722 661 3784 forsan
687 3729 718 3780 et
742 3720 933 3781 nutritionem
953 3721 1029 3782 oculi
1054 3721 1235 3798 pertineant.
1284 3720 1492 3798 Suspicionem
1522 3722 1640 3799 quidem
1665 3723 1773 3783 albedo
1798 3723 1914 3784 selern-

558 3810 605 3871 dis
631 3818 661 3871 et
685 3809 795 3870 diversi
820 3811 935 3872 colores
962 3810 1045 3870 iridis
1070 3809 1169 3869 dictae
1198 3810 1342 3888 praebere
1377 3810 1502 3889 possint,
1538 3811 1623 3888 quasi
1648 3821 1679 3871 et
1702 3811 1856 3872 exteriora
1879 3811 1915 3871 ad

557 3900 702 3961 visionem
728 3898 849 3970 faciant,
876 3917 941 3958 cum
966 3897 1027 3958 sint
1052 3899 1194 3959 interiora
1218 3898 1387 3975 nigerrima,
1414 3900 1565 3959 exteriora
1590 3899 1664 3959 adeo
1690 3900 1770 3961 alba.
1819 3899 1914 3962 Cete-

557 4009 620 4050 rum
647 3986 696 4068 qui
721 3987 797 4047 intro
823 3986 934 4066 aliquid
959 3988 1117 4047 conterant
1141 4006 1198 4046 non
1225 3988 1373 4065 intelligo,
1401 4008 1466 4048 cum
1492 4007 1543 4060 ea,
1570 3989 1676 4067 quibus
1702 3989 1914 4061 subducuntur,

557 4084 589 4138 et
613 4078 710 4138 colore
736 4076 896 4154 nigerrimo
922 4084 952 4136 et
968 4076 1131 4154 opacitate,
1158 4077 1316 4136 transitum
1340 4076 1414 4154 ipsis
1434 4096 1490 4137 non
1506 4078 1777 4155 praebeantiutro.
1809 4079 1915 4158 Itaque

557 4166 583 4226 si
608 4185 701 4226 cansa
726 4165 829 4225 borum
856 4165 930 4226 oculi
956 4165 1087 4225 colorum
1111 4165 1202 4225 altior·
1227 4175 1283 4238 est,
1310 4185 1398 4244 qnam
1423 4167 1567 4226 materiae
1598 4186 1673 4246 pene
1699 4166 1915 4246 cartilagineae

557 4253 735 4326 necessitas,
761 4255 799 4313 ad
825 4255 1002 4314 lirnrandam
1027 4254 1103 4314 oculi
1129 4254 1288 4315 rotundam
1313 4274 1482 4316 cameram:
1509 4275 1565 4315 non
1592 4255 1737 4316 dissimile
1762 4274 1835 4316 vero
1859 4266 1915 4329 est,

558 4341 625 4402 ideo
649 4342 743 4401 solem
767 4342 888 4413 dictum,
914 4344 982 4403 albo
1007 4342 1222 4403 circumdatum
1248 4352 1279 4402 et
1303 4345 1418 4422 nigrum
1439 4345 1466 4403 in
1484 4352 1586 4405 centro
1603 4364 1679 4418 esse,
1705 4345 1802 4422 ipsum
1818 4346 1917 4406 coloro

558 4430 617 4492 alio
642 4449 735 4509 eoque
761 4432 836 4491 alias
860 4432 934 4504 alio,
961 4440 994 4492 nt
1017 4432 1062 4491 sol
1086 4432 1133 4491 vel
1159 4432 1210 4492 iris
1236 4432 1264 4492 in
1290 4433 1373 4505 albo,
1406 4434 1519 4511 nigrum
1549 4434 1577 4492 in
1612 4433 1685 4494 iride
1710 4441 1796 4494 tanto
1821 4434 1916 4511 magis

557 4520 595 4579 ab
620 4526 706 4580 extra
730 4521 983 4598 conspicerentur,
1008 4530 1170 4600 possetque
1196 4521 1261 4600 quis
1287 4532 1411 4599 aspectu
1428 4522 1575 4601 judicare,
1602 4542 1639 4582 an
1660 4523 1688 4583 in
1704 4542 1737 4582 se
1753 4523 1919 4602 conjiceret

557 4608 634 4669 alter
658 4608 768 4668 oculos.
809 4608 976 4669 Considera
1001 4627 1071 4669 roro
1096 4620 1126 4671 et
1155 4629 1198 4690 pr.
1217 4607 1268 4671 38.
1296 4610 1371 4690 Cap.
1400 4613 1434 4684 1.,
1461 4631 1497 4671 an
1523 4611 1589 4671 ideo
1614 4612 1720 4689 globus
1745 4612 1825 4674 oculi
1848 4611 1918 4673 alba

556 4697 657 4758 tunica
681 4696 894 4771 circumdetur,
921 4708 954 4758 ut
977 4719 995 4758 a
1020 4700 1084 4759 lnce
1101 4698 1183 4760 Solis
1208 4699 1309 4759 mitius
1335 4701 1468 4774 leniatur,
1494 4720 1550 4760 neu
1576 4701 1758 4768 destruatur,
1783 4700 1809 4761 si
1831 4702 1919 4780 nigra

557 4787 639 4847 l'acta
664 4786 782 4847 fuisset.

646 4873 787 4936 Secunda
811 4874 901 4954 igitur
925 4876 1001 4937 oculi
1025 4876 1135 4948 tunica,
1162 4894 1237 4954 quac
1262 4876 1390 4938 sclerodi
1415 4875 1598 4945 subducitur,
1627 4897 1645 4935 a
1673 4876 1755 4938 tenui
1778 4878 1917 4957 meninge

555 4963 669 5026 cerebri
695 4971 772 5037 orta,
797 4964 957 5044 posteriori
980 4973 1067 5048 parte
1092 4964 1306 5039 chornides,
1338 4964 1480 5026 anteriori
1506 4985 1600 5025 urea
1624 4966 1806 5045 appellatur.
1854 4969 1918 5029 Ner

555 5060 674 5114 tantum
697 5052 756 5113 situ
781 5054 920 5115 differunt
943 5054 1021 5115 istae
1046 5062 1165 5132 partes,
1197 5054 1249 5115 sed
1274 5064 1306 5113 et
1329 5054 1537 5115 crassitudine.
1576 5055 1654 5116 Nam
1679 5074 1754 5117 uvea
1778 5056 1919 5118 chornide

554 5140 728 5220 perhibetur
751 5142 841 5222 duplo
866 5143 1011 5206 crassior:
1048 5142 1175 5222 denique
1199 5152 1231 5204 et
1255 5144 1458 5223 applicatione
1483 5145 1521 5204 ad
1545 5144 1725 5205 exteriorem
1749 5146 1921 5207 sclerodern
