4584 6192
949 559 1161 611 xnrv-nvm.
1669 564 1735 632 53⁷

468 730 581 793 Radiet
605 732 696 793 stella
723 734 1011 814 perpendiculariter
1044 738 1073 798 in
1107 739 1226 800 lentem.
1274 737 1411 819 Papyrus
1443 740 1485 800 sit
1520 747 1592 819 post
1623 741 1736 806 lentem

377 839 445 881 cum
476 820 572 883 literis
602 821 745 898 legendis.
793 822 827 883 Si
856 824 921 886 lens
952 834 1000 886 est
1027 826 1175 907 utrimque
1209 828 1374 906 aequaliter
1404 847 1552 895 convexa,
1588 830 1736 894 distantia

376 910 420 971 sit
443 910 528 971 unius
553 910 766 972 semidiametri
792 912 911 984 (XLIII
936 921 966 974 et
989 913 1177 989 XXXIX),
1201 916 1246 975 sin
1271 916 1438 995 altrobique
1461 918 1570 996 plana,
1596 919 1735 982 diametri

377 996 556 1072 (XXXV).
577 1001 622 1060 At
636 1000 661 1060 si
677 1000 875 1080 inaequalium
891 1003 1124 1077 convexitatum,
1139 1004 1286 1066 distantia
1295 1006 1361 1085 plus
1377 1005 1501 1067 habebit
1512 1006 1734 1072 semidiametro

377 1086 512 1154 minoris,
536 1088 631 1149 minus
656 1088 803 1151 diametro
828 1090 937 1164 (XL).

465 1175 550 1238 LIII.
585 1177 786 1240 Problema.
824 1180 921 1241 Lente
938 1200 1072 1243 convexa
1091 1181 1188 1242 lumen
1213 1181 1249 1241 de
1273 1188 1361 1241 nocte
1386 1181 1561 1260 longissime
1580 1185 1734 1264 ejaculari.

465 1265 579 1325 Lumen
609 1266 649 1325 sit
678 1277 748 1345 post
782 1269 892 1329 lentem
926 1269 954 1329 in
988 1278 1097 1348 puncto
1132 1289 1294 1330 concursus
1327 1269 1538 1349 parallelorum
1572 1274 1733 1335 radiorum.

376 1353 474 1431 Igitur
497 1354 574 1414 radii
599 1354 718 1416 luminis
752 1358 942 1434 divergentes
972 1377 1076 1419 versus
1106 1359 1215 1418 lentem
1258 1359 1439 1419 refractione
1474 1359 1556 1422 lacta
1592 1362 1731 1440 paralleli

376 1442 503 1502 exibunt
526 1440 594 1517 (34,
616 1441 669 1515 35,
686 1441 737 1518 39,
754 1442 823 1517 uo).
872 1444 1022 1507 Conducit
1046 1448 1142 1507 lumen
1167 1448 1222 1507 hoc
1246 1449 1315 1526 poni
1339 1449 1367 1509 in
1393 1458 1495 1508 centro
1519 1451 1633 1527 speculi
1657 1468 1732 1512 con-

376 1531 458 1601 cavi,
483 1538 517 1591 ut
539 1532 615 1592 radii
640 1534 739 1594 aversi
763 1536 957 1595 reflectantur
981 1536 1009 1595 in
1035 1537 1130 1595 lumen
1157 1546 1188 1595 et
1220 1555 1273 1615 per
1304 1536 1334 1596 id
1367 1546 1525 1597 transcant
1554 1538 1583 1597 iu
1609 1539 1731 1600 lentem.

375 1616 493 1689 Quodsi
530 1622 692 1682 retraxeris
722 1624 818 1683 lumen
852 1645 870 1684 a
910 1624 1008 1696 lente,
1047 1624 1224 1684 illuminatio
1258 1624 1310 1685 illa
1343 1626 1508 1686 fortissima
1540 1646 1577 1686 ex
1615 1627 1732 1689 infinito

375 1708 501 1787 propius
525 1711 650 1770 accedet
675 1711 713 1771 ad
738 1712 858 1785 lentem,
883 1711 927 1772 ita
949 1715 1064 1792 poteris
1089 1714 1171 1773 illurn
1191 1713 1348 1787 moderari,
1374 1723 1408 1775 ut
1429 1714 1579 1776 illumines
1603 1716 1730 1795 aliquem

378 1797 475 1858 locum
500 1806 644 1876 quantum
668 1800 744 1859 velis
768 1801 932 1861 distantem
956 1802 1083 1874 (ΧΗ).

466 1886 551 1947 LIV.
598 1887 800 1951 Problema.
846 1890 1032 1950 Distantiam
1064 1891 1105 1951 rei
1130 1890 1257 1952 visibilis
1281 1892 1361 1951 lente
1385 1892 1532 1971 utrimque
1565 1892 1733 1972 aequaliter

376 1993 512 2036 convexa
536 1975 633 2037 metiri
658 1976 745 2037 unica
769 1978 909 2039 statione.
1199 1980 1203 1988 '

466 2063 544 2125 Nam
570 2066 595 2125 si
621 2065 739 2126 visibile
774 2067 906 2145 pingitur
937 2068 966 2127 in
992 2067 1137 2128 distantia
1165 2068 1270 2148 papyri
1296 2089 1314 2127 a
1338 2067 1417 2128 lente
1441 2068 1546 2148 majori
1570 2088 1659 2148 quam
1684 2077 1733 2130 est

375 2152 525 2213 diameter
559 2155 780 2226 convexitatis,
813 2156 931 2217 visibile
962 2157 1057 2216 minus
1091 2156 1188 2216 aberit
1221 2176 1309 2234 quam
1342 2157 1487 2218 diametro
1518 2159 1730 2220 convexitatis.

376 2238 497 2321 Quippe
522 2242 546 2302 si
570 2262 702 2324 papyrus
731 2244 830 2304 aberit
862 2245 1025 2319 diametro,
1051 2254 1081 2305 et
1105 2245 1225 2305 visibile
1249 2245 1344 2306 aberit
1374 2246 1521 2307 diametro
1549 2248 1730 2320 (XXXV.).

376 2327 478 2399 Quare
503 2331 594 2392 etiam
618 2333 643 2392 si
667 2351 799 2413 papyrus
823 2333 919 2394 minus
953 2334 1051 2394 aberit
1083 2335 1249 2408 diametro,
1286 2333 1401 2394 visibile
1430 2336 1497 2412 plus
1531 2335 1630 2396 aberit
1662 2336 1729 2395 dia-

375 2428 473 2480 metro
500 2420 625 2493 (XLI).
672 2422 807 2502 Denique
841 2423 865 2483 si
899 2442 1030 2504 papyrus
1058 2423 1225 2501 perlectam
1257 2423 1371 2483 habens
1403 2424 1550 2500 picturam
1584 2424 1730 2485 semidia-

374 2517 471 2570 metro
499 2510 700 2572 convexitatis
724 2521 812 2573 notae
837 2511 927 2585 absit,
952 2531 1000 2573 res
1024 2511 1187 2591 longinqua
1206 2512 1273 2586 erit,
1297 2520 1331 2571 ut
1350 2512 1514 2573 mensurari
1529 2513 1657 2592 amplius
1673 2531 1731 2573 uon

374 2598 474 2675 possit
497 2598 615 2677 pictura
638 2600 835 2672 (xxxix).

465 2687 534 2748 LV.
573 2687 780 2749 Problema.
828 2691 911 2749 Idem
934 2690 1015 2750 lente
1040 2706 1175 2748 convexa
1198 2697 1355 2765 praestare
1379 2689 1440 2749 alia
1460 2688 1592 2749 ratione:
1617 2688 1644 2749 si
1658 2697 1732 2750 uota

373 2775 417 2834 sit
440 2775 595 2855 quantitas
621 2778 662 2837 rei
688 2777 822 2838 visibilis.

464 2865 516 2926 Fit
537 2867 722 2943 perXLVl.
768 2867 847 2927 Nam
863 2876 896 2926 nt
911 2866 1065 2942 longitudo
1090 2865 1225 2943 picturae
1249 2864 1289 2924 ad
1313 2864 1377 2941 ejus
1402 2865 1578 2926 distantiam
1603 2866 1731 2937 alente,

373 2952 419 3014 sic
443 2954 600 3032 longitudo
625 2965 697 3015 nota
720 2954 762 3016 rei
786 2954 914 3016 visibilis
939 2955 977 3014 ad
1002 2955 1067 3032 ejus
1092 2953 1267 3014 distantiam
1291 2974 1310 3012 a
1333 2954 1425 3014 lente.

463 3042 548 3104 LVI.
595 3043 703 3105 Nota.
759 3044 789 3104 J.
814 3044 958 3122 Baptista
990 3044 1084 3103 Porta
1115 3042 1272 3120 pollicetur
1304 3043 1477 3121 problema,
1517 3043 1545 3103 in
1584 3042 1729 3105 infinitum

373 3132 548 3194 comburere
571 3152 625 3211 per
650 3133 758 3193 lineam
782 3134 941 3193 ustoriam:
976 3133 1053 3210 quod
1082 3131 1132 3191 ille
1163 3131 1199 3191 de
1228 3132 1349 3209 speculo
1373 3132 1486 3205 tradit,
1522 3132 1574 3192 alii
1597 3150 1668 3194 vero
1693 3133 1730 3193 de

373 3222 456 3282 lente
480 3240 614 3281 convexa
637 3241 739 3283 verum
763 3241 829 3282 esse
854 3222 1024 3299 opinantur.
1072 3221 1180 3282 Utrum
1213 3220 1364 3300 sequaris,
1396 3220 1596 3299 impossibilia
1619 3241 1730 3302 aggre-

373 3310 477 3371 dieris.
525 3309 689 3388 Repugnat
712 3310 814 3389 optica
837 3310 974 3371 scientia.

465 3398 573 3474 Primo,
599 3400 766 3460 combustio
791 3408 839 3460 est
862 3409 985 3478 propter
1008 3398 1172 3458 sectionem
1196 3397 1355 3457 radiorum.
1395 3395 1498 3458 Sectio
1518 3407 1661 3476 puuctum
1684 3407 1732 3461 est

373 3507 435 3549 uon
461 3489 549 3549 linea.
598 3487 751 3549 Secundo:
791 3489 817 3549 si
851 3490 878 3548 iu
911 3487 1055 3548 infinitum
1079 3484 1242 3557 comburit,
1277 3505 1348 3564 ergo
1377 3495 1409 3545 et
1432 3486 1461 3546 in
1485 3486 1552 3566 ipsa
1576 3487 1731 3564 superficie

372 3577 467 3638 lentis
491 3577 568 3637 unde
593 3577 673 3637 exit:
712 3598 803 3656 quare
838 3579 901 3637 lens
933 3577 1113 3637 destruetur.
1162 3574 1284 3642 Tertio,
1317 3575 1342 3633 si
1374 3576 1475 3635 radius
1509 3575 1638 3654 acquirit
1661 3576 1731 3635 'vim

373 3666 580 3735 comburendi,
605 3666 733 3745 acquirit
756 3687 824 3727 eam
848 3686 885 3726 ex
908 3666 1085 3726 collectione
1110 3663 1267 3723 multorum
1301 3663 1451 3723 radiorum
1486 3662 1516 3723 in
1540 3682 1639 3724 unum.
1686 3664 1732 3723 At

374 3756 432 3816 hoc
456 3755 642 3833 impossibile
667 3765 724 3816 est.
772 3756 856 3817 Unus
890 3755 968 3815 enim
1001 3753 1101 3814 radius
1134 3751 1161 3811 in
1196 3769 1284 3810 uuum
1318 3751 1408 3811 etium
1440 3760 1582 3831 punctum
1615 3751 1729 3813 incidit.

372 3846 419 3905 At
444 3844 529 3905 unius
553 3844 654 3922 puncti
679 3845 707 3904 in
732 3845 867 3925 qnalibet
889 3843 1046 3922 superficie
1079 3861 1137 3901 una
1161 3839 1252 3899 etiam
1276 3840 1341 3899 sola
1365 3848 1413 3899 est
1431 3839 1572 3901 retractio
1588 3839 1730 3919 cujusque

372 3933 451 3995 radii
483 3953 537 4013 per
570 3933 600 3993 id
632 3943 772 4011 puuctum
806 3932 1000 3993 transeuntis.
1055 3930 1139 3991 Unus
1177 3928 1269 4006 igitur
1301 3927 1392 3988 etiam
1424 3937 1495 4008 post
1526 3929 1557 3989 id
1589 3938 1732 4007 punctum

372 4021 488 4096 radius,
514 4042 573 4082 non
597 4022 682 4082 multi
702 4022 837 4083 distincti
853 4021 1061 4082 distinctarum
1076 4017 1313 4088 inclinationum,
1337 4016 1431 4096 quiin
1447 4037 1535 4078 uuum
1550 4017 1731 4080 refractione

371 4112 564 4189 colligantur.
612 4109 674 4172 Sed
698 4111 734 4171 de
759 4112 870 4171 haere
895 4111 972 4171 infra
995 4107 1095 4188 plura,
1121 4106 1170 4168 ubi
1201 4125 1333 4168 concava
1356 4107 1498 4168 convexis
1529 4106 1730 4170 associavero.

372 4263 568 4322 Hactenus
608 4262 649 4321 de
691 4235 788 4322 lente
825 4279 990 4323 convexa
1028 4259 1179 4338 ejusque
1222 4257 1348 4319 usibus
1387 4257 1484 4318 citra
1519 4266 1730 4335 respectum

418 4351 524 4413 oculi.
573 4350 654 4411 Jam
679 4351 720 4411 de
746 4351 792 4411 iis
818 4350 958 4424 usibus,
984 4368 1073 4428 quos
1098 4348 1209 4409 habet
1232 4348 1266 4407 in
1290 4346 1505 4425 adjuvanda
1527 4346 1683 4408 visione.

790 4439 837 4499 Et
859 4440 964 4518 prius
989 4439 1031 4498 de
1056 4438 1140 4515 ipsa
1164 4437 1321 4497 visione.

463 4553 565 4614 LVII.
612 4553 772 4616 Axioma
794 4554 1004 4634 Physicum.
1054 4553 1137 4613 Ares
1162 4569 1215 4629 per
1239 4558 1344 4612 centra
1366 4549 1498 4628 pupillae
1522 4557 1554 4611 et
1572 4548 1727 4611 humorum

372 4644 527 4705 oculorum
550 4650 743 4705 transeuntes
768 4644 897 4705 naturali
920 4653 1003 4704 motu
1026 4642 1074 4701 vel
1097 4640 1198 4719 potius
1222 4640 1321 4719 quiete
1345 4639 1482 4717 paralleli
1511 4648 1596 4714 suut,
1621 4638 1730 4699 voluu-

373 4733 452 4794 tarie
477 4751 548 4794 vero
571 4740 805 4812 contorquentur
828 4733 867 4792 ad
890 4732 1057 4812 propinqua
1080 4729 1321 4807 contemplanda.

464 4821 582 4884 LVIII.
628 4822 833 4883 Definitio.
880 4821 1035 4883 Distinota
1058 4820 1132 4881 visio
1158 4825 1224 4887 est,
1253 4818 1282 4877 iu
1314 4835 1373 4896 qua
1394 4823 1499 4897 partes
1523 4816 1567 4878 rei
1590 4816 1730 4878 subtilis·
1841 4899 1845 4906 .

375 4910 470 4973 simae
495 4911 616 4973 elucent
639 4911 723 4973 etin
747 4917 942 4990 conspectum
956 4908 1090 4970 veniunt.
1125 4906 1270 4979 Confusa,
1295 4906 1323 4966 in
1341 4925 1400 4985 qna
1412 4906 1550 4985 partibus
1564 4904 1730 4984 majoribus

374 5000 592 5082 apparentibus
615 5001 746 5063 minores
778 5001 875 5062 latent
898 5007 929 5061 et
958 4997 1052 5060 veluti
1080 4996 1277 5059 obliterantur
1304 5014 1358 5056 seu
1385 4994 1570 5057 obliniuntur
1597 4994 1730 5056 confusis

373 5091 455 5153 inter
477 5110 511 5153 se
534 5090 681 5154 terminis.
730 5090 831 5151 Fortis
855 5088 930 5151 visio
964 5107 1017 5150 seu
1048 5086 1132 5150 clara
1161 5095 1223 5159 est,
1254 5102 1321 5147 cum
1353 5103 1404 5164 res
1435 5084 1554 5147 videtur
1582 5084 1668 5167 quasi
1699 5083 1730 5146 in
