4584 6192
466 635 532 708 eor
973 626 1307 696 mmmm

469 815 567 878 reteri
599 812 739 893 scriptori
761 809 922 873 Annalium
946 809 1100 888 obtingere
1132 803 1285 886 potuisse,
1319 824 1373 867 uec
1396 824 1495 886 porro,
1519 803 1599 885 quod
1622 802 1652 865 in
1677 801 1814 865 thesibus

469 904 623 977 feceratis,
648 903 734 964 fidem
756 907 895 963 nauatae
919 899 957 960 ab
980 898 1031 960 illo
1054 897 1195 958 historiae
1220 893 1459 971 labefactabitis,
1485 894 1556 975 quin
1572 894 1676 976 potius
1700 911 1814 957 ruscum

488 993 647 1058 audebitis.

445 1016 487 1136 ·g
555 1080 741 1162 Scripseram
773 1077 909 1156 superius
941 1077 1105 1154 allegatam
1136 1074 1294 1154 epistolam
1325 1070 1374 1136 ld.
1399 1071 1578 1135 Novembris
1611 1091 1694 1134 anno
1720 1068 1814 1136 1606.

383 1219 387 1224 -
467 1172 569 1235 Testis
592 1177 642 1231 est
669 1168 741 1230 ruihi
774 1167 952 1246 disputator.
1000 1164 1159 1245 Sequentia
1192 1163 1282 1245 igitur
1311 1163 1380 1223 anni
1411 1157 1504 1225 1607.
1537 1162 1586 1223 die
1609 1158 1735 1237 Lunae,
1768 1164 1815 1243 qui

470 1262 527 1325 fnit
551 1252 655 1341 ldl'ld.
679 1255 763 1331 Maii,
787 1255 855 1317 auxi
879 1274 946 1316 mea
968 1254 1208 1318 observationum
1231 1252 1446 1315 commentaria
1466 1252 1523 1314 hac
1546 1251 1704 1332 pericopa,
1729 1271 1815 1337 quam

470 1350 508 1412 ad
531 1349 653 1411 verbum
676 1344 853 1407 exscribam.
937 1399 941 1408 .

560 1435 656 1513 „Corn
678 1434 863 1516 praecedens
887 1449 1015 1513 vespera
1032 1430 1091 1493 diei
1109 1428 1190 1494 Solis
1210 1430 1360 1512 ingentem
1384 1438 1499 1492 aestum
1523 1430 1626 1492 subito
1651 1430 1819 1491 excitasset
1857 1464 1858 1470 κ

468 1536 500 1591 et
521 1545 582 1589 una
608 1531 744 1598 rentum,
777 1542 836 1584 nox
863 1540 936 1583 vero
967 1519 1170 1602 pertenuisset
1202 1520 1375 1582 terribiliter
1404 1539 1470 1582 cum
1500 1520 1649 1582 imbribus
1673 1520 1821 1601 et'larga

467 1615 588 1699 pluvia,
621 1613 755 1675 viderem
782 1621 882 1675 antem
912 1611 1022 1672 nullum
1055 1617 1209 1690 aspectum
1232 1609 1262 1671 iu
1288 1608 1469 1672 calendario
1490 1610 1539 1671 vel
1562 1609 1819 1689 Ephemeridibus

468 1706 526 1769 nisi
560 1703 799 1784 conjunctionem
829 1699 909 1763 Solis
942 1707 973 1762 et
1001 1699 1161 1773 Mercurii,
1192 1717 1268 1779 quae
1299 1698 1466 1779 ponebatur
1497 1700 1536 1760 ad
1567 1698 1819 1778 vesperamdiei

472 1787 576 1875 19Γὶ9.
600 1790 776 1872 sequentiss
796 1790 881 1871 coepi
900 1788 1042 1868 cogitare,
1067 1788 1093 1850 si
1107 1788 1185 1849 forte
1208 1787 1376 1868 conjunctio
1399 1787 1473 1849 haec
1487 1787 1577 1849 biduo
1601 1788 1818 1869 anticiparent

471 1883 618 1961 fueritque
640 1897 769 1960 vespera
791 1879 850 1941 diei
875 1870 981 1961 17)*27.
1017 1876 1059 1938 Et
1077 1878 1140 1957 jam
1164 1885 1256 1939 antea
1277 1895 1521 1956 praemonueram
1544 1877 1720 1939 Matthiam
1743 1876 1818 1939 Seit-

472 1972 548 2045 fard,
573 1969 740 2031 studiosum
756 1968 908 2031 aBraheo
930 1966 1076 2041 relictum,
1100 1974 1135 2028 ut
1149 1965 1250 2030 Solem
1268 1974 1333 2029 toto
1352 1966 1456 2029 ultimo
1479 1966 1641 2046 quatriduo
1662 1967 1817 2047 diligenter

470 2060 652 2141 inspiceret:
684 2076 752 2118 uam
782 2065 921 2120 constare
951 2055 1022 2118 mihi
1047 2075 1083 2117 ex
1111 2055 1369 2118 observationibus
1392 2055 1578 2130 Braheauis,
1612 2057 1717 2118 nodos
1742 2057 1815 2118 rcer-

473 2149 546 2211 cun‘i
569 2166 636 2209 esse
659 2146 690 2207 in
714 2144 907 2208 Geminorum
930 2154 962 2206 et
984 2142 1143 2224 Sagittarii
1166 2145 1340 2224 principio..
1361 2150 1444 2225 (Vide
1469 2154 1642 2225 superiorem
1664 2156 1815 2227 epistolam,

472 2249 603 2318 scriptam
625 2246 750 2301 semestri
777 2240 866 2315 aute.)
898 2234 995 2314 lgitur
1016 2235 1075 2295 etsi
1098 2235 1283 2315 suspicabar,
1303 2235 1368 2314 jam
1392 2235 1537 2297 transisse
1567 2236 1814 2315 conjunctionem,

472 2338 573 2389 tamen
596 2343 662 2387 oum
681 2332 751 2405 post
763 2324 917 2387 meridiem
931 2324 1005 2386 hora
1021 2323 1146 2386 circiter
1164 2331 1272 2404 quarta
1293 2324 1425 2385 riderem
1449 2323 1541 2384 nubes
1560 2324 1685 2403 pulsas,
1712 2325 1813 2386 coelun

472 2415 663 2479 mediocriter
684 2432 837 2486 serenum,
860 2412 964 2493 abmpi
987 2432 1154 2474 sermonem
1176 2432 1241 2474 cum
1263 2412 1397 2487 Jesuita,
1421 2432 1478 2494 quo
1501 2431 1568 2474 cum
1595 2432 1692 2493 super
1717 2414 1770 2475 hac
1788 2431 1814 2474 rc

474 2505 627 2587 loquebar,
641 2510 674 2565 et
686 2504 807 2583 negotio
821 2502 1039 2566 observationis
1054 2501 1112 2582 ipsi
1131 2503 1203 2564 dato
1219 2503 1336 2564 domum
1353 2520 1399 2563 me
1411 2501 1510 2582 recepi
1525 2502 1582 2562 sub
1597 2509 1718 2565 tectum
1732 2505 1813 2564 alcun

473 2603 506 2657 et
523 2593 664 2674 amplum,
688 2591 840 2654 scandulis
859 2599 1004 2653 structum
1024 2590 1150 2653 rimosis.
1184 2589 1346 2654 Schemate
1365 2590 1484 2653 Solaria
1502 2591 1604 2652 omnia
1629 2593 1745 2673 duplae
1763 2594 1814 2653 lere

475 2681 689 2763 magnitudinis
700 2681 861 2744 schematis
872 2700 935 2761 seq.
947 2682 975 2742 in
986 2679 1121 2741 chartam
1132 2681 1313 2747 induebant.
1335 2685 1418 2760 (Vide
1432 2707 1514 2761 super
1527 2691 1584 2745 hac
1597 2710 1629 2746 re
1647 2694 1752 2764 Opties
1763 2710 1815 2746 mes

474 2799 535 2852 cap.
557 2776 606 2850 11.)
642 2769 702 2832 Ubi
726 2789 802 2851 quae
826 2771 899 2832 clari
932 2779 1019 2831 eraut
1049 2770 1185 2844 luminis,
1216 2769 1266 2831 ubi
1297 2771 1427 2853 loramep
1452 2769 1553 2831 Solem
1589 2772 1759 2833 admittens
1779 2774 1815 2832 iu

476 2878 630 2937 magnum,
655 2867 689 2921 ut
711 2879 769 2921 non
792 2861 877 2922 fieret
899 2858 1034 2939 plenaria
1056 2858 1230 2921 intersectio
1253 2859 1419 2931 radiorum,
1441 2878 1478 2920 ea
1500 2860 1575 2923 nihil
1603 2861 1813 2922 ostenderunt:

477 2967 566 3031 quam
589 2967 651 3010 rem
671 2949 853 3012 etJesuitae
877 2947 1032 3010 obstitisse
1054 2956 1136 3028 puto.
1175 2950 1220 3010 At
1237 2944 1392 3009 schemata
1406 2948 1504 3010 tenuis
1526 2949 1654 3012 luminis
1679 2951 1815 3012 maculam

476 3056 600 3120 parvam
622 3056 743 3099 muscae
767 3057 878 3120 parvae
901 3037 1103 3115 magnitudine
1126 3040 1156 3099 iu
1180 3037 1305 3100 sinistra
1327 3044 1359 3098 et
1379 3037 1511 3100 inferiori
1537 3048 1629 3118 parte
1660 3040 1815 3102 schematis

476 3127 668 3201 exhibebant,
692 3126 818 3189 dilutam
834 3129 930 3189 instar
942 3146 1028 3189 rarae
1052 3127 1225 3192 nubeculae.
1262 3126 1305 3188 Et
1318 3146 1354 3188 ne
1369 3146 1498 3210 papyrus
1517 3128 1656 3209 aliquam
1679 3132 1816 3191 maculan

476 3217 587 3280 habere
618 3223 791 3295 putaretur,
824 3218 927 3279 crebro
951 3215 1064 3278 mutavi
1085 3234 1248 3299 papyrum3
1278 3218 1395 3278 macula
1424 3235 1543 3297 semper
1567 3219 1698 3280 schema
1721 3238 1817 3300 seque-

477 3306 567 3368 batur
589 3323 674 3366 suum
697 3305 794 3368 locorh
815 3305 846 3367 in
869 3324 904 3367 eo
927 3312 1025 3368 tuens.

564 3394 612 3456 Ne
634 3413 705 3455 vero
728 3395 757 3455 in
782 3394 887 3457 itinere
920 3394 996 3457 radii
1028 3412 1172 3475 papymm
1204 3393 1282 3455 inter
1304 3401 1334 3455 et
1364 3394 1496 3456 toramen
1529 3393 1648 3475 aliquid
1682 3398 1819 3460 interesse

477 3490 635 3565 putaretur
653 3483 723 3545 telis
742 3502 916 3546 aranearum
940 3501 1127 3564 suspensum,
1152 3483 1228 3561 quod
1243 3484 1376 3545 umbram
1391 3485 1466 3545 hauc
1485 3484 1602 3545 faceret
1618 3485 1648 3546 in
1665 3488 1818 3556 schemate

480 3573 636 3634 schemata
659 3574 761 3635 crebro
785 3573 963 3652 permutavi.
1011 3571 1179 3634 Conscendi
1210 3571 1299 3632 etiam
1330 3573 1456 3634 alteram
1490 3572 1754 3652 contignationem
1776 3577 1819 3637 sub

477 3670 590 3723 tectum
614 3656 705 3723 aliud.
741 3662 817 3723 Erat
840 3672 871 3723 et
893 3662 922 3722 in
938 3661 1017 3723 illius
1041 3661 1115 3722 tecti
1139 3660 1339 3722 schematibus
1354 3660 1510 3724 Solaribus
1523 3680 1578 3740 per
1603 3665 1704 3727 rimas
1728 3676 1819 3729 tenues

479 3750 625 3830 ingressis
657 3750 728 3812 talis
760 3753 886 3812 macula.
937 3750 1073 3813 Discessi
1105 3749 1197 3829 igitur
1228 3751 1405 3812 advocatum
1436 3753 1536 3832 plures
1570 3760 1698 3828 testes,
1731 3757 1820 3817 relicto

478 3840 597 3919 hospite
622 3858 687 3901 meo
710 3840 748 3902 D.
773 3842 815 3903 M.
840 3840 1004 3901 Bacchatio
1022 3840 1152 3901 Rectene
1169 3839 1349 3901 Academiae
1368 3840 1529 3920 Pragensis
1554 3845 1641 3921 apud
1667 3846 1820 3913 schemata

480 3928 528 4009 qui
553 3928 608 3990 sub
631 3936 756 4009 utroque
779 3936 860 3991 tecto
885 3937 1038 4009 spectator
1061 3937 1092 3990 et
1115 3928 1203 3989 testis
1228 3928 1293 4003 fuit,
1318 3930 1451 4008 ejusdem
1475 3931 1503 3991 iu
1521 3932 1669 3995 omnihus
1695 3937 1820 3997 schema·

479 4019 558 4079 tibus
583 4018 788 4097 dispositionis
812 4019 946 4080 maculae
970 4019 1050 4080 illins
1074 4018 1112 4078 ad
1134 4018 1501 4097 margines·schematis.“

584 4151 655 4234 Epo
685 4152 730 4214 Μ.
762 4153 960 4216 Martinus
993 4154 1213 4229 Bcchoselc,
1247 4157 1302 4237 qui
1335 4155 1469 4236 interfui
1499 4154 1576 4218 laic
1610 4158 1821 4228 observatias

631 4244 741 4325 fateor
762 4263 828 4305 rem
849 4245 897 4306 ito
918 4263 951 4305 se
973 4244 1093 4307 babere.

569 4374 708 4449 „Cursim
740 4375 830 4455 igitur
862 4377 1047 4457 praeteriens
1079 4378 1189 4438 curiam
1213 4376 1447 4449 urbisveteris,
1478 4376 1538 4437 vidi
1575 4377 1730 4445 trientem
1759 4383 1824 4443 ultra

480 4462 654 4524 vicesimam
677 4464 803 4543 primam
822 4465 860 4526 ab
880 4484 986 4526 occasu
1012 4467 1146 4528 indicari.
1184 4467 1231 4528 Ex
1254 4467 1359 4528 itinere
1383 4465 1479 4527 obiter
1502 4465 1653 4531 admonui
1668 4472 1822 4535 Jesuitam:

482 4552 535 4612 sed
559 4554 596 4624 is,
620 4560 654 4613 ut
676 4553 799 4627 retulit,
824 4574 943 4635 precum
966 4556 1039 4618 hera
1062 4556 1193 4617 instante
1217 4555 1318 4617 Solem
1341 4574 1374 4616 se
1392 4555 1483 4634 jussit
1513 4567 1710 4636 expectare,
1734 4560 1823 4623 deiude

482 4641 626 4702 toramine
650 4661 720 4703 usus
743 4643 830 4704 nimis
854 4664 962 4723 magno
985 4646 1056 4707 nihil
1080 4646 1155 4708 vidit
1178 4646 1206 4706 iu
1231 4654 1293 4706 tam
1317 4645 1396 4708 claro
1425 4644 1580 4707 schemate
1610 4648 1762 4731 breuique
1781 4648 1823 4710 Sol

480 4730 618 4791 conditus
652 4730 814 4794 frustratus
847 4742 894 4794 est
926 4735 1088 4813 longiorem
1121 4736 1185 4814 ejus
1219 4734 1413 4814 diligentiam.
1460 4733 1530 4813 Ipse
1565 4755 1644 4799 arce
1675 4758 1824 4802 conscenso

480 4818 620 4899 priusque
641 4818 772 4881 Caesare
796 4840 850 4901 per
873 4822 1082 4885 cubicularium
1106 4825 1257 4885 admonito
1280 4823 1396 4905 perrexi
1415 4823 1445 4884 in
1461 4822 1619 4888 officinam
1645 4827 1824 4909 horologiarii

481 4907 570 4969 aulici
591 4906 673 4970 Justi
689 4909 802 4990 Byrgii.
832 4911 950 4972 Aberat
972 4912 1006 4973 is.
1043 4915 1123 4975 Usus
1147 4913 1238 4992 igitur
1261 4934 1325 4975 sum
1349 4911 1442 4991 ipsius
1465 4912 1583 4975 duobus
1611 4919 1772 4983 ministris.
1799 4917 1824 4978 ln

480 4996 624 5074 gradibus
648 4998 695 5077 qui
726 5018 763 5059 ex
793 5000 856 5060 lato
881 5001 1089 5062 deambulacro
1123 5004 1226 5083 templi
1251 5002 1467 5064 Canonicorum
1497 5002 1664 5069 deducunt
1687 5011 1715 5071 in
1740 5028 1824 5070 arm·

481 5085 669 5160 meutarium,
695 5088 856 5148 fenestram
880 5098 1035 5167 patentem
1059 5093 1149 5153 valva
1172 5101 1204 5152 et
1226 5094 1325 5171 palliis
1349 5091 1555 5153 obstruximus
1581 5099 1822 5176 tenebrosumque

481 5173 578 5235 locum
603 5175 725 5237 lecimus
754 5186 897 5257 quantum
927 5179 1087 5257 potuimus.
1135 5179 1237 5243 Solem
1259 5199 1313 5262 per
1339 5180 1466 5242 laminae
1498 5186 1676 5251 rotundum
1710 5191 1823 5253 tormen
