4584 6192
997 544 1079 610 osse
1096 544 1141 598 v1.
1168 544 1193 596 s.
1709 547 1776 615 ²87·

420 725 539 779 nostros
562 717 628 779 dies
643 719 764 797 longam
788 725 820 779 et
834 718 1000 781 ineffabiles
1015 728 1129 795 aestus,
1156 720 1226 783 Sole
1246 720 1409 783 verticibus
1429 728 1490 783 tam
1507 723 1557 785 diu
1572 723 1772 800 incumbente,

421 806 591 887 perferunt,
620 808 767 885 siqnidem
796 807 886 886 aliqui
915 808 955 869 ibi
989 818 1070 871 sunt.
1116 810 1160 872 Ut
1192 830 1250 871 non
1287 811 1415 871 absurde
1447 812 1529 873 locus
1556 812 1607 873 ille
1640 814 1773 891 gentium

420 896 632 975 superstitione
656 896 827 957 lustrationi
852 897 1016 959 animarum
1041 898 1186 959 destinari
1210 899 1341 959 creditus
1365 899 1416 960 sit.
1585 967 1589 973 ,

503 983 567 1046 Sed
591 985 630 1045 ad
654 1003 726 1046 rem.
747 985 928 1046 Plutarchus
952 1006 1017 1047 curn
1033 988 1159 1048 Terram
1183 987 1312 1048 dixisset
1332 988 1537 1061 esseLnnam,
1559 988 1624 1066 jam
1639 989 1773 1051 maculas

417 1073 520 1133 Lunae
544 1073 653 1134 statuit
676 1091 744 1134 esse
767 1074 872 1144 maria,
897 1094 973 1154 quae
996 1076 1097 1137 radios
1117 1074 1198 1136 Solis
1222 1077 1251 1137 in
1274 1077 1452 1154 profundum
1476 1076 1670 1139 transmissos
1693 1096 1769 1157 pene

417 1161 608 1235 absorbeant,
633 1181 687 1222 nec
711 1164 756 1225 ita
779 1163 906 1236 fortiter,
930 1173 965 1224 ut
986 1172 1090 1244 partes
1114 1166 1214 1225 solent
1233 1165 1391 1238 Terrenae,
1422 1164 1633 1243 repercutiant.
1667 1166 1773 1232 Verba

418 1252 497 1331 ejus:
527 1262 607 1317 Sicut
625 1269 723 1316 nostra
743 1263 830 1316 Terra
849 1262 923 1317 sinus
945 1265 1033 1318 habet
1054 1266 1185 1335 quosdam
1206 1280 1330 1335 magnos,
1353 1264 1395 1317 ita
1415 1280 1556 1318 censemus
1577 1266 1685 1320 Lunam
1705 1281 1772 1336 qno·

417 1361 468 1414 que
487 1342 724 1413 profunditatibus
745 1350 775 1395 et
794 1343 917 1412 rupturis
938 1344 1046 1415 magnis
1061 1362 1122 1397 esse
1137 1351 1272 1414 apertam,
1294 1360 1393 1413 aquam
1415 1351 1466 1398 aut
1483 1349 1577 1398 adrem
1591 1346 1772 1417 caliginosum

417 1423 636 1477 continentibus:
658 1422 686 1477 in
707 1439 776 1494 quas
797 1423 845 1476 Sol
866 1440 915 1477 suo
936 1425 1037 1478 lumine
1058 1443 1113 1478 non
1133 1431 1274 1494 penetret,
1303 1425 1352 1476 sed
1373 1441 1421 1477 ens
1443 1426 1573 1477 deserens
1594 1427 1771 1479 reflexionem

417 1512 579 1582 dissipatam
600 1512 694 1566 faciat.
737 1502 819 1562 Haec
844 1502 962 1580 quidem
985 1503 1180 1576 Plutarchus;
1213 1504 1261 1563 cui
1284 1502 1340 1562 hac
1365 1503 1394 1563 in
1417 1512 1503 1582 parte
1527 1522 1584 1562 nou
1611 1505 1770 1565 assentior.

418 1590 518 1670 Magis
549 1597 598 1650 est
630 1598 878 1663 consentaneum,
904 1610 979 1670 quae
1004 1592 1125 1653 suntin
1150 1592 1237 1653 Luna
1260 1600 1363 1671 partes
1391 1591 1524 1664 lucidae,
1554 1592 1652 1653 maria
1679 1592 1771 1666 credi,

418 1698 492 1759 quae
516 1678 699 1753 maculosae,
724 1687 837 1752 terras,
861 1679 1051 1742 continentes
1075 1688 1107 1740 et
1129 1680 1253 1741 insulas.
1301 1679 1421 1740 Etenim
1445 1680 1501 1740 hoo
1520 1678 1558 1739 ab
1582 1681 1690 1759 opticis
1715 1681 1770 1741 de-

418 1768 643 1829 monstrandum
668 1768 706 1829 ab
730 1768 917 1847 experientia
939 1769 1228 1830 confirmatissimum
1253 1777 1317 1836 est,
1342 1768 1512 1847 superficies
1536 1787 1649 1847 aqueas
1672 1768 1769 1848 pluri-

418 1876 496 1918 mum
529 1857 785 1935 resplendescere,
818 1857 844 1917 si
868 1858 958 1935 juxta
981 1865 1097 1919 terreas
1127 1867 1329 1937 apponantur,
1362 1866 1435 1936 puto
1459 1857 1497 1918 ob
1525 1858 1770 1936 aequabilitatem

417 1946 573 2014 universae
598 1946 778 2025 superficiei,
803 1947 999 2024 asperitatem
1027 1966 1098 2007 vero
1122 1955 1154 2007 et
1176 1946 1389 2024 crispationem
1419 1946 1597 2007 minutarum
1629 1946 1769 2025 partium,

418 2042 469 2095 ant
493 2035 563 2114 quia
585 2034 682 2095 minus
707 2035 743 2095 de
768 2042 833 2095 atro
857 2035 957 2095 colore
981 2036 1165 2114 participant
1189 2054 1277 2114 quarn
1301 2043 1397 2095 terra:
1422 2054 1546 2113 qnorum
1569 2035 1644 2095 illud
1667 2035 1768 2109 efficit,

417 2132 449 2184 ut
471 2124 511 2184 ad
540 2124 799 2201 repercutiendum
823 2121 905 2185 Solis
938 2125 1033 2185 lumen
1068 2124 1128 2184 fere
1161 2124 1192 2183 in
1220 2142 1323 2183 omnes
1351 2123 1458 2202 plagas
1488 2123 1549 2185 siut
1579 2131 1684 2203 aptae,
1713 2124 1770 2185 hoc

417 2231 486 2273 vero
506 2212 598 2291 juvat
621 2213 716 2273 lucem
740 2213 998 2275 communicatam.
1045 2210 1112 2282 Quo
1137 2212 1234 2272 minus
1258 2210 1335 2272 enim
1358 2211 1444 2289 nigra
1473 2210 1529 2272 hoc
1559 2213 1657 2291 magis
1680 2212 1769 2286 alba;

418 2300 489 2361 alba
510 2319 583 2361 vero
607 2307 681 2380 apta
704 2302 742 2361 ad
766 2302 991 2363 combibendam
1017 2308 1048 2361 et
1069 2301 1280 2363 revibrandam
1305 2301 1398 2361 lucem
1424 2298 1515 2379 (Cap.
1540 2302 1566 2373 Ι,
1591 2298 1663 2373 30):
1689 2309 1771 2363 utet

416 2389 532 2451 modice
562 2389 713 2469 pellucida
745 2388 836 2470 (Cap.
862 2391 891 2464 I,
924 2389 993 2463 22).
1040 2390 1128 2451 Anno
1163 2385 1257 2452 1601.
1289 2408 1354 2449 cnm
1388 2388 1417 2449 in
1449 2386 1582 2470 Styriam
1612 2389 1769 2452 rediissem

418 2478 562 2558 negotioli
595 2498 701 2553 cansa,
739 2479 862 2542 ascendi
897 2480 927 2540 in
965 2488 1096 2540 montem
1130 2477 1256 2557 insignis
1295 2477 1462 2538 altitudinis
1495 2475 1625 2540 Schekel
1658 2478 1769 2541 dictum

418 2565 704 2646 Stubenbergiomm
728 2568 859 2643 ditionis,
883 2576 1031 2629 terrarum
1055 2568 1158 2629 orbern
1182 2587 1219 2628 ex
1242 2566 1320 2628 binis
1344 2566 1494 2628 montibus
1518 2585 1654 2646 appensa
1667 2566 1771 2630 libella

418 2674 585 2717 mensurus.
631 2656 674 2716 Et
695 2665 826 2717 montem
858 2658 976 2737 quidem
1005 2657 1099 2736 ipsum
1128 2676 1219 2736 supra
1249 2656 1378 2717 vertices
1412 2654 1536 2716 alterius
1563 2656 1688 2729 montis,
1721 2656 1771 2736 qui

419 2745 511 2806 babet
534 2763 636 2806 arcem
658 2744 834 2806 Wildauum
863 2746 1048 2826 impositam,
1081 2745 1181 2806 attolli
1206 2746 1333 2824 quinque
1358 2742 1481 2805 turrium
1505 2744 1772 2824 Argentiuensium

419 2833 578 2895 altitudine
603 2835 825 2896 demonstravi:
851 2842 882 2896 et
904 2855 977 2896 sane
1001 2836 1162 2914 despectus
1186 2834 1215 2894 in
1240 2834 1332 2895 colles
1357 2843 1475 2895 ceteros
1496 2832 1647 2895 inferioris
1671 2834 1772 2914 regio-

419 2922 463 2983 nis
485 2942 541 3003 per
564 2922 669 2985 decern
693 2930 725 2984 et
748 2924 876 3001 amplius
896 2922 1078 2985 Germanica
1100 2923 1241 2984 milliaria
1264 2941 1322 2983 non
1346 2922 1438 2983 aliam
1452 2922 1591 3001 praebuit
1604 2923 1772 3003 opinionem

418 3012 638 3083 consideranti,
667 3013 752 3073 acsi
777 3013 814 3072 ad
839 3020 957 3091 pratum
982 3013 1102 3092 aliquod
1126 3012 1319 3091 respicerem,
1343 3012 1372 3072 in
1397 3030 1454 3089 quo
1478 3012 1596 3072 foenum
1620 3012 1649 3071 in
1674 3011 1772 3072 mani·

418 3100 505 3179 pnlos
529 3100 722 3162 distributum
746 3101 796 3162 sit.
837 3102 886 3162 Ex
910 3103 965 3163 hoc
988 3102 1079 3182 igitur
1102 3109 1205 3163 monte
1229 3099 1386 3179 aspicienti
1410 3109 1491 3161 terra
1514 3119 1582 3159 sese
1606 3099 1771 3162 incredibili

419 3189 559 3251 claritate
584 3190 706 3269 objecit,
732 3190 807 3251 adeo
830 3197 865 3250 ut
888 3210 952 3251 cnm
978 3199 1045 3253 orta
1068 3190 1168 3252 subito
1192 3190 1301 3251 nebula
1323 3188 1399 3249 coeli
1422 3188 1493 3249 mihi
1518 3188 1624 3249 faciem
1639 3188 1772 3250 interce-

418 3278 529 3357 pisset,
562 3296 694 3360 papyms
719 3287 846 3341 extensa
868 3281 970 3341 multis
994 3279 1130 3360 partibus
1155 3278 1264 3340 clarius
1288 3277 1326 3339 ab
1357 3278 1435 3338 infra
1458 3278 1660 3338 illustraretur
1684 3297 1773 3357 quam

419 3367 564 3446 desuper:
589 3367 699 3428 nebula
721 3377 851 3430 montem
870 3376 1006 3449 tegente,
1032 3369 1152 3447 regione
1184 3386 1256 3428 vero
1281 3387 1300 3427 a
1323 3365 1394 3428 Sole
1418 3366 1579 3428 illustrata.
1624 3365 1666 3427 Et
1696 3367 1772 3428 banc
1859 3385 1863 3397 ·

419 3455 537 3535 quidem
562 3455 731 3517 claritatem
755 3457 895 3518 universa
926 3466 1008 3518 terra
1040 3456 1191 3530 exhibuit,
1225 3456 1335 3535 partim
1365 3454 1515 3535 nigricans
1544 3454 1628 3516 silvis
1663 3455 1773 3534 partim

419 3544 495 3605 satis
520 3553 552 3606 et
574 3544 672 3623 pratis
696 3545 839 3607 viridibus
863 3546 1027 3620 luxurians,
1053 3545 1164 3606 alicubi
1188 3551 1219 3604 et
1242 3544 1399 3605 novalibus
1422 3544 1533 3604 rubens
1557 3544 1771 3623 frequentibus.

419 3630 477 3703 Qui
500 3651 573 3693 vero
597 3633 725 3694 mediam
749 3636 890 3696 sulcabat
903 3634 1056 3713 regionem
1076 3635 1166 3695 Mura
1189 3633 1305 3707 fluvius,
1330 3641 1392 3692 turn
1417 3639 1597 3709 restagnans
1621 3640 1652 3691 et
1676 3630 1772 3692 turbi-

419 3721 487 3795 dns,
519 3720 628 3783 eximio
657 3724 815 3802 splendore
844 3723 1024 3802 caligantem
1060 3731 1205 3784 terrarum
1239 3721 1410 3782 claritatem
1440 3719 1528 3780 facile
1559 3720 1641 3781 vicit.
1688 3721 1772 3781 Haec

420 3828 546 3871 evenere
579 3810 662 3886 ideo,
700 3813 778 3891 qnod
810 3820 989 3892 praeruptus
1021 3831 1107 3872 mons
1135 3830 1182 3872 me
1215 3810 1334 3889 paulurn
1364 3810 1404 3891 in⁵
1422 3808 1665 3887 perpendiculum
1699 3807 1772 3869 sub-

421 3898 572 3971 vexisset,
603 3918 660 3977 quo
692 3899 837 3961 rectiores
862 3922 881 3961 a
903 3900 991 3962 terris
1015 3900 1161 3980 subjectis
1184 3898 1261 3958 radii
1285 3897 1378 3959 allabi
1400 3904 1552 3976 poterant.
1598 3894 1678 3966 Quid
1702 3916 1773 3958 vero

421 4006 477 4047 nun
503 3993 570 4048 erat
593 3987 732 4062 futurum,
758 3988 784 4049 si
809 3997 903 4050 totum
928 3999 1074 4050 terrarum
1099 3989 1199 4050 orbern
1221 3986 1312 4047 rectis
1327 3985 1540 4066 propemodum
1563 3984 1650 4045 lineis
1666 3984 1774 4047 intueri

420 4076 606 4154 potuissem?
644 4075 743 4154 Atque
768 4077 843 4138 haec
866 4097 940 4138 sane
964 4078 1058 4138 oculis
1082 4078 1169 4137 fidem
1193 4074 1354 4148 faciebant,
1380 4076 1446 4153 plus
1471 4074 1509 4134 ab
1534 4093 1611 4152 aqua
1625 4072 1774 4135 claritatis

422 4164 551 4225 existere
572 4164 668 4225 solere
693 4184 781 4244 quarn
806 4186 825 4225 a
840 4167 929 4227 terris
953 4185 1009 4225 non
1031 4164 1159 4244 simplici
1173 4182 1364 4242 repercussu3
1390 4164 1465 4224 hunc
1490 4162 1566 4223 enim
1591 4164 1667 4225 situs
1682 4162 1774 4233 Solis,

422 4252 500 4313 idem
524 4272 651 4327 mecum,
676 4254 714 4314 ad
738 4254 891 4315 sinistram
916 4254 1039 4315 secundi
1067 4253 1150 4315 fluvii
1177 4254 1267 4332 plane
1300 4252 1470 4327 evertebat,
1503 4252 1557 4312 sed
1585 4253 1650 4314 luce
1683 4251 1774 4313 etiam

422 4341 650 4404 communicata.
663 4339 695 4415 *)
743 4340 895 4404 Concludo
924 4343 1036 4421 itaque,
1061 4344 1160 4404 claras
1191 4341 1220 4401 in
1253 4341 1341 4402 Luna
1371 4348 1474 4421 partes
1511 4341 1669 4402 materiam
1706 4358 1774 4401 esse

422 4447 556 4508 aqueam,
582 4448 658 4508 quae
682 4449 752 4490 vero
776 4432 918 4511 caligant,
941 4431 1129 4493 continentes
1153 4439 1185 4491 et
1207 4429 1321 4503 insulas
1335 4449 1417 4491 esse:
1443 4437 1539 4491 totam
1563 4448 1633 4489 vero
1647 4429 1773 4502 Lunam,

422 4526 455 4579 nt
477 4518 556 4580 iufra
583 4519 713 4591 dicetur,
743 4526 833 4581 abrea
865 4522 993 4600 quadam
1023 4519 1158 4581 essentia
1186 4518 1346 4593 circumiri,
1380 4538 1456 4598 qnae
1487 4518 1616 4580 omnium
1645 4516 1773 4597 partium

423 4605 521 4668 radios
544 4608 742 4669 transmittat.
757 4605 799 4683 δι)

507 4775 533 4845 ⁴)
555 4779 745 4833 Concurrebat
771 4788 863 4834 tamen
893 4778 965 4834 inter
992 4794 1091 4834 causas
1119 4780 1193 4835 aeris
1215 4780 1313 4835 diurna
1330 4779 1457 4844 claritas,
1484 4794 1637 4851 quaecum
1656 4774 1775 4846 undique

422 4856 520 4911 tumen
544 4857 750 4923 circumstaret,
778 4866 930 4929 potuerunt
954 4860 1038 4915 etiam
1064 4860 1124 4929 ejus
1152 4862 1222 4916 radii
1248 4860 1384 4929 undique,
1413 4858 1501 4913 etsie
1522 4857 1606 4912 etiam
1627 4858 1663 4911 ad
1683 4874 1726 4911 me
1747 4856 1775 4908 in

423 4943 537 4992 montem
558 4954 577 4992 a
595 4938 670 4993 laevi
691 4955 781 5009 aquae
802 4940 945 5009 superficie
965 4940 1114 5010 repercuti.

507 5016 688 5067 mentonem
710 5019 801 5067 montis
827 5017 948 5067 Scheckel
967 5016 1089 5081 Keplerus
1108 5017 1200 5067 Davidi
1217 5017 1329 5067 Fabricio
1354 5017 1381 5065 in
1407 5015 1511 5080 epistola
1533 5015 1557 5064 d.
1576 5012 1601 5062 2.
1621 5013 1684 5066 Dec.
1706 5009 1775 5062 moa

423 5079 483 5137 dats
498 5093 592 5145 umet,
610 5086 763 5151 mrpondem
781 5089 920 5153 quaestioni
938 5088 1043 5139 Fabricii
1061 5089 1093 5139 de
1111 5094 1237 5140 ventorum
1255 5093 1355 5139 nmen
1384 5084 1483 5151 (Comp.
1502 5085 1559 5136 Vol.
1577 5084 1600 5142 Ι,
1617 5100 1642 5150 p.
1663 5081 1737 5146 321.)
