4584 6192
939 564 971 616 de
990 563 1069 617 Stella
1085 565 1167 617 Mora.
1271 514 1277 525 ·
1663 565 1722 635 601

375 760 435 804 non
468 740 602 820 quotidie
634 749 717 802 creat
750 743 848 804 omnia
879 760 934 823 per
956 743 1080 804 Terram
1104 740 1280 815 nascentia,
1313 748 1394 802 certe
1427 744 1589 807 secundnm
1622 765 1725 809 sacras

375 829 482 892 literae
506 836 538 890 et
560 829 742 909 theologos?
767 832 942 911 quibusdam
967 850 1004 891 ex
1028 830 1118 893 nihilo
1137 838 1222 893 creat
1245 830 1361 891 animas
1376 831 1518 910 quotidie.
1564 833 1610 895 Tu
1632 835 1727 897 mira-

375 918 445 979 cula
468 918 619 980 miraculis
643 938 780 992 excusas,
804 920 910 981 stellas
934 939 1010 991 esse,
1036 938 1092 980 non
1117 929 1218 981 tamen
1234 918 1379 981 visibiles.
1425 920 1499 982 Mihi
1523 921 1645 1001 perinde
1669 931 1727 998 est,

375 1007 446 1068 dum
469 1008 561 1068 sciam
586 1007 699 1086 fulgere
722 1008 779 1069 hoc
804 1009 886 1081 loco,
922 1008 1000 1088 qnod
1033 1008 1103 1068 olim
1126 1027 1184 1069 non
1210 1006 1311 1081 fulsit,
1346 1007 1410 1068 sive
1442 1009 1484 1069 sit
1514 1005 1728 1074 sive'tantum

375 1105 533 1175 appareat.
580 1096 644 1158 Nec
678 1097 837 1176 quidquam
870 1099 1011 1175 prolicere
1044 1097 1157 1158 videris
1187 1094 1368 1174 disputando
1400 1115 1419 1156 a
1448 1096 1664 1175 significatione
1688 1101 1726 1163 ad

374 1184 549 1246 essentiam.
595 1185 628 1244 Iu
653 1184 709 1245 hoc
734 1204 842 1263 genere
868 1204 924 1246 non
948 1204 1012 1245 sum
1041 1186 1233 1247 exercitatus.
1281 1183 1313 1245 Si
1342 1202 1401 1264 qua
1422 1185 1549 1266 physica
1571 1188 1630 1251 dici
1652 1209 1727 1269 pos·

375 1281 462 1345 sunt,
495 1272 557 1334 dixi
591 1274 620 1333 in
645 1271 782 1352 Opticis;
820 1294 876 1334 non
910 1293 979 1334 vero
1011 1275 1048 1333 de
1078 1281 1144 1334 ortu
1177 1274 1230 1333 sed
1263 1273 1300 1333 de
1324 1273 1458 1334 essentia
1481 1293 1532 1336 seu
1556 1279 1726 1355 quantitate

374 1361 531 1424 materiae.
578 1361 643 1422 Hoc
668 1381 705 1421 er
731 1362 786 1423 iis:
825 1361 921 1424 Omne
946 1381 1070 1441 opacum
1094 1373 1142 1423 est
1175 1361 1385 1435 illuminabile,
1417 1381 1503 1423 omne
1534 1363 1727 1428 illuminabile

375 1450 504 1511 visibile.
552 1448 585 1511 Si
611 1468 681 1527 ergo
707 1451 780 1524 fuit,
805 1461 836 1512 et
858 1471 954 1529 opaca
978 1451 1035 1511 fuit
1057 1458 1089 1510 et
1112 1450 1238 1511 visibilis
1261 1450 1329 1512 suit.
1376 1447 1410 1511 Si
1434 1450 1581 1525 visibilis,
1614 1463 1648 1515 at
1670 1473 1727 1516 ucu

377 1539 453 1611 visa,
478 1539 567 1617 igitur
591 1546 688 1599 tecte:
715 1539 807 1618 quid?
830 1560 887 1601 non
912 1548 946 1601 ut
959 1540 1046 1600 Luna
1065 1557 1129 1600 cum
1146 1537 1227 1611 Sole,
1253 1538 1306 1599 sed
1330 1557 1346 1598 e
1370 1538 1491 1616 regione
1511 1539 1603 1603 etiam
1624 1542 1727 1605 illius?

376 1624 457 1697 Quid
481 1627 572 1688 habet
596 1628 819 1689 commoditatis
843 1629 938 1702 Deus,
966 1637 998 1688 nt
1020 1629 1119 1706 potius
1143 1646 1197 1705 per
1220 1646 1299 1688 nova
1322 1645 1448 1705 corpora
1469 1628 1618 1708 significet
1641 1631 1727 1692 nobis

375 1734 464 1794 quam
487 1735 542 1795 per
565 1734 658 1776 novas
683 1717 896 1795 quantitates?
941 1716 1021 1777 Ecce
1045 1718 1135 1778 alium
1152 1715 1209 1777 Dei
1233 1733 1355 1777 morem.
1402 1713 1537 1795 Corpora
1560 1727 1630 1780 sunt
1652 1721 1727 1781 sub-

374 1804 526 1879 stantiae,
562 1813 661 1865 motus
690 1814 738 1865 est
761 1806 917 1875 accidens,
951 1825 1007 1867 non
1040 1816 1125 1866 erunt
1148 1804 1275 1883 pulchra
1296 1823 1423 1883 corpora
1445 1805 1502 1866 nisi
1525 1816 1725 1870 moverentur.

373 1892 419 1955 Ut
441 1893 533 1972 igitur
556 1901 745 1953 moverentur
771 1895 807 1955 ob
840 1894 979 1955 accidens
1013 1894 1086 1967 hoc,
1120 1892 1236 1954 creavit
1257 1892 1341 1955 Deus
1364 1893 1393 1954 in
1417 1892 1478 1953 illis
1501 1894 1639 1973 spiritum
1661 1914 1727 1957 mo·

373 1989 505 2054 ventem,
532 1981 581 2059 qui
608 1991 656 2041 est
678 1983 805 2043 maxime
829 1982 1009 2043 substantia.
1056 1983 1106 2043 Ita
1136 2002 1193 2044 nou
1218 1990 1267 2047 est
1288 1981 1355 2043 Dec
1379 1981 1437 2043 vile
1461 1984 1600 2046 accidens
1623 2003 1726 2045 creare

372 2070 424 2130 vel
448 2070 596 2137 ordinare,
622 2070 703 2129 etsi
728 2072 817 2132 aliter
840 2072 956 2150 nequit,
981 2070 1019 2130 ad
1043 2071 1183 2131 accidens
1207 2070 1398 2131 obtinendum
1422 2080 1507 2132 creat
1529 2072 1725 2134 substantias.

371 2157 439 2220 Nec
454 2159 634 2237 superfluum
653 2157 747 2219 habet
762 2160 913 2239 quippiam
932 2159 977 2219 ita
997 2159 1120 2234 faciens,
1137 2160 1206 2238 quia
1221 2167 1352 2220 creatum
1367 2159 1487 2221 abolere
1502 2160 1604 2221 itidem
1614 2171 1726 2241 potest.

466 2245 527 2308 Sed
552 2247 629 2307 enim
654 2266 712 2308 non
738 2257 786 2309 est
809 2249 883 2310 artis
908 2248 1005 2308 dicere
1030 2267 1085 2322 ea,
1119 2267 1194 2327 quae
1218 2256 1289 2309 sunt
1312 2255 1399 2310 extra
1422 2267 1538 2309 omnem
1560 2249 1727 2328 inquirendi

371 2335 472 2396 aleam
496 2335 615 2414 posita:
649 2345 684 2395 ut
706 2355 771 2396 cum
796 2338 854 2410 ais,
879 2356 947 2396 esse
971 2355 1077 2396 novam
1102 2337 1168 2397 loco
1191 2336 1328 2414 pristino,
1353 2344 1387 2398 at
1413 2355 1471 2398 uon
1500 2338 1604 2400 videri.
1651 2338 1727 2400 Mihi

371 2424 484 2485 sufficit
507 2424 681 2502 conjectura
704 2423 778 2485 haec
803 2425 968 2498 contraria,
994 2425 1071 2506 quod
1096 2426 1242 2504 paulatim
1265 2426 1453 2500 minuantur,
1483 2426 1574 2505 igitur
1597 2445 1725 2488 evanes-

370 2521 453 2574 cant.
501 2512 580 2573 Item
603 2531 668 2573 cunr
700 2514 765 2584 ais,
798 2533 887 2574 unam
910 2514 959 2573 vel
982 2532 1096 2592 paucas
1130 2532 1196 2575 esse
1221 2533 1331 2588 nouas,
1357 2522 1389 2576 et
1411 2515 1610 2576 translatione
1634 2534 1727 2577 caeca

370 2619 426 2681 pro
462 2600 523 2662 alia
555 2610 647 2679 atque
681 2602 742 2662 alia
774 2603 901 2663 diversis
935 2612 1036 2663 tamen
1069 2604 1206 2682 partibus
1239 2602 1353 2664 haberi.
1399 2602 1475 2663 Mihi
1506 2604 1617 2665 sufficit
1640 2604 1726 2679 scire,

371 2690 550 2770 quandoque
575 2689 650 2751 duos
674 2691 761 2751 simul
785 2691 906 2752 fulsisse
930 2699 1073 2765 cometas,
1099 2703 1130 2753 et
1154 2693 1235 2766 olim,
1260 2692 1309 2771 qui
1332 2710 1407 2751 nnus
1431 2690 1495 2763 fuit,
1519 2691 1549 2752 in
1572 2693 1646 2753 duas
1661 2692 1726 2753 dis·

370 2778 501 2840 cessisse
533 2787 647 2857 partes.
686 2784 783 2851 (comp.
803 2788 860 2837 Vol.
880 2788 901 2837 1.
920 2803 944 2851 p.
966 2784 1039 2848 tto.)
1075 2780 1222 2842 Libenter
1250 2798 1321 2859 ergo
1352 2780 1493 2859 conjicio,
1528 2782 1734 2856 translatione,

369 2866 429 2928 loci
453 2886 510 2927 non
537 2867 611 2929 lieri.

460 2955 526 3034 Ego
551 2973 621 3015 vero
645 2975 702 3016 non
728 2956 817 3035 longe
841 2956 947 3018 absum
972 2978 991 3017 a
1015 2954 1148 3017 Cornelii
1174 2954 1320 3017 Gemmae
1343 2955 1551 3035 philosophia,
1587 2956 1636 3037 qui
1659 2955 1726 3017 exi-

372 3043 497 3118 stimat,
527 3044 627 3104 inesse
658 3064 744 3104 unum
777 3054 807 3105 et
839 3046 965 3106 eundem
998 3045 1134 3124 spiritum
1164 3046 1195 3106 in
1226 3053 1291 3106 toto
1315 3045 1455 3106 universo
1478 3039 1728 3125 praepopqorma

370 3133 513 3212 qnotidie,
541 3131 589 3211 qui
614 3142 687 3210 agat
707 3138 754 3194 dra
768 3156 802 3194 ro
822 3137 938 3195 actiaco
960 3158 1006 3195 και
1019 3136 1141 3211 deletor,
1157 3142 1188 3194 et
1201 3133 1319 3194 noverit
1334 3133 1453 3213 quidex
1467 3135 1602 3215 qualibet
1615 3134 1726 3196 redun-

371 3221 456 3282 danti
478 3221 604 3282 materia
621 3221 684 3281 fieri
704 3223 943 3283 commodissime
963 3224 1079 3302 possit;
1103 3231 1266 3302 propterea
1284 3223 1423 3283 sudorem
1443 3224 1571 3285 feminae
1591 3232 1622 3284 et
1640 3224 1726 3285 canis

369 3296 522 3372 conver'tit
544 3310 573 3371 in
597 3310 713 3389 pulices
737 3312 861 3389 capitis,
891 3313 919 3372 in
943 3312 1112 3391 pediculos,
1137 3331 1235 3373 rorem
1258 3312 1286 3374 in
1310 3311 1457 3387 bruchos,
1488 3332 1612 3384 erucas,
1634 3312 1727 3373 linum

369 3399 401 3461 in
426 3398 586 3478 anguillas,
612 3399 752 3476 uliginem
767 3401 797 3461 in
812 3419 913 3474 ranas,
937 3419 1046 3481 aquam
1061 3402 1089 3462 in
1109 3401 1220 3481 pisces,
1245 3409 1356 3462 terram
1379 3401 1407 3461 in
1431 3402 1569 3481 plantas,
1598 3399 1728 3463 cadaver

370 3488 399 3548 io
424 3507 551 3556 vermes,
577 3498 693 3548 stercus
716 3488 746 3548 in
771 3490 962 3563 scarabaeos,
988 3498 1019 3550 et
1033 3490 1149 3550 infinita
1168 3508 1246 3551 nova
1260 3508 1296 3550 ac
1312 3489 1489 3565 insolentia;
1513 3490 1593 3551 aeris
1614 3489 1727 3550 halitus

368 3577 399 3637 in
424 3573 656 3649 dicaanorrae,
680 3578 839 3638 aethereae
870 3579 999 3658 regionis
1024 3578 1052 3639 in
1077 3589 1211 3640 cometas
1243 3579 1366 3640 tandem
1395 3589 1427 3639 et
1448 3579 1564 3640 stellas.
1610 3575 1727 3639 Videas

369 3665 467 3726 ubivis
491 3666 621 3727 existere
654 3666 833 3744 uliginosum
866 3668 1036 3747 quippiam,
1071 3669 1149 3747 quod
1181 3668 1327 3728 rationem
1359 3667 1493 3729 continet
1524 3664 1726 3739 seminariam,

369 3754 523 3833 efficitque
548 3755 714 3833 specierum
739 3756 936 3827 varietatem,
969 3766 1003 3817 ut
1035 3776 1094 3817 non
1128 3775 1165 3816 ex
1198 3755 1329 3835 cujusvis
1361 3754 1478 3816 arboris
1501 3754 1580 3816 loliis
1603 3752 1727 3833 quaevis

368 3861 461 3904 eruca
485 3852 643 3917 nascatur,
677 3844 730 3904 sed
755 3863 792 3903 ex
816 3845 942 3923 singulis
977 3848 1037 3905 fere
1072 3844 1220 3923 singulae.
1263 3844 1317 3904 llle
1341 3861 1412 3904 vero
1436 3842 1599 3905 communis
1632 3842 1726 3903 totius

371 3931 477 3993 mundi
499 3932 623 4010 spiritns
647 3931 703 3993 hoc
727 3942 883 4011 praestare
906 3934 1034 4007 videtur,
1060 3942 1094 3993 ut
1116 3933 1217 3995 omnia
1231 3932 1358 3993 invicem
1372 3931 1556 4007 ordinentur,
1581 3931 1729 3992 accedant

371 4038 472 4081 novae
496 4031 653 4081 creaturae
677 4023 877 4082 instrumenta
900 4021 1033 4100 corporis
1063 4021 1283 4083 convenientia.
1330 4019 1364 4081 Si
1392 4020 1467 4082 nihil
1495 4021 1629 4088 vireret,
1661 4020 1727 4099 ipse

369 4117 470 4170 totam
494 4109 650 4170 materiam
677 4110 857 4184 vivificaret,
882 4120 916 4171 ut
939 4112 1043 4182 Terra,
1068 4110 1094 4171 si
1118 4110 1191 4171 nihil
1214 4119 1398 4179 moveretur,
1423 4110 1490 4189 ipsa
1512 4107 1613 4170 omnia
1636 4110 1676 4170 ad
1694 4127 1728 4169 se

370 4196 552 4272 attraheret,
578 4197 639 4258 alia
661 4198 784 4277 propius
808 4199 886 4259 aliis.
933 4199 977 4262 Ut
999 4199 1107 4277 igitur,
1140 4199 1210 4279 qnia
1233 4199 1263 4259 in
1286 4217 1333 4259 me
1357 4207 1402 4259 est
1427 4198 1545 4268 anima,
1568 4208 1729 4278 propterea

369 4304 483 4365 corpus
507 4306 604 4348 meum
623 4287 689 4365 jam
712 4287 741 4348 in
767 4287 888 4348 sublimi
915 4297 982 4361 est,
1016 4289 1228 4365 prostrandum
1260 4286 1386 4366 primum
1418 4298 1508 4366 atque
1540 4287 1729 4348 desereretur

369 4376 412 4437 ab
437 4374 493 4435 hac
518 4375 627 4444 anima,
652 4376 695 4436 sic
719 4376 818 4451 etiam,
845 4376 996 4457 quiajam
1020 4376 1118 4437 anima
1144 4377 1174 4437 in
1198 4395 1244 4436 me
1264 4385 1321 4451 est,
1346 4394 1421 4457 quae
1436 4377 1605 4438 dominatur
1620 4376 1727 4436 humo-

368 4464 456 4526 ribus
481 4476 513 4523 et
542 4464 598 4524 toti
630 4464 701 4524 moli
734 4466 883 4543 corporis,
916 4484 991 4545 quae
1023 4483 1060 4526 ex
1087 4466 1190 4526 multis
1219 4466 1378 4543 praecipue
1408 4464 1564 4544 uliginosis
1596 4471 1728 4538 constat,

370 4552 445 4614 ideo
479 4552 642 4613 communis
670 4553 721 4614 ille
755 4554 856 4613 mnndi
889 4553 1012 4633 spiritns
1045 4553 1174 4615 formare
1207 4572 1245 4613 ex
1275 4571 1341 4614 meo
1374 4571 1497 4634 corpore
1527 4552 1600 4613 nihil
1626 4557 1730 4631 potest

370 4639 464 4702 aliud.
511 4640 642 4701 Primum
667 4648 767 4701 autem
800 4649 889 4722 atque
920 4643 1049 4723 aliquam
1074 4642 1238 4703 deseruero,
1256 4641 1443 4722 particulam,
1478 4660 1531 4703 seu
1562 4641 1643 4702 intus
1675 4657 1730 4720 per

370 4728 563 4791 debilitatem
587 4729 797 4791 intestinorum
822 4741 853 4791 et
876 4749 1028 4793 recessum
1051 4730 1168 4791 animae
1192 4738 1355 4791 nascuntur
1373 4748 1499 4805 vermes,
1525 4749 1578 4792 seu
1601 4728 1674 4791 loris
1697 4727 1728 4790 in

371 4825 510 4880 stercore
544 4818 709 4892 ascarides,
734 4838 787 4879 seu
817 4819 847 4880 in
871 4820 939 4898 ipsa
970 4820 1103 4898 corporis
1135 4819 1262 4881 materia
1290 4820 1380 4899 plane
1413 4818 1586 4881 discedente
1618 4817 1728 4879 anima.

371 4903 462 4977 Quae
486 4905 577 4985 igitur
601 4914 702 4968 terrea
724 4915 803 4982 sunt,
828 4907 857 4967 in
882 4917 1009 4982 terram,
1032 4927 1107 4988 quae
1131 4927 1243 4987 aquea,
1267 4906 1295 4968 in
1319 4925 1444 4987 aquam,
1470 4926 1546 4988 quae
1570 4913 1675 4981 aerea,
1697 4904 1728 4967 in

369 5000 475 5066 aerem
499 4996 629 5077 abeunt3
659 5003 692 5057 et
714 4996 774 5070 sic,
800 5014 877 5076 quae
900 4997 1057 5071 aetherea,
1081 4996 1112 5056 in
1136 4996 1305 5071 aetherem,
1330 5014 1384 5057 seu
1407 5014 1483 5078 quae
1506 4996 1673 5078 uliginosa,
1697 4994 1729 5057 iu

369 5082 556 5147 animalcula
578 5083 700 5161 abeunt,
724 5102 800 5166 quae
823 5093 933 5166 postea
955 5085 1047 5148 etiam
1064 5084 1198 5167 reliquas
1212 5083 1358 5148 materias
1372 5084 1508 5149 ahmeuti
1521 5085 1588 5149 loco
1604 5084 1727 5150 habeut.
