4584 6192
543 551 611 619 294
959 511 960 514 ¹
1041 556 1215 606 Astrouomiae
1233 554 1295 604 Pars
1314 553 1411 617 optes.

545 729 699 793 minimum
723 729 865 793 Saturno.
913 731 1031 794 Deinde
1055 731 1133 792 thesi
1159 729 1212 795 29.
1237 732 1317 793 idem
1341 729 1444 802 statui,
1471 729 1549 809 quod
1572 745 1665 808 supra
1687 728 1789 808 capite
1811 727 1908 806 primo

546 820 770 893 demonstravi,
797 840 863 881 cum
887 821 937 882 lux
960 823 1150 900 planetarum
1174 822 1215 882 sit
1239 822 1390 893 colorata,
1416 838 1538 879 necesse
1563 836 1630 879 esse
1655 826 1689 878 ut
1711 826 1744 878 et
1765 815 1909 896 pellucidi

548 907 611 971 sint
641 918 673 970 et
707 910 817 971 coloris
850 911 1030 971 essentiales
1058 930 1169 970 causae
1201 910 1346 970 haereant
1373 910 1403 969 iu
1432 907 1561 969 materia
1588 907 1758 986 globorum,
1793 914 1827 966 ut
1854 906 1909 980 ita,

550 1016 639 1077 quam
665 998 789 1076 quisque
814 999 937 1077 planeta
961 999 1103 1060 virtutem
1127 1001 1271 1060 ostendat
1294 1000 1322 1059 in
1352 999 1474 1065 effectu,
1508 996 1572 1073 ejus
1596 996 1744 1073 analogon
1778 994 1911 1074 aliquam

550 1086 779 1164 dispositionem
804 1087 831 1146 iu
857 1107 980 1167 corpore
1005 1088 1128 1148 habeat.
1171 1088 1251 1148 Vide
1275 1106 1359 1166 prop.
1388 1086 1438 1149 15.
1462 1084 1571 1164 capitis
1596 1086 1621 1146 Ι.
1655 1085 1770 1164 Postea
1793 1085 1910 1145 colores

551 1174 739 1254 planetarum
764 1195 829 1237 curru
854 1176 1002 1255 aliquibus
1027 1176 1199 1256 coruparavi
1225 1177 1400 1256 emporibus
1431 1173 1617 1251 ostendique,
1643 1172 1668 1233 si
1693 1175 1778 1251 nigra
1801 1191 1911 1251 super-

550 1263 634 1325 teies
666 1263 784 1325 fortiter
815 1265 997 1338 illustretur,
1029 1266 1159 1326 colorem
1191 1265 1275 1326 reddi
1304 1266 1427 1335 Martis,
1458 1264 1483 1323 si
1512 1263 1605 1323 rubea
1632 1262 1730 1337 clara,
1758 1259 1861 1334 Jovis,
1886 1261 1912 1321 si

548 1352 691 1430 plumbea
714 1352 762 1412 vel
787 1353 871 1421 alba,
898 1352 1038 1426 Saturni,
1064 1354 1090 1414 si
1114 1357 1211 1427 flava,
1236 1353 1376 1427 Veneris,
1401 1354 1426 1412 si
1451 1352 1601 1424 caerulea,
1625 1350 1779 1413 Mercurii.
1826 1349 1912 1411 Idem

547 1442 611 1519 jam
635 1448 667 1500 et
690 1439 727 1500 de
751 1441 816 1502 luce
839 1443 962 1520 propria
985 1443 1103 1503 videtur
1126 1443 1331 1515 sentiendum,
1365 1451 1398 1503 nt
1426 1441 1452 1501 si
1483 1441 1593 1503 ferrum
1623 1439 1751 1517 ignitum
1778 1447 1828 1499 est
1859 1446 1913 1499 ant

550 1528 656 1599 carbo,
682 1528 782 1599 rubet,
808 1530 833 1590 si
859 1549 896 1591 ex
919 1530 1023 1592 mbiuo
1047 1533 1142 1592 multa
1167 1533 1217 1592 lux
1240 1532 1406 1610 pelluceat,
1429 1528 1519 1589 Jovio
1542 1528 1649 1589 similis
1674 1528 1770 1606 fulgor
1793 1526 1911 1588 consti-

549 1624 667 1688 tuetur3
696 1617 722 1676 si
746 1619 942 1680 clarissimum
976 1629 1007 1681 et
1029 1619 1296 1698 pellucidissiurum
1319 1619 1370 1692 sit,
1396 1621 1506 1680 flavum
1530 1635 1639 1695 corpus
1662 1634 1758 1695 exque
1781 1634 1817 1675 eo
1841 1616 1911 1695 plu-

549 1704 626 1768 rima
658 1705 723 1780 lux,
748 1706 878 1769 Veneris
905 1707 1131 1787 resplendescet
1159 1709 1266 1770 florida
1293 1708 1444 1781 luxuries;
1472 1706 1497 1766 si
1522 1725 1561 1766 ex
1583 1705 1734 1785 sapphyro
1759 1711 1812 1766 aut
1840 1723 1911 1785 cry-

550 1794 642 1857 stallo
667 1794 827 1856 admodum
852 1796 963 1869 subtili,
989 1798 1151 1872 Mercurii3
1175 1798 1220 1858 siu
1246 1816 1285 1856 ex
1307 1796 1459 1869 crassiori,
1484 1792 1608 1856 Saturni
1627 1792 1799 1855 emicabant
1822 1791 1909 1854 radii.

643 1880 772 1943 Omnino
796 1902 867 1946 vero
892 1886 1033 1946 credibile
1057 1896 1122 1958 est,
1150 1886 1275 1947 incensa
1297 1905 1365 1946 esse
1393 1885 1495 1945 sidera
1522 1885 1597 1943 baec
1621 1882 1659 1943 ab
1682 1882 1777 1942 insita
1798 1881 1829 1942 vi
1853 1899 1910 1943 uon

550 1970 649 2032 miuus
674 1981 763 2049 atque
780 1970 898 2033 Solem:
924 1985 954 2036 et
977 1976 1137 2049 consentit,
1163 1994 1239 2054 quae
1263 1976 1300 2035 de
1323 1973 1495 2053 impuritate
1518 1973 1649 2050 ipsorum
1668 1969 1813 2032 materiae
1837 1969 1910 2042 dixi,

554 2060 603 2121 rel
636 2071 778 2139 aspectus
807 2062 887 2140 ipse:
929 2063 955 2125 si
982 2064 1074 2143 paulo
1102 2064 1276 2143 diligentius
1309 2063 1469 2133 intuearis,
1501 2060 1636 2139 profecto
1670 2060 1780 2121 nullum
1810 2058 1911 2119 lumen

551 2148 641 2227 plane
665 2148 814 2211 sincerum
837 2158 893 2212 est.
940 2153 1080 2231 Apparet
1106 2173 1143 2213 ex
1177 2150 1301 2214 Saturni
1329 2151 1465 2213 cineritio
1494 2150 1592 2211 colore
1621 2149 1731 2227 exigua
1761 2147 1911 2227 quaedam

552 2254 693 2316 purpura,
717 2257 754 2298 ex
768 2237 855 2302 Jovis
880 2241 1051 2318 gratissimo
1077 2242 1192 2321 fulgore
1217 2242 1329 2303 rubedo
1353 2239 1505 2311 nonnulla,
1529 2258 1584 2299 ceu
1608 2238 1705 2299 fumus
1727 2255 1782 2315 per
1795 2235 1895 2314 iguem
1903 2254 1911 2307 ;

551 2326 581 2387 id
606 2326 771 2388 clarissime
796 2329 824 2389 in
850 2328 980 2390 Venere.
1006 2329 1057 2391 Sic
1074 2329 1167 2392 Canis
1191 2339 1222 2391 et
1236 2330 1359 2392 Arcturi
1382 2330 1499 2400 stellae,
1525 2325 1654 2387 maxime
1678 2323 1782 2397 Canis,
1808 2341 1912 2385 omnes

551 2416 723 2476 successive
756 2417 872 2477 colores
896 2418 980 2479 iridis
1004 2419 1138 2480 iuduunt.
1185 2420 1227 2480 Et
1259 2438 1295 2479 ue
1327 2437 1375 2479 me
1405 2418 1527 2479 falleret
1555 2415 1657 2487 visus,
1689 2432 1781 2493 saepe
1812 2412 1912 2474 socios

551 2503 681 2577 adhibui,
708 2505 756 2584 qui
781 2506 898 2584 quoties
922 2507 1049 2568 virorem
1073 2508 1203 2569 emicare
1227 2508 1446 2577 existimarent,
1470 2505 1556 2585 siguo
1581 2504 1757 2564 brevissimo
1781 2501 1813 2563 id
1832 2500 1912 2563 indi·

551 2602 666 2654 carent.
702 2591 904 2656 Convenimus
927 2596 955 2656 in
981 2615 1079 2667 unurn,
1104 2598 1181 2676 quod
1207 2597 1295 2657 alteri
1319 2595 1477 2657 videbatur
1500 2593 1624 2666 tacenti,
1648 2592 1678 2654 id
1704 2592 1783 2653 alter
1806 2590 1912 2652 codem

551 2688 700 2742 momento
725 2682 925 2759 significabat.
972 2685 1056 2745 Haec
1089 2686 1266 2747 scintillatio
1291 2686 1441 2745 Venerem
1470 2700 1586 2763 qnoque
1615 2681 1735 2742 attinet.
1782 2681 1914 2741 Frustra

551 2777 621 2832 sunt
644 2770 693 2847 qui
717 2770 792 2830 haec
816 2773 915 2833 omnia
937 2781 1046 2851 putant
1069 2775 1108 2835 ab
1123 2775 1201 2835 oculi
1217 2774 1350 2846 fallacia,
1374 2775 1412 2834 ab
1428 2774 1508 2833 atris
1522 2770 1727 2832 inconstantia
1742 2768 1911 2848 provenire.

551 2857 630 2920 Nam
654 2877 706 2919 cur
730 2877 787 2919 nou
812 2861 942 2923 omnium
965 2863 1095 2923 sidemm
1119 2883 1214 2942 aeque
1238 2863 1415 2924 distantium
1440 2862 1545 2922 eadem
1575 2869 1623 2920 est
1651 2858 1728 2920 ratio
1758 2856 1911 2919 scintilla·

551 2946 665 3007 tionis?
712 2946 774 3009 Cur
797 2950 911 3010 colores
936 2952 1058 3013 exbibet
1080 2953 1244 3026 Arcturus,
1268 2953 1378 3013 rubeus
1402 2952 1467 3029 ipse
1489 2948 1693 3028 potissimum,
1719 2944 1818 3024 magis
1842 2963 1914 3007 vero

554 3032 663 3105 Canis.
688 3036 773 3115 cujus
797 3046 845 3099 est
868 3041 1062 3120 crystallinus
1085 3042 1168 3102 color
1191 3041 1304 3120 potior,
1330 3060 1382 3101 cur
1405 3040 1453 3100 hic
1476 3038 1627 3099 acutiores
1650 3034 1831 3097 micatioues
1855 3035 1916 3096 ciet

555 3126 696 3199 Arcturo,
721 3144 773 3186 cur
797 3127 968 3206 longiores?
993 3130 1035 3190 Et
1057 3148 1109 3191 cur
1133 3148 1185 3191 cor
1208 3128 1327 3208 Scorpii
1350 3130 1425 3191 adeo
1450 3128 1574 3199 celeres,
1599 3126 1702 3186 oculus
1722 3122 1814 3184 Tauri
1838 3123 1915 3184 adeo

552 3214 682 3275 turdos?
711 3233 836 3293 prunam
868 3217 923 3278 sub
952 3218 1050 3280 cinere
1081 3219 1234 3297 vigentem
1258 3227 1288 3279 te
1313 3237 1434 3279 cernere
1458 3216 1584 3277 diceres.
1633 3213 1762 3294 Capella
1786 3232 1860 3276 vero
1885 3220 1914 3272 et

553 3302 637 3382 Lyra
659 3322 756 3364 nonne
780 3323 874 3383 aeque
897 3306 981 3367 clara
1004 3314 1076 3369 suut
1098 3308 1207 3381 sidera,
1232 3315 1386 3368 ettamen
1409 3307 1438 3367 iu
1455 3306 1537 3387 Lyra
1560 3304 1658 3365 uullos
1682 3301 1803 3363 notabis
1827 3301 1914 3363 colo·

553 3409 611 3463 res,
636 3392 666 3451 iu
691 3390 819 3470 Capella
844 3413 909 3455 cum
934 3396 1025 3457 micat
1049 3398 1168 3457 omniuo
1191 3396 1325 3465 colores,
1360 3404 1460 3457 tamen
1485 3396 1547 3454 l'ere
1577 3409 1766 3472 purpureum.
1813 3388 1914 3450 Deni-

553 3495 609 3557 que
625 3482 839 3557 experimentis
855 3485 1025 3546 ocularibus
1041 3485 1186 3546 astruitur
1209 3485 1340 3563 plauetis
1355 3482 1531 3545 scintillatio
1552 3482 1590 3543 ab
1606 3480 1707 3560 aliqua
1724 3478 1773 3539 vel
1793 3477 1917 3540 iuterna

553 3568 687 3647 corporis
711 3569 890 3631 alteratione
914 3584 1061 3651 perpetua
1085 3582 1116 3634 et
1140 3573 1316 3648 continenti,
1342 3592 1431 3653 quam
1455 3570 1540 3650 quasi
1564 3587 1764 3651 paroxysmos
1789 3567 1917 3639 dixeris,

551 3657 601 3718 vel
632 3657 671 3716 ab
703 3666 830 3719 externa
857 3664 990 3740 corporis
1017 3663 1242 3736 convolutione,
1288 3682 1363 3742 quae
1402 3658 1535 3742 Tychoui
1572 3661 1601 3721 in
1634 3655 1916 3738 Progymnasmatis

552 3745 680 3823 placuit,
702 3749 904 3866 ⁶partiumque
933 3760 964 3811 et
991 3752 1213 3830 superficierum
1249 3752 1375 3813 aliarum
1403 3757 1473 3829 post
1502 3749 1579 3810 alias
1608 3746 1811 3827 explicatione
1841 3762 1915 3823 pro-

552 3835 687 3897 veniens.
732 3843 746 3908 )
1737 3885 1739 3888 ,

643 3925 733 3985 Auno
767 3922 858 3989 1602.
893 3923 941 3990 19.
971 3924 1023 3990 29.
1048 3928 1225 3989 Decembris
1254 3926 1374 4007 vesperi
1403 3927 1507 3988 Venus
1538 3925 1602 4004 jam
1630 3925 1754 3985 multum
1789 3920 1917 3984 declivis

555 4031 609 4093 per
632 4024 787 4092 patentem
811 4017 976 4076 fenestram
1007 4016 1035 4076 iu
1065 4018 1223 4078 obscuram
1254 4036 1404 4078 cameram
1431 4015 1574 4076 radiabat
1601 4012 1782 4074 clarissime.
1830 4012 1918 4072 Aura

555 4110 622 4162 erat
646 4103 850 4179 frigidissima.
890 4104 1086 4165 Scintillabat
1108 4107 1215 4165 Veuus
1239 4104 1486 4167 concitatissime.
1526 4101 1602 4163 Cum
1626 4102 1663 4162 ad
1689 4102 1787 4162 album
1812 4099 1916 4178 parie-

554 4199 617 4250 tem
641 4192 836 4270 respicerem,
870 4193 899 4254 in
925 4212 1011 4270 quem
1034 4194 1137 4254 radius
1162 4194 1291 4256 Veneris
1319 4214 1373 4274 pro
1398 4193 1594 4271 amplitudine
1619 4192 1771 4252 fenestrae
1795 4187 1916 4248 allabe-

554 4285 650 4350 retur,
689 4280 854 4342 uudulabat
882 4282 947 4354 ille,
986 4282 1071 4360 qnasi
1107 4283 1186 4344 sumo
1217 4285 1367 4345 flammam
1399 4282 1594 4361 impediente,
1633 4280 1721 4359 idque
1759 4276 1916 4338 celerrime

553 4364 676 4426 incertis
710 4368 851 4430 motibus.
898 4370 962 4431 Nec
992 4371 1069 4432 euim
1100 4373 1298 4446 ascendebat,
1334 4382 1368 4434 ut
1395 4372 1517 4433 credere
1550 4388 1670 4447 possem
1700 4389 1719 4428 a
1750 4366 1916 4444 vaporibus

554 4457 787 4518 ascendentibus
810 4459 840 4518 id
865 4478 951 4531 esse,
976 4460 1030 4520 sed
1054 4460 1187 4522 emicans
1207 4462 1273 4540 jam
1297 4461 1336 4523 ad
1359 4460 1490 4522 medium
1509 4460 1573 4538 jam
1598 4459 1637 4518 ad
1660 4454 1818 4535 superiora
1840 4474 1915 4516 cou-

554 4543 692 4607 versione
721 4546 897 4621 subitanea,
930 4566 1007 4609 nuuc
1036 4550 1175 4610 deorsum
1213 4569 1289 4611 nunc
1323 4550 1351 4611 in
1381 4550 1460 4610 latus
1492 4550 1600 4609 iterum
1630 4544 1826 4608 concedebat.
1874 4543 1917 4603 Et

553 4634 721 4696 mehercule
746 4635 880 4696 nonnihil
908 4637 1016 4697 occulti
1049 4638 1180 4700 horroris
1204 4639 1304 4700 ciebat
1328 4638 1466 4699 illatam
1490 4636 1622 4697 insolens
1646 4632 1801 4697 fluctuatio
1827 4639 1915 4694 atrae

553 4722 691 4801 caliginis
716 4724 744 4784 in
769 4725 848 4784 flavo
873 4725 966 4787 radio.
993 4723 1144 4787 Celeritas
1169 4728 1261 4789 etiam
1285 4736 1316 4788 et
1335 4726 1454 4787 articuli
1474 4724 1678 4786 fluctuationis
1693 4720 1917 4783 conveniebant

553 4829 619 4872 curn
652 4812 884 4886 scintillatione,
914 4813 1007 4875 oculis
1032 4834 1070 4875 ex
1092 4815 1161 4894 ipsa
1192 4817 1283 4877 stella
1314 4823 1468 4896 percepta.
1515 4814 1643 4875 Postero
1667 4812 1715 4873 die
1739 4810 1916 4872 mutabatur

554 4918 627 4984 aura
649 4900 849 4981 apparuitque
872 4903 1021 4964 matutina
1050 4903 1116 4976 iris;
1150 4905 1246 4965 secuti
1270 4905 1361 4967 venti.
1408 4905 1514 4983 Itaque
1544 4903 1600 4964 hoc
1628 4899 1769 4982 quicquid
1802 4907 1854 4959 est
1885 4896 1914 4957 in

555 5007 646 5051 aurae
670 4989 867 5051 mutationem
891 4992 1013 5053 contuli.
1061 4989 1123 5053 Sed
1155 5010 1268 5071 paucos
1300 5003 1371 5072 post
1401 4992 1481 5066 dies,
1513 5010 1620 5071 nempe
1643 4989 1673 5054 5.
1701 4987 1750 5052 15.
1776 4984 1915 5050 Jauuarii

555 5096 633 5138 suno
661 5076 744 5141 1603
778 5075 896 5155 vesperi
925 5080 1009 5141 coelo
1037 5080 1146 5142 iterum
1165 5100 1289 5157 sereno,
1318 5101 1385 5143 cum
1408 5082 1513 5143 Lunae
1536 5081 1695 5143 triduanae
1719 5082 1916 5158 superessent
