4584 6192
948 574 1152 624 axv-mxv.
1597 527 1601 534 ’
1664 571 1731 639 543

368 751 545 830 penicillum
574 751 711 814 OAI‘BO
741 753 843 831 puncti
868 752 913 825 O,
948 753 1000 813 sed
1024 753 1120 814 oolam
1143 759 1261 831 partem
1287 740 1494 825 OAIFGHC,
1528 752 1612 830 cujus
1639 751 1731 829 junc-

368 850 438 901 tura
463 842 491 901 in
515 849 602 922 parte
633 842 721 901 lentis
746 843 814 903 All.
863 841 1000 911 Quilibet
1029 842 1120 919 igitur
1148 842 1298 902 radiorum
1322 843 1399 904 inter
1422 844 1478 913 Kl,
1501 841 1560 901 BG
1584 848 1734 902 monstrat

368 938 514 1010 punctum
538 932 579 1003 Ε,
605 931 711 991 dexter
735 932 882 991 dextrum.
929 930 971 990 Et
994 931 1120 1008 quilibet
1143 929 1293 991 radiorum
1318 931 1397 991 inter
1421 931 1474 1005 AI,
1500 929 1560 990 HG
1584 935 1734 990 monstrat

368 1027 512 1098 punctum
538 1018 582 1093 O,
618 1019 742 1079 sinister
775 1020 939 1080 sinistrum.
988 1018 1088 1089 Quare
1113 1038 1170 1099 quo
1205 1020 1263 1079 situ
1289 1019 1397 1081 AIIGI
1421 1027 1453 1080 et
1475 1017 1580 1081 KBGI
1604 1018 1731 1097 penicil-

372 1109 466 1169 lorum
490 1117 594 1186 partes
619 1109 657 1167 ad
682 1109 798 1169 oculum
833 1107 878 1168 Gl
909 1108 1094 1182 allabuntur,
1120 1108 1223 1168 eodem
1249 1108 1308 1168 situ
1333 1110 1425 1170 etiarn
1450 1107 1474 1169 0
1499 1117 1530 1169 et
1553 1108 1580 1168 Ε
1602 1106 1733 1168 vertices

368 1196 575 1276 penicillorum
602 1216 652 1256 seu
678 1206 790 1275 puncta
814 1196 945 1257 visibilia
968 1216 1091 1257 revera
1115 1195 1166 1256 siti
1191 1204 1272 1256 sunt.

461 1286 575 1346 LXXI.
624 1286 846 1364 Propositio.
894 1284 1001 1346 Omnis
1026 1305 1078 1364 per
1106 1304 1258 1345 convexas
1289 1286 1386 1346 lentes
1418 1292 1520 1345 erecta
1553 1303 1732 1363 repraesen-

369 1375 448 1435 tatio
477 1384 645 1435 erectorum
680 1374 839 1435 visibilium
875 1375 1101 1453 longinquorum
1126 1383 1173 1434 est
1202 1374 1374 1436 necessario
1408 1375 1554 1435 confusa:
1588 1382 1620 1434 et
1648 1379 1733 1433 tanto

369 1464 532 1536 confusior,
559 1473 670 1542 quanto
696 1465 759 1524 lens
784 1483 920 1524 convexa
944 1463 982 1523 ab
1007 1465 1092 1524 oculo
1118 1464 1271 1524 remotior.

461 1553 540 1613 Nam
563 1571 618 1631 per
640 1553 809 1630 superiores
835 1574 852 1611 a
876 1552 1026 1614 XXXIV.
1061 1553 1090 1612 in
1120 1551 1191 1612 XL.
1225 1551 1456 1628 uniuscujusque
1489 1549 1592 1628 puncti
1627 1550 1664 1609 de
1700 1567 1733 1609 re

373 1640 442 1700 visa
466 1642 628 1720 longInqua
653 1642 707 1711 (sit
732 1642 760 1699 in
794 1640 885 1719 priori
916 1643 1069 1701 schemate
1101 1641 1203 1719 puncti
1229 1639 1270 1712 C)
1294 1640 1369 1701 radii
1396 1638 1465 1713 CA,
1492 1637 1547 1700 CH
1572 1648 1604 1698 et
1627 1636 1734 1716 reliqui

371 1729 512 1808 paralleli
538 1730 606 1807 (per
629 1729 751 1801 XXII.)
776 1750 867 1808 usque
892 1731 929 1790 ad
955 1731 1064 1790 lentem
1088 1748 1262 1801 convexam,
1286 1736 1366 1808 post,
1392 1729 1572 1788 rel'ractioue
1597 1727 1680 1786 facta
1703 1726 1733 1785 in

375 1820 458 1879 lente
484 1836 628 1890 convexa,
659 1819 721 1896 jam
749 1840 852 1879 vorsus
877 1822 993 1879 oculum
1017 1818 1062 1880 IG
1088 1826 1280 1894 convergunt.
1329 1819 1373 1877 At
1402 1835 1455 1895 per
1479 1816 1579 1876 LXV.
1604 1833 1733 1876 conver-

374 1907 517 1985 gentibus
551 1907 643 1967 radiis
680 1909 765 1967 unius
798 1909 899 1987 puncti
930 1910 967 1967 ad
1002 1910 1137 1980 oculum,
1169 1906 1353 1985 impossibile
1385 1914 1433 1966 est
1464 1906 1639 1966 distinctam
1672 1902 1736 1964 fieri

371 1996 530 2056 visionem.
580 1993 712 2074 Cumque
744 1998 958 2074 convergentia
982 1998 1022 2057 sit
1046 2017 1138 2057 causa
1171 1996 1370 2069 confusionis,
1404 1995 1498 2072 major
1522 1992 1736 2071 convergentia

372 2085 433 2144 erit
465 2084 591 2161 majoris
625 2086 808 2146 confusionis
842 2106 941 2146 eausa.
991 2087 1091 2163 Illajor
1122 2093 1222 2145 autem
1253 2094 1301 2145 est
1331 2082 1546 2161 convergentia
1568 2082 1598 2142 in
1629 2080 1736 2158 majori

344 2179 347 2184 ’
371 2182 460 2251 parte
486 2173 618 2251 penicilli
644 2174 681 2232 ab
707 2176 791 2235 oculo
817 2176 994 2253 intercepta,
1020 2195 1085 2235 curn
1106 2174 1223 2235 scilicet
1248 2174 1351 2234 oculus
1375 2179 1423 2232 est
1443 2172 1557 2232 alente
1581 2169 1735 2232 remotior.

373 2261 477 2338 Major
500 2262 592 2336 igitur
607 2271 639 2320 et
654 2264 789 2323 confusio
809 2265 866 2324 erit
881 2274 999 2323 erectae
1023 2262 1157 2335 visionis,
1183 2264 1209 2322 si
1226 2263 1289 2322 lens
1306 2262 1343 2322 ab
1360 2262 1445 2322 oculo
1470 2259 1611 2321 remotior
1634 2258 1735 2319 fuerit.

464 2350 596 2410 LXXII.
646 2352 870 2430 Propositio.
917 2353 1030 2431 Aliqua
1054 2372 1107 2431 per
1131 2370 1281 2412 convexas
1307 2351 1403 2412 lentes
1428 2357 1531 2410 erecta
1554 2366 1735 2427 repraesen-

374 2438 452 2499 tatio
477 2438 639 2499 visibilium
663 2442 894 2519 propinquorum
919 2451 967 2501 est
990 2464 1049 2511 τοις
1073 2442 1253 2520 πρεσβυταις
1277 2441 1430 2501 distincta.

464 2527 632 2606 Presbytae
666 2530 802 2590 dicuntur
826 2531 1002 2602 Aristoteli,
1039 2531 1097 2608 qui,
1127 2549 1193 2590 cum
1217 2538 1333 2591 remota
1357 2527 1500 2588 distincte
1534 2525 1667 2594 videant,
1698 2522 1736 2583 ad

373 2615 541 2694 propinqua
566 2625 636 2677 sunt
660 2618 793 2690 lusciosi,
821 2629 854 2679 ut
877 2620 992 2679 LXIV.
1041 2620 1124 2679 Talis
1154 2620 1245 2696 igitur
1274 2618 1381 2697 aliquis
1404 2635 1458 2694 per
1480 2615 1601 2677 XXIII.
1633 2612 1736 2672 oculos

376 2705 542 2764 assuefecit
565 2705 604 2765 ad
627 2707 729 2767 radios
754 2708 981 2787 uniuscujusque
1006 2709 1107 2785 puncti
1132 2707 1306 2786 parallelos.
1343 2707 1415 2766 Iam
1438 2723 1509 2765 vero
1532 2722 1586 2782 per
1600 2700 1736 2763 XXXV.

375 2802 409 2852 et
432 2792 583 2854 XXXIX.
608 2803 656 2855 est
680 2796 799 2874 ailquod
824 2807 966 2875 punctum
991 2807 1075 2856 trans
1105 2798 1217 2856 lentem
1241 2816 1293 2856 seu
1323 2793 1542 2874 perspicilluru‚
1577 2792 1606 2852 in
1631 2809 1688 2869 quo
1712 2788 1739 2849 si

376 2891 521 2962 punctum
552 2881 596 2943 rei
629 2884 757 2945 visibilis
789 2895 932 2963 ponatur,
966 2885 1042 2945 radii
1076 2886 1154 2946 illius
1189 2884 1292 2964 puncti
1325 2884 1454 2945 transita
1485 2883 1564 2943 lente
1600 2877 1740 2958 paralleli

378 2970 524 3031 incedunt
555 2989 661 3032 versus
695 2974 822 3035 oculum.
870 2975 1025 3035 Distiucta
1056 2975 1147 3051 igitur
1180 2982 1427 3052 repraesentatur
1450 2971 1511 3032 illis
1536 2989 1583 3032 res
1612 2966 1740 3028 visibilis

374 3077 432 3139 per
457 3060 568 3121 lentem
593 3079 767 3124 convexam.

468 3147 510 3209 Et
534 3156 614 3222 nota,
641 3151 860 3212 demonstratio
886 3152 989 3212 definit
1014 3150 1123 3211 ilmites
1149 3170 1247 3211 rerum
1271 3149 1430 3211 subtiliter.
1468 3149 1588 3210 Natura
1611 3163 1681 3207 vero
1696 3144 1741 3205 cis
1807 3179 1813 3191 ·

378 3248 411 3298 et
435 3238 516 3299 ultra
539 3248 687 3315 evagatur
712 3241 793 3301 nullo
809 3258 918 3316 magno
943 3240 1067 3300 visionis
1093 3240 1291 3311 incommodo,
1316 3240 1373 3300 nisi
1389 3258 1454 3299 curn
1475 3238 1563 3297 nimio
1584 3242 1740 3313 evagatur.

470 3325 620 3386 LXXIII.
677 3329 907 3407 Propositio.
965 3328 1079 3389 Oculus
1113 3329 1141 3388 iu
1180 3338 1290 3407 puncto
1330 3347 1491 3388 concursus
1529 3324 1741 3404 parallelorum

377 3415 547 3476 collocatus
572 3416 654 3475 videt
678 3419 844 3496 propinqua
868 3418 965 3478 adbuc
990 3428 1100 3479 erecta.

471 3504 550 3565 Nam
588 3506 690 3565 oculus
729 3507 894 3567 collocatus
929 3509 957 3568 in
990 3516 1101 3585 puncto
1139 3524 1302 3565 concursus
1341 3504 1556 3582 parallelorum
1590 3502 1661 3572 (boc
1695 3506 1742 3557 est

377 3592 563 3653 venientium
596 3615 613 3652 a
647 3604 757 3671 puncto
793 3604 907 3655 remoto
942 3606 972 3656 et
1006 3596 1165 3674 lonqinquo
1199 3613 1251 3671 per
1281 3593 1419 3664 XXIII.)
1453 3600 1500 3651 est
1531 3591 1627 3650 adbuc
1660 3589 1741 3647 intra

377 3682 526 3744 terminos
559 3701 719 3743 concursus
754 3686 903 3744 radiorum
937 3686 1038 3762 puncti
1074 3684 1201 3743 visibilis
1235 3682 1391 3760 propinqui
1427 3700 1481 3759 per
1503 3678 1593 3740 XLI.
1641 3674 1741 3746 Quare

377 3791 434 3850 per
458 3771 556 3834 LXX.
584 3772 700 3831 visibile
726 3774 822 3833 adhuc
848 3783 979 3833 erectum
1004 3770 1291 3851 repraesentabitur.

472 3859 621 3920 LXXIV.
662 3861 894 3939 Propositio.
934 3860 1046 3923 Oculus
1068 3861 1095 3921 in
1116 3869 1225 3939 puncto
1246 3877 1406 3919 rroncursus
1426 3856 1576 3916 radiorum
1599 3859 1742 3930 apuncto

379 3948 424 4009 rei
450 3949 643 4009 defluentium
674 3951 857 4011 constitutus
887 3961 1027 4027 punctum
1055 3953 1127 4011 illud
1157 3949 1278 4009 radians
1302 3966 1355 4026 per
1380 3946 1490 4006 lentem
1518 3942 1660 4004 distincte
1684 3959 1742 4001 non

380 4038 476 4107 videt,
503 4037 555 4096 sed
581 4038 709 4098 omnium
734 4040 954 4099 confusissime.

471 4126 551 4186 Nam
576 4127 652 4187 radii
676 4129 762 4188 unius
796 4129 898 4206 puncti
932 4127 1166 4188 refractionem
1193 4127 1271 4186 lente
1305 4124 1388 4184 lacta
1420 4127 1604 4198 convergunt
1636 4137 1742 4179 versus

380 4224 524 4294 punctum
548 4234 719 4277 concursus.
768 4217 801 4278 Si
827 4237 897 4294 ergo
923 4219 1025 4277 oculus
1049 4217 1078 4276 in
1103 4224 1214 4294 puncto
1240 4233 1416 4285 concursus,
1442 4215 1628 4287 convergunt
1652 4207 1744 4285 igitur

381 4324 488 4363 versus
523 4305 648 4364 oculum.
698 4307 741 4366 at
768 4326 820 4385 per
849 4307 949 4366 LXV.
984 4304 1234 4382 consurgentibus
1270 4302 1335 4376 his,
1370 4302 1437 4361 sous
1466 4308 1498 4359 et
1526 4300 1609 4377 origo
1641 4316 1743 4358 eorum

383 4393 530 4454 distincte
564 4413 621 4453 non
657 4394 785 4456 videtur.
840 4396 973 4473 Cumque
1007 4395 1138 4455 maxima
1171 4394 1211 4452 sit
1242 4390 1456 4470 convergentia
1490 4387 1516 4448 in
1550 4388 1600 4448 illo
1634 4396 1745 4465 puncto

382 4483 513 4543 omnium
539 4501 649 4557 earum,
675 4503 750 4563 quae
775 4504 829 4563 per
853 4504 940 4547 unam
965 4485 1076 4545 lentem
1096 4503 1164 4542 esse
1188 4490 1326 4560 possunt,
1351 4478 1486 4539 conlusio
1512 4477 1603 4555 igitur
1621 4475 1679 4535 erit
1703 4473 1744 4534 ibi

383 4572 515 4631 maxima
540 4571 678 4632 omnium.
790 4630 795 4639 ,

471 4660 604 4720 LXXV.
651 4662 878 4739 Propositio.
926 4661 1040 4721 Oculus
1074 4660 1257 4720 constitutus
1286 4665 1373 4718 extra
1404 4664 1563 4734 punctum,
1596 4652 1635 4711 ad
1667 4650 1745 4730 quod

379 4758 566 4810 concurrunt
590 4750 674 4809 unius
700 4750 827 4810 visibilis
850 4751 952 4828 puncti
972 4750 1058 4823 radii,
1083 4750 1166 4808 videt
1186 4747 1266 4808 illius
1286 4745 1413 4806 visibilis
1438 4751 1550 4823 puncta
1564 4761 1619 4820 per
1633 4741 1745 4802 lentem

382 4856 550 4899 convexam
574 4857 679 4899 everso
704 4840 773 4899 situ.

473 4927 541 4990 Non
577 4928 642 4988 dico
676 4930 754 5007 qnod
785 4928 813 4987 in
847 4946 1021 5007 quacunque
1053 4925 1245 5004 elongatione
1274 4945 1293 4984 a
1320 4930 1431 5001 puncto
1462 4938 1625 4981 concursus
1658 4917 1746 4978 nnius

381 5017 487 5097 puncti
511 5016 661 5078 radiorum
690 5017 794 5078 videat
822 5027 917 5078 toturn
945 5016 1064 5077 visibile
1093 5033 1240 5076 eversum.
1288 5013 1367 5073 Nam
1390 5020 1425 5072 ut
1452 5028 1592 5088 magnam
1615 5005 1746 5068 visibilis
