4584 6192
912 626 968 662 eum
987 610 1084 662 Nuntio
1104 609 1214 662 Siderea.
1675 609 1741 678 497

381 783 496 865 liquido
520 785 650 847 minime.
690 785 805 848 Contra
828 788 1008 850 tenebrosae
1031 796 1135 869 partes
1156 795 1246 849 notae
1271 788 1436 868 antiquitus
1462 795 1532 849 sunt
1555 788 1739 867 aequabiles,

381 874 562 936 tenebrosae
585 883 690 953 partes
715 877 801 937 tarde
826 878 1042 954 illuminantur,
1073 880 1150 958 quod
1181 897 1282 938 earum
1313 878 1412 955 arguit
1436 878 1649 951 humilitatem,
1673 897 1740 940 cum

381 962 613 1024 circumstantes
652 965 816 1025 eminentes
841 967 903 1044 jam
941 968 1029 1046 longe
1067 969 1188 1047 lateque
1226 967 1409 1039 colluceant,
1447 974 1478 1026 et
1515 987 1533 1026 a
1570 966 1740 1029 tenebrosis

380 1050 559 1112 illuminatis
584 1052 702 1131 nigrore
728 1054 865 1133 quodam,
890 1056 973 1115 velut
997 1055 1111 1131 umbra,
1137 1056 1384 1132 distinguantur3
1408 1055 1488 1116 linea
1511 1053 1739 1117 illuminationis

380 1139 411 1200 in
425 1148 513 1218 parte
535 1141 694 1202 tenebrosa
711 1152 793 1202 recta
808 1153 856 1204 est
871 1144 899 1203 in
920 1145 1058 1224 quadris:
1085 1164 1160 1225 quae
1184 1144 1316 1204 vicissim
1333 1144 1362 1203 iu
1382 1143 1534 1204 humorem
1555 1150 1737 1222 competunt,

380 1226 443 1289 iura
465 1238 618 1308 petentem
643 1239 673 1291 et
697 1232 827 1308 pondere
853 1253 906 1292 sno
931 1235 1027 1293 fusum
1053 1235 1089 1293 ad
1115 1232 1333 1311 aequilibrium.

469 1319 526 1379 His
552 1319 671 1397 inquam
696 1320 880 1396 argumentis
900 1323 988 1401 plane
1013 1323 1212 1382 satisfecisti:
1238 1322 1285 1396 do,
1311 1319 1444 1380 maculas
1466 1338 1533 1379 esse
1558 1319 1662 1392 maria,
1688 1320 1737 1395 do,

381 1405 498 1467 lucidas
526 1417 630 1490 partes
655 1428 723 1468 esse
754 1419 876 1471 terram.
924 1412 1029 1489 Neque
1054 1412 1128 1471 haec
1160 1420 1212 1470 tua
1241 1409 1445 1488 experimenta
1473 1408 1739 1487 perspicacissima

380 1495 431 1554 vel
455 1514 520 1556 meo
544 1497 638 1575 ipsius
663 1497 834 1558 testimonio
856 1509 969 1559 carent.
1008 1501 1085 1561 Nam
1106 1501 1157 1560 fol.
1172 1496 1248 1561 285.
1269 1497 1395 1576 Optices
1415 1515 1499 1557 meae
1520 1496 1613 1556 habes
1633 1496 1737 1557 Lunae

379 1581 516 1644 bisectae
537 1586 646 1645 lineam
672 1594 848 1660 tortuosam,
870 1608 907 1648 ex
928 1607 984 1667 qno
1005 1588 1090 1648 elicui
1116 1588 1292 1648 eminentias
1313 1595 1344 1647 et
1363 1584 1572 1666 depressiones
1587 1584 1616 1644 in
1632 1585 1738 1647 Lunae

379 1690 515 1751 corpore.
568 1675 632 1734 Fol.
657 1671 731 1737 286.
763 1676 888 1736 exhibeo
912 1678 1028 1737 Lunam
1054 1677 1083 1737 in
1113 1676 1231 1755 eclipsi,
1265 1677 1360 1753 figura
1391 1673 1522 1735 laniatae
1554 1673 1653 1733 carnis
1685 1680 1739 1734 aut

379 1762 493 1821 asseris
518 1764 672 1834 confracti,
700 1764 782 1824 striis
808 1765 913 1825 lucidis
938 1786 1004 1826 sese
1029 1765 1057 1825 in
1082 1773 1197 1844 partem
1227 1765 1395 1825 umbrosam
1420 1762 1654 1833 insinuantibus,
1679 1779 1739 1840 qua

379 1848 592 1911 observatione
622 1852 699 1912 idem
732 1862 829 1913 tecum
853 1855 906 1914 sed
932 1854 990 1914 alio
1021 1854 1188 1932 argumenti
1221 1872 1330 1930 genere
1360 1850 1480 1924 evinco,
1505 1850 1609 1911 Lunae
1632 1857 1737 1929 partes

377 1938 554 2017 inaequales
578 1959 655 2008 esse,
680 1942 734 2001 has
760 1942 942 2016 eminentes,
977 1943 1045 2002 illas
1068 1943 1253 2021 profundas3
1285 1962 1343 2001 non
1370 1941 1431 2019 jam
1456 1958 1493 1998 ex
1516 1938 1638 1999 umbrae
1661 1956 1735 2016 pro-

374 2026 521 2103 jectione,
547 2029 662 2088 seder
687 2049 732 2103 eo,
759 2031 835 2111 quod
861 2031 1049 2091 debilitatum
1065 2030 1146 2092 Solis
1171 2031 1285 2091 radium
1305 2030 1334 2089 in
1359 2027 1485 2089 confinio
1510 2026 1631 2105 eclipsis
1656 2026 1734 2087 aliae

378 2114 485 2175 Lunae
509 2126 612 2193 partes
637 2118 753 2192 fortius,
779 2120 856 2178 aliae
878 2119 1004 2180 debilius
1029 2119 1181 2197 excipiunt
1200 2127 1230 2180 et
1254 2118 1417 2178 revibrant.
1457 2115 1500 2176 At
1518 2115 1593 2176 haec
1612 2115 1736 2176 confuse

379 2212 498 2264 tantum
523 2214 554 2264 et
577 2208 777 2284 superficiarie
804 2230 822 2268 a
846 2228 891 2268 me
916 2217 1061 2269 annotata
1085 2217 1169 2279 sunt,
1193 2208 1275 2269 nulla
1299 2204 1492 2267 distinctione
1517 2204 1735 2264 maculosamm

376 2293 508 2371 partium
534 2315 552 2352 a
576 2295 690 2355 lucidis.
740 2297 804 2356 Tua
829 2316 898 2356 vero
924 2297 1081 2373 diligentia
1105 2316 1192 2375 qnam
1217 2295 1377 2357 ordinatim
1402 2293 1501 2354 omnia
1527 2291 1734 2371 persequitur!

378 2378 437 2451 Qui
454 2382 545 2441 etiam
562 2386 695 2444 maculas
718 2384 799 2462 ipsas
823 2395 939 2446 veteres
964 2386 1165 2446 albicantibus
1188 2384 1298 2445 areolis
1327 2381 1534 2462 aequabilibus
1559 2399 1612 2442 ceu
1639 2379 1736 2441 maria

377 2469 478 2548 planis
503 2470 607 2532 insulis
632 2472 838 2534 interstinctas
864 2474 998 2534 exhibes.

468 2559 573 2637 Neque
593 2562 668 2621 satis
684 2563 783 2622 mirari
808 2582 941 2641 possum,
967 2563 1035 2642 quid
1055 2563 1112 2623 sibi
1134 2560 1209 2620 velit
1219 2560 1334 2637 ingens
1355 2559 1407 2619 illa
1430 2558 1600 2636 circuloqne
1623 2561 1732 2616 rotun-

376 2646 449 2708 data
468 2649 584 2708 cavitas
610 2650 638 2710 iu
664 2651 796 2724 sinistro,
822 2660 854 2712 ut
879 2652 958 2731 loqui
982 2653 1075 2724 soleo,
1100 2650 1161 2711 oris
1186 2650 1315 2727 angulo:
1341 2655 1507 2708 naturaene
1531 2664 1606 2723 opus
1630 2644 1734 2705 sitan

375 2755 481 2797 manns
507 2738 650 2798 artificis?
666 2732 692 2811 Β)
717 2740 795 2801 Nam
819 2743 954 2818 profecto
979 2750 1212 2801 consentaneum
1228 2745 1285 2811 est,
1310 2738 1335 2797 si
1352 2743 1422 2796 sunt
1441 2735 1470 2794 iu
1485 2735 1574 2795 Luna
1595 2733 1734 2794 viventes

375 2836 533 2885 creaturae
558 2827 683 2906 (quain
716 2828 843 2888 materia
873 2829 943 2889 milri
974 2839 1044 2907 post
1067 2828 1272 2909 Pythagoram
1297 2834 1328 2887 et
1351 2823 1545 2885 Plutarchum
1571 2822 1636 2900 jam
1663 2820 1733 2881 olim

376 2933 453 2973 auno
473 2910 567 2977 1593.
593 2915 746 2994 Tubingae
763 2918 877 2996 scripta
902 2911 1154 2996 disputatione,⁹)
1180 2915 1247 2975 inde
1273 2915 1300 2974 in
1326 2912 1445 2992 Opticis
1475 2911 1550 2971 meis
1578 2910 1631 2970 fol.
1655 2906 1731 2971 286.

374 3012 407 3063 et
431 3003 599 3080 nuperrime
631 3005 659 3063 in
686 3006 859 3083 supradicta
878 3006 1064 3085 geographia
1078 3003 1191 3065 Lunari
1214 3004 1314 3064 ludere
1338 3001 1477 3080 placuit),
1497 3000 1566 3060 illas
1582 2998 1732 3077 ingenium

375 3111 447 3152 suae
472 3092 642 3169 provinciae
666 3093 791 3165 imitari,
822 3115 896 3175 quae
921 3097 1015 3156 multo
1046 3094 1176 3170 majores
1207 3091 1299 3152 habet
1327 3096 1444 3151 montes
1469 3096 1501 3148 et
1523 3087 1620 3148 valles
1644 3105 1732 3166 qnam
1787 3149 1795 3169 b

373 3189 479 3240 nostra
510 3181 630 3249 Tellus,
666 3182 789 3262 ideoque
819 3185 895 3243 mole
934 3202 1088 3262 corporum
1117 3181 1249 3241 maxima
1280 3180 1436 3260 praeditas
1468 3176 1612 3237 immania
1640 3175 1732 3236 etiam

373 3286 467 3346 opera
499 3278 643 3347 patrare;
677 3290 800 3351 cumque
830 3273 908 3332 diem
940 3273 1073 3332 habeant
1104 3267 1142 3332 15
1169 3279 1289 3330 nostros
1320 3269 1384 3329 dies
1417 3268 1537 3344 longam
1569 3268 1731 3343 aestusque

373 3358 509 3417 sentiant
541 3359 762 3434 intolerabiles,
796 3370 826 3421 et
856 3363 986 3421 fortasse
1014 3367 1138 3420 careant
1173 3358 1322 3436 lapidibus
1347 3358 1385 3417 ad
1414 3355 1594 3416 munitiones
1626 3360 1732 3414 contra

372 3444 476 3507 Solem
492 3447 659 3525 erigendas,
681 3457 713 3509 at
729 3459 834 3510 contra
849 3450 968 3526 glebam
985 3449 1086 3510 forsan
1102 3448 1237 3508 habeant
1251 3447 1279 3508 in
1295 3447 1413 3508 modum
1433 3444 1558 3523 argillae
1578 3452 1730 3504 tenacem:

372 3535 451 3595 hanc
476 3536 565 3613 igitur
598 3537 658 3596 illis
692 3539 869 3598 aedificandi
902 3539 1047 3599 rationem
1083 3538 1227 3598 usitatam
1261 3556 1344 3603 esse,
1384 3542 1417 3595 ut
1447 3551 1569 3611 campos
1592 3531 1730 3609 ingentes

372 3623 558 3703 deprimant,
584 3633 664 3685 terra
688 3626 798 3687 circulo
824 3634 930 3705 egesta
950 3638 980 3688 et
1004 3626 1192 3697 circumfusa,
1218 3626 1295 3685 forte
1320 3632 1351 3684 et
1374 3622 1505 3683 humoris
1530 3617 1557 3680 ih
1581 3617 1729 3697 profundo

373 3712 512 3773 eliciendi
538 3733 649 3787 cansa;
678 3723 711 3776 nt
736 3716 780 3776 ita
803 3716 832 3775 in
856 3717 1002 3794 profundo
1026 3723 1095 3794 post
1124 3715 1254 3774 tumulos
1283 3719 1404 3790 egestos
1427 3710 1456 3770 in
1481 3709 1585 3769 umbra
1612 3708 1730 3768 lateant

371 3800 515 3880 intusque
555 3803 592 3861 ad
623 3813 734 3864 motum
768 3804 847 3866 Solis
882 3813 913 3865 et
943 3805 1001 3883 ipsi
1034 3803 1300 3864 circumambulent
1330 3799 1464 3860 umbram
1497 3801 1726 3867 consectantes3
1826 3842 1835 3849 .

372 3900 464 3968 atque
500 3892 573 3951 haec
607 3893 648 3951 sit
681 3893 741 3952 illis
775 3893 867 3953 veluti
901 3894 1047 3971 quaedam
1081 3892 1198 3970 species
1231 3890 1311 3950 urbis
1343 3887 1577 3956 subterraneae,
1610 3883 1727 3956 domus,

371 3980 535 4059 speluncae
555 3981 763 4055 creberrimae,
785 3983 814 4041 in
833 3983 1014 4060 crepidinem
1030 3982 1111 4041 illam
1132 3980 1307 4041 circularem
1327 3976 1457 4048 incisae;
1483 3993 1555 4053 ager
1569 3981 1601 4033 et
1615 3990 1730 4052 pascua

371 4066 401 4128 iu
418 4068 526 4140 medio,
551 4078 583 4129 ut
598 4069 700 4130 Solem
722 4069 870 4148 fugientes
887 4092 904 4129 a
923 4070 1056 4150 praediis
1078 4080 1179 4130 tamen
1199 4068 1316 4146 longius
1336 4085 1393 4127 nou
1413 4072 1559 4141 cogantur
1576 4060 1728 4123 recedere.
1820 4150 1823 4155 Ι

463 4155 523 4217 Sed
548 4177 709 4236 sequamur
740 4178 827 4237 porro
860 4160 950 4219 etiam
982 4160 1062 4219 filum
1097 4166 1166 4218 tuae
1200 4155 1380 4235 scriptionis.
1428 4151 1566 4227 Quaeris,
1596 4171 1648 4213 cnr
1671 4168 1729 4211 uon

369 4246 539 4324 inaequalis
555 4248 645 4307 etiam
662 4259 807 4326 appareat
823 4255 973 4310 extremus
985 4249 1088 4308 Lunae
1103 4246 1256 4308 circulus?
1279 4244 1400 4317 Nescio,
1420 4261 1509 4322 quam
1524 4241 1554 4303 id
1570 4241 1729 4318 diligenter

372 4334 465 4394 fueris
490 4337 718 4413 contemplatus,
746 4356 821 4412 aune
846 4337 947 4415 potius
971 4337 1018 4397 hic
1043 4357 1080 4397 ex
1104 4336 1242 4414 opinione
1266 4334 1348 4412 vulgi
1372 4330 1521 4411 quaeras?
1549 4331 1626 4391 Nam
1651 4329 1728 4391 libro

370 4441 438 4484 meo
464 4423 516 4482 fol.
542 4420 616 4486 286.
642 4425 669 4484 in
700 4426 871 4503 pleniluniis
896 4426 1007 4505 aliquid
1031 4445 1104 4487 sane
1128 4425 1157 4485 in
1182 4425 1239 4485 hac
1264 4423 1377 4483 extima
1408 4417 1511 4481 circuli
1542 4418 1727 4498 perfectione

370 4511 545 4572 desiderare
582 4533 627 4573 me
661 4515 815 4593 professus
848 4534 922 4577 sum.
971 4515 1147 4594 Perpende;
1181 4520 1212 4574 et
1245 4512 1315 4591 quid
1348 4509 1402 4571 tibi
1430 4509 1570 4569 videatur
1605 4507 1726 4580 iterato,

370 4602 510 4673 enuncia,
536 4603 595 4661 tuis
620 4602 698 4663 enim
722 4603 891 4664 ocularibus
916 4604 1015 4666 fidam.
1063 4610 1161 4673 (Comp.
1185 4626 1207 4673 p.
1227 4605 1301 4668 475.)

462 4689 511 4750 Ad
537 4692 741 4768 quaestionem
767 4701 798 4752 tu
832 4693 949 4771 quidem
978 4700 1011 4752 nt
1039 4692 1076 4751 de
1099 4710 1131 4751 re
1165 4697 1249 4750 certa
1282 4688 1445 4768 respondes
1476 4684 1594 4763 gemino
1626 4683 1725 4745 modo.

367 4776 488 4840 Primus
513 4778 588 4839 meis
613 4780 825 4858 experimentis
855 4801 911 4840 non
940 4788 1098 4859 repugnat.
1145 4780 1225 4841 Nam
1249 4777 1274 4838 si
1299 4774 1467 4855 frequentia
1490 4781 1521 4834 et
1543 4771 1726 4851 constipatio

369 4868 517 4929 verticum
551 4868 675 4928 aliorum
708 4878 779 4947 post
812 4870 888 4930 alios
919 4868 949 4929 in
983 4876 1115 4930 extremo
1154 4865 1348 4946 aspectabilis
1386 4861 1596 4941 hemisphaerii
1633 4860 1726 4921 limbo

368 4957 503 5037 speciem
528 4956 649 5016 exhibet
680 4959 807 5035 perfecti
838 4958 954 5032 circuli,
987 4958 1049 5019 fieri
1074 4977 1132 5018 non
1156 4964 1274 5036 potest,
1308 4953 1366 5016 nisi
1389 4952 1519 5014 vertices
1543 4951 1726 5012 adtomnm

368 5045 492 5125 aequati
518 5055 550 5106 et
573 5044 674 5106 abrasi
704 5047 781 5120 sint,
816 5055 930 5109 utnon
965 5047 1127 5109 minutulae
1161 5044 1321 5106 nonnullae
1354 5042 1479 5104 rimulae
1503 5048 1556 5101 ant
1578 5037 1726 5102 tubercnli

366 5142 582 5213 compareant,
616 5135 695 5213 quod
727 5134 802 5196 meis
833 5136 1003 5198 observatis
1036 5143 1119 5197 esset
1152 5140 1395 5195 cousentaneum.
1441 5130 1477 5192 In
1508 5128 1606 5196 altero
1637 5126 1726 5192 ruodo

333 5293 339 5304 ,
419 5237 511 5289 rana
524 5238 600 5288 orm
621 5238 649 5280 a
1478 5230 1513 5291 ³2
1696 5213 1714 5244 ⁹
