4584 6192
1021 518 1053 569 do
1071 518 1144 568 rebus
1164 517 1267 582 Optr'eir.
1778 518 1820 585 55

466 694 618 776 mendum:
651 696 681 756 id
706 696 741 755 iit
765 703 847 755 moto
871 694 994 773 cupitis,
1031 713 1088 775 qno
1112 714 1188 756 unus
1212 695 1313 756 oculus
1343 694 1471 756 efficitur
1495 703 1629 775 ternpore
1653 697 1739 777 quasi
1763 698 1821 760 duo

466 786 505 845 rel
529 784 636 863 plures
660 784 751 847 oculi.
800 781 903 843 Omnis
929 803 999 845 roro
1024 785 1134 844 locatio
1158 783 1297 863 imaginis
1322 792 1370 845 est
1393 784 1502 845 mentis
1518 804 1571 845 sen
1594 786 1690 845 nravis
1714 805 1821 847 sensus

466 872 625 936 communis
648 891 734 952 opus.
782 870 930 951 Quicquid
951 873 1029 933 euim
1045 882 1093 933 est
1116 873 1264 951 imaginis,
1291 892 1366 953 quae
1391 893 1448 933 uon
1474 882 1521 934 est
1544 873 1596 945 rei,
1617 874 1647 933 id
1672 883 1720 935 est
1743 874 1821 935 ima-
1885 929 1892 938 .

465 961 642 1040 pastionis,
669 962 700 1024 id
719 969 769 1022 est
792 962 910 1022 meotis.
958 961 1006 1021 Ex
1029 962 1183 1022 schemate
1207 958 1259 1023 53.
1284 962 1341 1022 mei
1365 962 1431 1022 libri
1457 981 1560 1041 negas,
1586 960 1608 1023 S
1633 981 1700 1023 esse
1725 963 1821 1026 locum

466 1050 621 1129 imaginis:
655 1043 726 1111 ‘esse
760 1050 838 1118 enim
866 1050 990 1111 cuilibet
1021 1052 1105 1111 oculo
1138 1060 1312 1129 separatum
1345 1051 1483 1128 imaginis
1514 1051 1609 1111 locum
1633 1051 1662 1112 in
1687 1052 1818 1130 speculo.

466 1140 526 1201 basi
550 1158 601 1200 me
627 1138 797 1200 diutissime
821 1139 903 1217 prius
928 1158 1117 1201 exercuerant
1133 1141 1160 1200 in
1177 1139 1317 1218 speculis,
1342 1158 1429 1218 quarn
1447 1140 1552 1201 librum
1569 1140 1694 1219 scripsi,
1718 1148 1819 1201 tamen

467 1228 623 1308 conjecisti
647 1247 695 1289 me
719 1228 748 1288 iu
774 1246 881 1287 noram
905 1229 981 1289 hanc
1005 1248 1115 1291 curam.
1150 1228 1229 1289 Nam
1254 1247 1346 1307 usque
1370 1229 1407 1288 ad
1423 1229 1573 1290 oculorum
1588 1229 1722 1290 dolorem
1745 1247 1819 1291 con·

469 1316 615 1397 templana
640 1335 698 1377 uon
721 1316 806 1394 potui
831 1316 1067 1395 deprehendere,
1096 1336 1172 1396 quae
1197 1326 1228 1378 tu
1248 1317 1352 1395 jactas
1375 1316 1502 1379 vidisse:
1537 1336 1595 1377 ona
1619 1318 1698 1379 enim
1721 1317 1820 1397 imago

470 1407 568 1467 oblata
593 1406 653 1467 tuit
678 1404 794 1484 utrique
819 1406 920 1478 oculo,
947 1406 1033 1467 simul
1058 1405 1182 1485 apertis.
1221 1407 1279 1467 Illa
1303 1406 1421 1485 quidem
1441 1405 1536 1483 major
1552 1405 1711 1467 ridebatur
1734 1408 1820 1468 oculo

470 1495 640 1575 propinquo,
668 1512 755 1573 quam
779 1495 826 1554 vel
851 1495 1004 1556 remotiori
1027 1496 1074 1555 vel
1098 1494 1231 1573 utrisque
1255 1494 1380 1574 apertis.
1428 1494 1488 1556 Sed
1513 1493 1540 1554 id
1566 1512 1623 1554 non
1648 1503 1695 1555 est
1718 1498 1821 1563 notice

473 1583 610 1644 linearum
634 1583 690 1643 sed
714 1582 953 1652 aestimationis,
987 1591 1019 1644 nt
1042 1602 1108 1644 curu
1132 1584 1240 1644 stellae
1264 1582 1391 1644 humiles
1415 1584 1554 1644 videntur
1577 1584 1707 1663 majores
1731 1601 1820 1661 quum

474 1671 636 1734 verticulas.
685 1670 865 1750 Superficies
890 1679 953 1732 tam
977 1673 1143 1751 propinqua
1167 1672 1251 1732 oculo
1275 1673 1405 1733 sentitur
1419 1672 1564 1732 velociter
1579 1671 1716 1751 locatque
1741 1673 1819 1732 ima-

477 1761 561 1839 ginem
586 1761 617 1821 io
643 1760 805 1839 superficie⁴
823 1761 973 1839 propiore,
1009 1779 1084 1839 quae
1116 1762 1212 1821 altero
1244 1768 1348 1839 aperto
1377 1760 1495 1821 videtur
1518 1760 1597 1820 ultra
1621 1760 1818 1839 superficiem,

478 1848 534 1927 quia
554 1849 602 1911 illi
625 1866 684 1909 uon
709 1847 754 1908 ita
777 1860 825 1909 est
849 1849 986 1922 evidens,
1022 1849 1130 1929 quippe
1161 1849 1313 1910 remotior.
1361 1848 1477 1910 Contra
1505 1849 1561 1909 hoc
1584 1848 1660 1909 vidi:
1693 1849 1821 1927 primum

480 1937 576 2016 apertis
603 1936 720 1998 duobus
744 1936 838 1998 oculis
863 1937 950 2017 inque
974 1938 1133 2017 imaginem
1157 1937 1294 2009 intentis,
1319 1947 1389 2016 post
1405 1938 1502 1997 altero
1517 1936 1620 1998 clauso
1645 1936 1688 2010 (in
1705 1937 1820 1998 directa

482 2025 546 2103 globi
568 2025 761 2099 intuitione),
795 2025 880 2086 initio
913 2027 1029 2105 quidem
1063 2026 1113 2087 uni
1138 2027 1222 2087 oculo
1247 2027 1314 2087 visa
1346 2035 1393 2086 est
1416 2025 1514 2104 imago
1539 2044 1632 2105 aeque
1656 2044 1766 2104 magna
1789 2034 1820 2086 et

484 2114 631 2194 propinqua
654 2134 690 2174 ac
714 2114 797 2192 prius
823 2122 949 2194 utroque
966 2117 1078 2194 'aperto
1104 2117 1203 2176 oculo:
1229 2116 1316 2195 paulo
1341 2133 1412 2175 uero
1427 2123 1512 2193 post,
1539 2113 1660 2174 inrmoto
1684 2122 1716 2175 et
1735 2116 1820 2176 oculo

486 2209 507 2261 et
524 2204 658 2282 speculo,
684 2203 783 2281 imago
807 2203 873 2264 visa
897 2213 944 2264 est
969 2204 1104 2284 aequalis
1127 2204 1171 2264 rei
1195 2213 1226 2263 et
1249 2210 1365 2264 remota
1387 2203 1662 2281 proportionaliter.
1703 2203 1821 2282 Nempe

488 2289 523 2350 ubi
549 2309 602 2352 nec
635 2310 800 2352 concursus
833 2292 1031 2353 metatricium
1065 2311 1120 2353 neo
1149 2292 1301 2353 evidentia
1334 2292 1499 2371 superficiei
1534 2290 1699 2371 specularis
1723 2292 1821 2353 locum

491 2379 613 2441 coudliat
635 2378 772 2458 imagini,
798 2379 838 2441 ibi
862 2381 1032 2442 aestimatio
1057 2381 1250 2461 quantitatis,
1280 2400 1355 2461 qnae
1380 2380 1544 2441 desumitur
1568 2400 1587 2440 a
1610 2386 1754 2440 consueta
1776 2379 1820 2441 rei

492 2477 560 2528 uotae
583 2468 769 2548 quantitate,
796 2469 974 2531 locationem
997 2477 1149 2549 praestat;
1182 2489 1284 2530 rernm
1308 2470 1363 2530 boc
1388 2469 1427 2530 ibi
1451 2476 1569 2529 tantum
1592 2467 1642 2528 ubi
1666 2468 1822 2530 evanescit

492 2556 683 2632 quodammodo
709 2556 837 2618 latitudo
858 2560 998 2638 pupillae.
1047 2558 1170 2619 Summa
1195 2559 1268 2619 hacc
1292 2568 1353 2619 est:
1389 2556 1537 2618 dualitate
1570 2557 1722 2618 oculorum
1745 2557 1820 2619 sub-

494 2642 537 2704 lata
555 2645 634 2707 locus
660 2646 801 2725 imaginis
826 2657 872 2707 cst
897 2658 958 2709 tarn
983 2657 1127 2719 remotus,
1153 2656 1186 2709 ut
1209 2668 1247 2708 ex
1270 2666 1305 2707 eo
1329 2667 1378 2708 res
1403 2647 1469 2725 ipsa
1493 2646 1547 2706 snb
1566 2648 1676 2723 angulo
1701 2646 1820 2726 aequali

494 2747 531 2809 quo
550 2754 623 2796 onoc
648 2735 748 2814 imago
773 2737 905 2815 spectari
930 2743 1037 2816 queat:
1072 2736 1116 2796 sin
1142 2735 1268 2815 denique
1293 2737 1399 2797 haeret
1421 2734 1564 2795 memoria
1588 2733 1644 2794 loci
1669 2753 1722 2813 per
1745 2734 1820 2796 duos

493 2821 566 2882 trulos
590 2823 661 2896 risi,
696 2824 773 2883 idem
799 2825 881 2885 locus
907 2834 955 2886 est
983 2826 1032 2905 qoi
1057 2833 1185 2904 apparet
1213 2834 1244 2885 et
1268 2826 1315 2886 uni
1340 2824 1436 2885 oculo.
1484 2824 1547 2883 Irno
1572 2841 1642 2882 vero
1661 2823 1725 2901 jam
1748 2832 1819 2884 tao·

493 2905 539 2970 ten
557 2912 687 2991 patescit
711 2920 743 2973 et
766 2919 848 2973 tuum
872 2914 1119 2994 experimentum.
1167 2913 1296 2975 intuitus
1315 2913 1441 2992 primum
1464 2931 1522 2973 nno
1539 2911 1623 2972 oculo
1648 2910 1818 2991 imaginem,

492 3005 573 3071 pstea
594 3010 627 3062 et
652 3002 749 3061 altero
774 3011 878 3079 aperto
913 3011 980 3064 orta
1012 3011 1061 3063 est
1093 3003 1192 3081 imago
1222 3002 1286 3063 loco
1317 3000 1499 3080 profundiori
1525 3000 1647 3080 speculi.
1695 3000 1763 3062 Scis
1788 3008 1820 3061 tu

493 3089 608 3151 mosam?
654 3087 797 3150 Genuina
820 3099 852 3151 et
874 3092 1031 3153 uerissima
1056 3111 1149 3152 causa
1173 3100 1221 3153 est
1245 3091 1334 3151 baec:
1355 3090 1433 3150 oculi
1456 3090 1500 3150 ita
1524 3089 1638 3149 assueti
1662 3097 1746 3160 sunt,
1776 3099 1819 3163 ut,

491 3170 541 3237 licet
559 3178 782 3257 defatigantur,
819 3188 919 3241 tamen
944 3182 981 3241 ud
1013 3188 1155 3258 puuctum
1180 3181 1257 3241 idern
1281 3180 1478 3260 propinquum
1502 3177 1618 3239 visibile
1643 3177 1820 3257 dirigantur.
1849 3179 1859 3200 '

491 3258 569 3346 ltaque
592 3286 660 3328 cum
685 3276 809 3345 apertus
834 3269 937 3329 ocolus
963 3270 1004 3330 sit
1027 3269 1141 3330 uicinus
1156 3269 1294 3348 speculo,
1320 3268 1450 3347 reliquos
1479 3267 1505 3327 si
1529 3266 1691 3345 aperiatur,
1707 3268 1821 3346 rapitur

488 3352 556 3416 utam
577 3356 617 3417 ad
640 3355 671 3417 id
695 3364 839 3434 puuctum
863 3359 993 3436 speculi,
1029 3360 1105 3437 quod
1135 3366 1184 3418 est
1216 3358 1361 3429 ricinum,
1394 3356 1463 3435 quia
1491 3355 1614 3415 euidens
1647 3363 1709 3431 est,
1743 3358 1821 3418 oculi

489 3455 539 3504 tero
559 3445 639 3506 idem
664 3445 783 3506 rotundi
807 3447 922 3524 speculi
947 3455 1088 3527 punctum
1112 3447 1264 3508 intuentes
1288 3446 1401 3507 directe
1425 3443 1596 3505 necessario
1620 3443 1724 3505 vident
1746 3447 1822 3508 duas

487 3525 612 3613 imagines
636 3534 767 3612 oblique.
803 3535 919 3595 Exboc
944 3536 1077 3597 nascitur
1101 3536 1210 3597 clarior
1233 3534 1394 3615 explicatio
1419 3552 1529 3593 causae
1554 3540 1585 3593 et
1608 3532 1715 3595 terior.
1753 3534 1821 3595 Biui

487 3622 545 3683 uult
569 3641 658 3683 uuam
684 3623 823 3683 videntes
848 3624 1023 3703 imaginem,
1057 3625 1085 3685 in
1110 3625 1173 3686 itta·
1187 3624 1299 3704 speculi
1323 3632 1447 3702 puncta,
1483 3640 1559 3699 quae
1584 3630 1747 3685 causantur
1771 3643 1820 3684 re-

484 3723 656 3787 percussum,
689 3710 857 3789 diriguntur
889 3714 1025 3793 oblique,
1057 3713 1184 3793 quilibet
1222 3714 1249 3773 iu
1280 3730 1381 3784 suum;
1418 3720 1448 3771 et
1481 3711 1571 3771 iidem
1595 3730 1684 3771 unum
1707 3712 1819 3791 speculi

483 3808 606 3875 punctum
631 3800 785 3860 intuentes
809 3801 938 3875 directe,
964 3803 1039 3863 duas
1063 3803 1167 3863 vident
1190 3801 1344 3881 imagines.
1377 3799 1508 3862 Axioma
1531 3806 1644 3860 certum
1662 3807 1718 3861 est.
1751 3801 1820 3861 Jam

483 3903 540 3950 uuus
576 3888 681 3949 oculus
715 3897 838 3967 apertus
870 3889 982 3952 directe
1021 3893 1114 3952 fertur
1151 3892 1181 3951 iu

483 3985 608 4052 puoctom
632 3975 851 4056 repercutiens,
876 3980 964 4059 inque
980 3999 1015 4041 eu
1031 4000 1083 4040 seu
1102 3980 1182 4040 ultra
1250 3975 1252 3979 ’
1450 3976 1502 4040 th.
1524 3971 1566 4021 Qu.

483 4063 549 4128 ridet
570 4074 604 4127 et
622 4066 782 4144 imaginem
798 4068 920 4129 directe.
958 4068 1178 4148 Superveniens

483 4149 555 4230 igitur
576 4156 656 4216 alter
679 4155 783 4215 oculus
806 4156 886 4218 idem
905 4158 1019 4237 speculi
1037 4165 1179 4237 puuctum

485 4239 579 4314 direote
609 4243 745 4304 intuetur
777 4246 939 4325 tantisper,
973 4247 1067 4307 donec
1097 4245 1179 4307 aliud

485 4341 606 4407 puuctum
630 4331 779 4405 inueniat,
814 4335 841 4393 in
876 4335 954 4415 quod
985 4334 1103 4414 oblique
1131 4334 1180 4394 in-

487 4423 668 4483 benennam
693 4440 759 4482 cum
783 4421 864 4483 socio
888 4424 992 4486 rideat
1010 4423 1178 4503 imaginem.

487 4501 546 4569 bam
567 4518 746 4590 perpetuum
769 4530 827 4572 uon
852 4520 899 4573 est
923 4532 977 4574 nec
993 4513 1082 4573 durat
1101 4514 1185 4573 dua--

488 4590 541 4659 litas
571 4598 730 4677 imaginis,
770 4600 825 4659 sed
857 4601 984 4664 redeunt
1015 4602 1045 4662 in
1079 4620 1178 4674 unam,

489 4678 542 4747 lut
570 4705 638 4749 com
672 4686 773 4749 dolore
805 4697 929 4769 propter
962 4691 1179 4752 contortiouem
1253 4713 1257 4724 ¹

490 4773 626 4838 mulorum.
667 4774 739 4837 Alia
761 4784 794 4838 et
816 4778 1001 4840 constantior
1015 4788 1064 4840 est
1087 4799 1179 4840 causa

490 4855 624 4927 imitatis
656 4864 798 4944 imaginis
835 4868 864 4927 in
902 4869 1052 4930 concavis.
1099 4869 1179 4931 Nam

492 4944 536 5011 dut
564 4954 623 5015 duo
660 4952 736 5014 radii
769 4953 836 5028 Ac,
879 4955 933 5016 BE
969 4956 1108 5038 paralleli
1140 4957 1178 5016 ab

492 5037 571 5107 ulau
603 5040 696 5106 stella
719 5043 852 5125 delapsi,
890 5045 939 5126 qui
973 5046 1179 5127 repercutien-
