4584 6192
1006 570 1087 644 capus
1104 568 1137 631 ll.
1687 568 1745 646 lot

393 756 527 820 fenestra
557 755 808 837 angustissimum
841 763 985 836 qnantum
1009 758 1091 818 visus
1116 757 1283 819 fortitudini
1308 759 1437 832 suflicit,
1463 760 1506 820 sic
1531 766 1641 829 tamen,
1666 768 1699 821 ut
1722 760 1748 822 si

391 848 489 928 paries
511 847 564 910 rel
589 846 724 910 fenestra
747 846 878 907 crassior
901 846 1003 919 fuerit,
1023 855 1127 925 partes
1145 847 1278 908 foramen
1303 847 1533 909 circumstantes
1563 866 1675 927 opacae
1698 868 1749 910 re-

393 937 584 1012 scindantur,
620 936 719 1015 quoad
742 935 797 996 tibi
829 943 1008 1013 prospectus
1032 955 1086 1014 per
1111 938 1244 997 foramen
1268 944 1376 1015 pateat
1399 937 1437 998 ad
1466 955 1570 998 omnes
1594 956 1643 998 res
1677 937 1749 998 foris

393 1026 576 1098 collocatas,
611 1044 685 1106 quas
709 1024 793 1102 cupis
824 1033 1063 1103 repraesentare.
1111 1023 1238 1104 Sintqne
1271 1026 1453 1103 spectatoris
1482 1026 1559 1087 oculi
1582 1045 1637 1105 per
1659 1025 1748 1088 horae

394 1115 590 1195 quadrantem
614 1114 662 1174 vel
686 1113 776 1174 semis
801 1113 923 1173 cohibiti
948 1113 986 1173 ab
1019 1122 1144 1191 aspectu
1169 1114 1243 1175 lucis
1272 1114 1410 1187 diurnae,
1446 1114 1543 1194 quoad
1572 1114 1750 1177 evanuerint

393 1205 510 1284 species
533 1204 563 1265 iu
589 1204 674 1265 clara
697 1201 754 1263 diei
780 1202 843 1262 luce
867 1200 1022 1280 spiritibus
1054 1202 1236 1280 impressae,
1265 1220 1319 1281 per
1342 1221 1380 1263 ea
1404 1222 1479 1283 quae
1504 1203 1532 1263 in
1557 1203 1748 1264 conclusione

392 1293 477 1373 primi
502 1293 616 1372 capitis
640 1291 722 1352 dicta
746 1301 826 1351 sunt.
872 1291 914 1351 Et
942 1290 1004 1351 sint
1033 1310 1082 1351 res
1113 1291 1389 1369 repraesentandae
1423 1292 1589 1354 collocatae
1612 1293 1641 1354 in
1666 1293 1749 1353 clara

394 1385 456 1444 luce
479 1382 530 1442 vel
555 1380 638 1442 Solis
661 1380 709 1440 vel
733 1380 791 1440 diei
816 1379 862 1439 vel
888 1379 1062 1440 facularum.
1100 1379 1176 1440 Dico
1201 1380 1309 1452 omnia,
1333 1399 1408 1459 quae
1433 1380 1505 1441 foris
1529 1389 1561 1442 et
1583 1382 1749 1443 consistere

393 1471 511 1549 etgari
534 1470 685 1542 visuntur,
714 1469 795 1530 intus
819 1468 848 1528 in
873 1467 1012 1548 opposito
1036 1468 1105 1529 albo
1133 1468 1249 1547 pariete
1282 1478 1540 1547 repraesentatum
1566 1470 1614 1543 iri,
1651 1472 1749 1532 solnm

394 1578 499 1622 everso
523 1560 595 1620 situ.
643 1556 837 1636 Nam'(Cap.
861 1552 890 1629 Ι,
916 1553 973 1629 22)
1004 1576 1052 1617 res
1083 1557 1155 1618 foris
1187 1557 1356 1619 illustratae
1386 1579 1405 1618 a
1434 1575 1606 1638 quocunqne
1640 1559 1749 1619 lumine

395 1649 515 1727 tingunt
529 1646 782 1709 communicatam
792 1645 888 1707 lucem
903 1664 1028 1725 eamque
1040 1653 1186 1726 spargunt
1201 1645 1418 1707 orbiculariter.
1444 1644 1544 1716 Quare
1556 1645 1649 1728 (Cap.
1660 1648 1700 1722 ΙΙ,
1711 1644 1748 1721 6)
1790 1695 1792 1700 s

396 1736 593 1800 illustrabunt
614 1755 664 1797 res
687 1745 830 1795 externae
863 1734 1010 1813 parietem
1039 1735 1120 1795 intus
1153 1735 1342 1815 oppositum,
1376 1735 1420 1796 sic
1444 1744 1477 1796 ut
1498 1736 1593 1815 figura
1621 1736 1748 1816 parietis

395 1825 538 1888 illustrati
562 1824 762 1886 confundatur
795 1822 913 1903 quidem
937 1842 974 1883 ex
998 1823 1094 1902 figura
1117 1823 1268 1885 fenestrae
1292 1831 1323 1885 et
1351 1843 1546 1904 rerumquae
1571 1825 1644 1887 foris
1668 1834 1747 1901 sunt,

396 1916 448 1977 sed
480 1923 674 1976 tamencum
710 1913 843 1974 fenestra
874 1920 1135 1991 praesupponatur
1167 1913 1385 1992 angustissima
1414 1920 1558 1991 respectu,
1586 1914 1748 1976 distantiae

396 2007 549 2067 fenestrae
573 2022 592 2064 a
613 2003 745 2083 pariete,
770 2001 921 2062 minimum
946 2001 983 2061 de
1011 2001 1105 2079 figura
1136 2000 1287 2062 fenestrae
1320 2002 1431 2081 figurae
1456 2021 1554 2063 rerum
1577 2002 1750 2065 consisten-

396 2095 468 2157 tium
481 2091 722 2172 permiscebitur.
761 2091 826 2151 Hoc
846 2090 941 2151 solum
962 2089 1058 2151 deerit
1076 2089 1144 2150 huic
1162 2091 1308 2169 picturae,
1333 2089 1427 2170 primo
1447 2090 1526 2170 qnod
1547 2109 1600 2170 per
1622 2092 1750 2153 eandem

396 2192 514 2245 sextam
539 2199 589 2243 res
612 2180 801 2260 apparebunt
822 2180 904 2253 intus
928 2197 1033 2239 everso
1063 2178 1142 2252 situ;
1172 2179 1280 2240 deinde
1304 2179 1382 2259 qnod
1407 2179 1546 2259 quicquid
1571 2180 1644 2242 foris
1668 2180 1751 2242 cadit

398 2274 475 2334 intra
497 2271 688 2350 complexum
712 2268 778 2329 coni
802 2267 914 2329 vertice
940 2268 977 2328 ad
1001 2268 1146 2346 parietem
1171 2267 1281 2329 stantis
1305 2273 1336 2327 et
1356 2288 1375 2327 a
1404 2268 1548 2329 foramine
1572 2269 1751 2330 conformati

397 2380 447 2426 sen
470 2358 639 2432 constricti,
664 2358 727 2437 ejus
746 2356 789 2418 rei
813 2366 916 2435 partes
934 2356 964 2416 in
983 2356 1099 2435 pariete
1124 2356 1306 2418 articulatim
1330 2355 1455 2435 exprimi
1478 2366 1637 2436 nequeant,
1663 2358 1749 2438 quic·

399 2450 465 2532 quid
489 2466 563 2511 vero
587 2446 709 2508 excedit
731 2465 786 2506 sua
811 2445 968 2506 latitudine
1002 2445 1188 2524 complexum
1220 2445 1309 2525 hujus
1333 2446 1379 2507 sui
1403 2445 1482 2520 coni,
1507 2446 1647 2524 pingatur
1669 2446 1751 2507 intus

398 2558 454 2600 una
477 2556 546 2601 cum
570 2536 633 2597 suis
656 2534 801 2615 partibus.
848 2535 1014 2612 Propterea
1038 2535 1129 2594 etiam
1153 2554 1230 2613 quae
1261 2535 1373 2595 directe
1397 2552 1451 2614 per
1482 2534 1614 2596 foramen
1639 2536 1749 2609 lucent,

400 2628 506 2690 clarius
531 2627 633 2687 lucent
656 2633 688 2684 et
711 2622 872 2685 confusiori
895 2631 965 2683 sunt
988 2622 1097 2701 specie,
1123 2624 1194 2702 quia
1217 2624 1383 2685 foramene
1406 2623 1519 2685 directo
1544 2623 1641 2685 laxius
1664 2631 1752 2703 patet

400 2736 484 2799 qnam
501 2735 541 2776 ex
555 2714 687 2794 obliquo.
727 2711 788 2773 Sed
804 2731 898 2791 neque
914 2712 1029 2773 colores
1050 2712 1175 2773 deerunt
1189 2712 1257 2773 huic
1278 2712 1433 2791 picturae;
1458 2733 1526 2774 nam
1542 2710 1635 2793 (Cap.
1651 2714 1676 2785 Ι,
1692 2710 1751 2785 25)

400 2809 478 2867 luces
502 2804 657 2865 coloratae
690 2820 829 2863 concrum
855 2801 882 2861 iu
908 2800 1053 2861 foramine
1087 2801 1254 2862 coeuntium
1280 2819 1312 2861 se
1341 2807 1441 2861 mutuo
1467 2821 1523 2862 non
1553 2802 1677 2863 turbant
1700 2809 1753 2863 aut

399 2893 574 2975 impediunt.
621 2891 663 2952 Et
685 2889 755 2970 quin
787 2888 959 2969 superficies
993 2889 1062 2950 alba
1095 2898 1158 2962 est,
1186 2890 1213 2950 iu
1238 2908 1327 2970 quam
1357 2889 1528 2951 bicolores
1561 2899 1751 2952 externarum

400 3001 495 3046 rerum
523 2981 664 3054 radiant,
697 2979 766 3040 ideo
790 2979 834 3049 (Ι,
859 2975 917 3049 29)
949 2986 1035 3057 tanto
1069 2977 1174 3038 fortius
1208 2978 1339 3057 excipiet
1366 2978 1420 3038 hos
1452 2978 1553 3039 radios
1582 2988 1613 3039 et
1641 2979 1751 3040 clarius

401 3089 545 3153 apparere
570 3068 654 3132 facit.
702 3066 836 3147 Cumque
870 3067 974 3127 clausa
997 3067 1037 3127 sit
1065 3086 1187 3127 camera
1215 3086 1270 3128 nec
1294 3065 1374 3129 Solis
1399 3085 1453 3128 nec
1482 3060 1575 3128 totius
1599 3068 1675 3129 coeli
1698 3086 1752 3127 seu

401 3161 499 3241 potins
524 3156 687 3220 albicantis
720 3156 799 3217 atris
832 3156 907 3216 radii
933 3155 970 3216 ad
996 3156 1115 3236 singula
1147 3164 1258 3233 puncta
1282 3157 1315 3216 in.
1335 3155 1452 3235 pariete
1485 3158 1672 3228 colluceant,
1696 3155 1750 3216 sed

402 3249 554 3331 quaelibet
576 3247 685 3308 saltem
710 3244 858 3324 particula
882 3245 919 3304 ad
944 3252 1086 3323 punctum
1116 3244 1173 3305 sibi
1197 3246 1375 3324 oppositum,
1401 3245 1467 3306 ideo
1490 3264 1545 3323 per
1568 3243 1618 3306 27.
1643 3255 1674 3306 ct
1697 3242 1749 3309 28.

400 3338 474 3419 Cap.
490 3339 517 3400 Ι.
543 3353 720 3398 conversam
735 3352 841 3394 sensus
862 3332 1047 3394 internoscat
1063 3334 1143 3394 luces
1159 3334 1303 3413 singulas,
1329 3334 1398 3414 quia
1416 3335 1506 3413 plane
1521 3354 1580 3395 non
1596 3334 1752 3413 tinguntur

401 3428 535 3489 fortiori:
568 3423 746 3505 praesertim
771 3421 841 3501 qnia
863 3423 994 3500 parietes
1028 3432 1146 3484 ceteros
1181 3423 1282 3501 nigros
1312 3422 1509 3496 faciebamuS,
1540 3442 1576 3483 ne
1608 3423 1751 3485 illustrati

399 3537 419 3577 a
440 3515 581 3597 primitus
610 3514 763 3574 illustrato
796 3511 911 3589 pariete
937 3510 1023 3584 albu,
1057 3510 1083 3570 si
1107 3510 1164 3589 ipsi
1196 3530 1311 3590 quoqne
1336 3511 1396 3572 albi
1420 3520 1540 3585 essent,
1566 3531 1619 3591 per
1641 3512 1672 3585 I,
1699 3509 1751 3575 29.

400 3608 614 3675 clarescerent,
635 3609 666 3661 et
681 3599 812 3660 vicissim
827 3599 973 3678 parietem
992 3600 1298 3679 repraesentatorinm
1319 3599 1505 3662 illustrarent
1520 3601 1621 3681 sicque
1637 3602 1676 3674 (Ι,
1694 3598 1752 3672 27)

399 3694 618 3756 confunderent
650 3691 766 3751 colores
796 3688 833 3748 ab
867 3697 953 3749 extra
985 3688 1172 3749 venientes..
1200 3687 1288 3758 Quod
1321 3690 1376 3749 nisi
1411 3690 1602 3750 clauderetur
1634 3707 1753 3750 camera

399 3793 461 3845 tam
486 3790 580 3855 arcte,
607 3779 743 3860 quamvis
768 3777 873 3838 infiniti
889 3786 959 3837 suut
983 3777 1109 3837 colorati
1133 3777 1210 3838 radii
1230 3777 1258 3836 in
1279 3778 1411 3856 quolibet
1433 3778 1549 3856 pariete
1573 3778 1664 3838 etiam
1689 3777 1752 3837 siue

400 3872 578 3934 formatione
613 3866 784 3940 foraminis,
821 3876 920 3927 tamen
955 3874 1078 3947 propter
1108 3865 1316 3948 claritudinem
1350 3866 1408 3926 diei
1438 3868 1480 3939 (Ι,
1507 3863 1565 3939 28)
1590 3866 1669 3927 cerni
1695 3884 1752 3925 uon

398 3960 529 4041 possint.
575 3959 619 4019 Et
650 3956 720 4036 quia
753 3964 869 4016 mutata
901 3957 996 4032 figura
1029 3954 1238 4033 hemisphaerii
1275 3954 1402 4015 lucentis
1440 3956 1506 4034 ipsa
1544 3973 1659 4035 quoque
1690 3954 1753 4032 ejus

399 4050 501 4129 imago
523 4054 657 4110 mutatur
680 4046 708 4105 in
733 4044 867 4123 pariete:
898 4063 947 4103 res
976 4062 1046 4104 reru
1077 4062 1153 4122 qnae
1183 4052 1343 4120 geruntur,
1368 4044 1469 4105 idest
1498 4052 1610 4116 motus,
1646 4042 1755 4104 faciem

399 4135 616 4218 hemisphaerii
648 4133 773 4195 subinde
806 4141 941 4194 mutent:
976 4151 1047 4211 ergo
1077 4141 1107 4192 et
1136 4132 1235 4210 imago
1266 4132 1346 4193 intus
1379 4132 1563 4194 mutabitur:
1597 4131 1700 4212 itaque
1724 4140 1757 4193 et

400 4248 501 4291 rerum
525 4225 741 4288 forinsecamm
765 4230 863 4283 motus
887 4222 967 4281 intus
992 4228 1061 4281 suut
1084 4220 1246 4299 conspicui.

492 4315 590 4377 Deest
613 4322 714 4375 tamen
731 4320 762 4371 et
781 4312 837 4371 hoc
856 4312 883 4371 iu
900 4309 1048 4370 coloribus
1070 4310 1344 4389 repraesentandis,
1363 4309 1440 4388 quod
1461 4310 1500 4381 (Ι,
1516 4306 1567 4373 29.
1586 4307 1637 4374 30.
1654 4315 1757 4384 conr.)

401 4405 578 4469 discrimina
602 4402 734 4463 colomm
750 4399 787 4461 ob
812 4399 1019 4460 claritudinem
1044 4398 1178 4459 alborum
1194 4399 1222 4458 iu
1243 4399 1342 4460 albam
1367 4399 1554 4476 superficiem
1577 4400 1757 4461 radiantium

401 4515 461 4558 ncn
486 4495 563 4555 bene
587 4490 746 4569 capiuntur
769 4488 877 4556 oculis,
908 4496 939 4548 et
971 4488 1121 4565 nigrorum
1146 4488 1263 4565 quidem
1296 4487 1481 4549 radiatioues
1506 4506 1564 4548 nou
1588 4488 1677 4549 aliter
1700 4488 1757 4550 nisi

401 4586 459 4645 sub
493 4580 665 4644 umbramm
697 4577 824 4639 ratione.
880 4574 968 4646 Quod
1002 4577 1026 4635 si
1061 4575 1226 4653 superficiei
1260 4577 1389 4637 colorem
1423 4575 1498 4636 velis
1531 4584 1665 4648 mutare,
1693 4577 1759 4657 jam

401 4672 550 4735 distincta
573 4669 692 4750 quidem
718 4666 864 4741 efficietur
891 4666 1024 4725 colorum
1053 4664 1182 4725 radiatio
1207 4665 1245 4738 (Ι,
1271 4663 1329 4738 30)
1354 4666 1407 4726 sed
1438 4674 1636 4743 conspurcata
1659 4666 1759 4727 colore

402 4760 556 4824 communi
580 4754 746 4837 superficiei
770 4753 850 4815 illius
874 4763 904 4814 et
929 4754 1004 4813 adeo
1028 4752 1196 4824 imbecillis,
1221 4762 1254 4813 ut
1279 4754 1328 4814 vix
1352 4753 1446 4814 oculis
1471 4753 1616 4832 capiatur.

494 4847 664 4910 Addendae
688 4851 758 4905 snut
782 4852 813 4902 et
842 4842 899 4903 hae
928 4842 1083 4902 cautelae:
1117 4841 1243 4919 primum
1267 4842 1292 4902 si
1317 4843 1448 4904 foramen
1479 4842 1520 4902 sit
1549 4843 1637 4904 nimis
1661 4850 1760 4917 tenue,

404 4939 551 5001 distincte
584 4935 703 5016 quidem
727 4941 758 4993 et
791 4930 925 4992 minutim
958 4949 1007 4990 res
1040 4930 1218 5010 pingantur,
1251 4930 1304 4992 sed
1337 4930 1461 5011 perinde
1495 4937 1585 5011 atque
1618 4930 1763 4992 minutula

404 5027 559 5107 scriptura
582 5045 601 5086 a
623 5022 688 5086 visu
714 5021 804 5083 debili
826 5020 885 5099 legi
909 5019 1069 5080 difficulter
1092 5026 1214 5097 potest,
1240 5019 1283 5080 ita
1302 5019 1379 5081 oculi
1393 5018 1441 5080 hic
1466 5037 1581 5099 quoque
1605 5017 1762 5100 speciebus

404 5119 438 5179 iu
463 5113 635 5177 clarissima
657 5110 718 5173 diei
741 5110 806 5172 luce
830 5109 904 5171 visis
927 5106 1033 5169 imbuti
1065 5108 1234 5170 diutissime
1258 5128 1331 5169 sane
1360 5106 1515 5170 cohibendi
1541 5117 1643 5183 erunt,
1668 5110 1763 5172 donec

462 5216 690 5276 moventi.
1522 5214 1551 5267 tl
