4584 6192
805 633 808 640 ,
889 585 921 635 de
938 585 1007 635 dosis
1025 583 1179 646 Satsbitibue
1197 583 1244 637 lto·
1388 601 1394 613 ·
1530 647 1534 658 ,
1680 587 1746 656 455

391 760 476 818 Haec
500 758 614 837 effigies
639 777 705 818 cum
728 777 806 836 gena
830 760 937 821 dextra
961 761 1110 822 latissima
1134 762 1251 822 macula
1279 763 1466 824 connectitur
1496 766 1630 827 flexuoso
1654 767 1749 831 ductu

393 848 544 921 maculae,
572 848 619 926 qui
644 848 888 925 quamproxime
913 848 1097 910 Graecorum
1121 848 1139 921 ξ
1163 860 1373 928 repraesentat
1397 852 1424 911 iu
1450 853 1530 933 typis
1553 854 1645 918 Heur.
1671 854 1743 918 Sta·

393 935 493 1016 phani.
518 937 552 996 ln
577 955 655 1014 gena
679 936 745 1014 ipsa
768 932 964 999 6distinctas
989 959 1110 1000 numero
1135 939 1250 1000 lucidas
1275 939 1389 1001 insulas
1413 941 1441 1001 in
1466 950 1550 1003 recta
1573 953 1749 1007 transversa

394 1045 498 1087 versus
523 1044 567 1085 os.
601 1073 604 1080 .

480 1115 560 1174 Dum
591 1114 668 1174 haec
700 1113 819 1185 scribo,
856 1113 885 1174 in
919 1135 1024 1177 manus
1057 1135 1140 1176 rueas
1174 1117 1257 1177 venit
1281 1116 1450 1197 importuna
1483 1119 1590 1180 charta
1618 1121 1746 1183 hominis

393 1203 528 1275 Bohemi,
553 1203 690 1263 Mutinae
714 1222 835 1264 excusa.
883 1205 991 1264 Mirarn
1017 1204 1219 1266 adolescentis
1244 1207 1464 1277 temeritatem,
1490 1209 1553 1285 qui,
1579 1211 1747 1272 mussitan-

395 1293 477 1352 tibus
500 1292 635 1351 omnibus
660 1291 757 1350 doctis
781 1292 940 1369 indigenis,
966 1294 1046 1352 solus
1071 1294 1250 1371 obloquitur,
1275 1294 1339 1372 ipse
1354 1295 1538 1372 peregrinus
1565 1316 1596 1357 re
1616 1299 1747 1361 nondum

394 1390 556 1458 comperta.
591 1378 699 1452 Credo,
726 1390 758 1439 ut
775 1380 967 1441 histrionibus
987 1400 1117 1460 persona
1141 1383 1185 1442 sic
1209 1382 1236 1441 ei
1260 1384 1379 1443 novitas
1405 1396 1434 1443 et
1458 1385 1585 1445 nominis
1609 1387 1747 1449 obscuri-

395 1481 444 1529 tas
469 1469 623 1529 audaciam
647 1469 773 1527 addidit.
821 1471 870 1529 An
896 1470 988 1529 habes
1012 1478 1044 1530 tu
1070 1471 1209 1530 fortassis
1235 1471 1367 1531 aemulos
1386 1471 1491 1546 Italae,
1517 1474 1567 1552 qui
1592 1476 1747 1535 conduxe-

393 1566 463 1618 runt
477 1576 598 1636 operam
618 1557 775 1636 peregrini,
802 1570 945 1618 utineam
961 1558 1104 1619 Germani
1127 1558 1305 1619 invidiosam
1321 1561 1564 1622 dissertationem
1578 1563 1749 1640 petulantia

394 1647 519 1707 Bohemi
539 1646 772 1706 ulciscerentur?
810 1647 954 1724 Indignae
969 1648 1097 1724 paginae
1123 1648 1152 1708 in
1178 1649 1283 1726 quibus
1307 1658 1425 1727 tempus
1449 1657 1548 1723 teras;
1572 1652 1625 1711 sed
1646 1660 1748 1714 tamen

396 1736 465 1814 quia
493 1755 560 1795 mea
583 1733 714 1813 epistola
738 1735 889 1810 abutitur,
915 1736 1006 1795 statui
1031 1737 1177 1796 rationem
1202 1738 1256 1797 tibi
1282 1738 1499 1816 quodammodo
1524 1739 1649 1800 reddere
1673 1741 1748 1802 facti

394 1824 493 1885 alieni.
539 1825 672 1885 Noscere
702 1844 747 1883 rue
773 1825 871 1902 coepit
893 1825 1030 1901 Pragae‚
1061 1826 1130 1884 anni
1155 1836 1225 1886 sunt
1254 1827 1377 1904 aliquot.
1425 1826 1578 1905 Superiori
1601 1828 1747 1891 Jaonario

395 1933 459 1974 curu
479 1931 571 1992 opera
594 1932 660 1972 mea
676 1914 832 1989 indigeret,
860 1914 954 1974 literis
968 1913 1105 1973 Bononia
1129 1914 1229 1974 missis
1253 1915 1333 1975 fores
1358 1916 1507 1976 amicitiae
1524 1935 1609 1977 meae
1628 1918 1749 1996 pulsare

394 2002 502 2080 coepit.
542 2002 603 2062 Vix
619 2003 739 2062 tandem
766 2003 875 2079 agnovi
899 2002 964 2080 quis
989 2012 1080 2063 esset.
1120 2001 1215 2079 Coepi
1239 2004 1276 2061 de
1301 2022 1376 2063 novo
1401 2004 1502 2066 favere
1526 2006 1748 2085 bomini‚·quod

394 2092 547 2151 studiosus
572 2100 654 2150 esset
678 2091 832 2151 literarum
856 2099 887 2151 et
911 2091 977 2150 mei.
1027 2091 1069 2152 Ut
1090 2092 1217 2168 primum
1242 2092 1376 2153 intellexi
1402 2112 1439 2153 ex
1463 2094 1528 2170 ejus
1549 2094 1655 2169 litorio,
1680 2114 1748 2156 esse

395 2180 448 2239 tibi
479 2180 714 2251 obtrectatores,
750 2179 845 2256 ipsum
870 2198 940 2239 vero
965 2180 1048 2258 sequi
1073 2180 1172 2239 studia
1197 2180 1291 2255 vulgi,
1325 2198 1453 2257 gnarus,
1488 2201 1577 2260 quarn
1601 2202 1637 2246 es
1659 2184 1747 2244 novis

395 2270 517 2329 obstent
541 2268 690 2339 inventis,
714 2269 872 2345 properavi
897 2268 934 2326 ad
960 2278 988 2328 te
1014 2268 1159 2335 scribere,
1184 2269 1209 2327 si
1235 2269 1311 2329 forte
1335 2269 1536 2347 praeriperem
1561 2272 1746 2335 occasiones.

393 2357 444 2418 Ad
468 2358 566 2435 ipsura
590 2358 744 2434 exemplar
768 2356 915 2434 epistolae
940 2356 1104 2433 impressae
1128 2357 1210 2427 misi,
1237 2365 1269 2416 ut
1290 2377 1327 2417 ex
1350 2376 1385 2417 eo
1414 2359 1546 2419 disceret
1569 2361 1618 2420 vel
1640 2379 1748 2440 sapere

395 2446 443 2505 vel
466 2455 547 2506 certe
568 2441 687 2525 irrepere.
727 2442 807 2514 Quid
832 2464 902 2504 vero
927 2445 953 2505 is
977 2465 1012 2505 eo
1037 2445 1150 2518 lecerit,
1176 2446 1269 2505 vides.
1307 2445 1481 2507 Amicitiam
1506 2448 1592 2522 hanc,
1617 2449 1748 2528 inquam,

394 2534 516 2596 vixdum
541 2534 753 2594 obscurissime
777 2533 891 2612 spirare
912 2534 1016 2606 visam,
1042 2541 1137 2593 morte
1162 2534 1365 2594 famosissima
1381 2535 1545 2613 jugulavit.
1592 2537 1746 2599 Arcanum

374 2623 450 2706 ,hoc
474 2624 570 2694 effert,
595 2622 721 2691 scilicet,
744 2631 916 2682 revocatum
940 2631 970 2682 te
994 2644 1012 2682 a
1035 2642 1082 2682 me
1106 2623 1144 2682 ad
1168 2622 1314 2700 principia
1338 2631 1455 2684 tuarum
1485 2624 1728 2687 observationum
1736 2645 1747 2701 ς

396 2712 515 2773 scilicet
537 2731 595 2772 non
620 2712 684 2789 ipse
708 2712 764 2770 hoc
788 2710 818 2771 in
842 2712 1028 2789 praelatione
1053 2710 1210 2771 dixeram?
1247 2711 1312 2771 Hoc
1332 2712 1503 2790 conjectore
1528 2720 1581 2774 aut
1594 2714 1745 2793 proditore

328 2826 333 2834 ‘
394 2819 469 2881 opus
494 2800 572 2860 fuit?
597 2802 642 2860 At
665 2819 722 2859 non
747 2800 814 2860 ideo
839 2800 982 2873 recensui,
1008 2800 1086 2879 qnod
1111 2799 1207 2860 simile
1232 2810 1323 2859 antea
1347 2801 1437 2861 fuerit
1469 2801 1680 2877 observatum,
1714 2810 1748 2864 ut

393 2890 459 2967 ipse
485 2890 677 2960 obtrectaret,
703 2889 756 2948 sed
781 2897 814 2948 ut
837 2888 929 2948 ceteri
953 2889 1110 2949 crederent
1133 2888 1259 2966 plurium
1284 2888 1472 2962 testimonio,
1504 2900 1536 2950 et
1559 2898 1593 2952 ut
1616 2892 1747 2971 epistola

393 2998 461 3039 mea
482 2978 548 3037 luco
565 2985 691 3048 careret,
717 2978 901 3054 ingenuitate
922 2996 976 3037 sua
1000 2977 1195 3037 lucrefaciens
1220 2979 1352 3037 aemulos
1377 2986 1408 3038 et
1425 2979 1607 3056 pertinaces.
1645 2977 1747 3059 Saepe

392 3068 468 3128 irati
487 3065 638 3126 satiantur
662 3066 770 3143 exigua
793 3067 876 3125 exosi
900 3066 1026 3126 mulcta:
1062 3074 1095 3124 at
1118 3084 1176 3124 non
1206 3065 1267 3125 ille.
1316 3064 1403 3134 Quin
1426 3067 1605 3146 exprobrat,
1635 3069 1746 3147 jactat,

354 3157 361 3174 '
393 3155 528 3227 insultat,
555 3163 655 3233 auget.
690 3153 723 3214 Si
748 3155 817 3232 quid
842 3162 872 3214 te
896 3154 1006 3214 habere
1033 3153 1093 3212 dixi
1109 3171 1241 3214 meorum
1262 3154 1359 3214 simile
1383 3154 1463 3215 circa
1481 3157 1615 3216 maculas
1629 3156 1745 3231 Lunae,

393 3254 426 3305 at
450 3252 482 3304 et
505 3244 591 3322 plura
615 3243 725 3303 habere
750 3252 779 3302 te
804 3243 873 3314 dixi,
899 3263 954 3303 nec
978 3250 1144 3302 mutuatum
1169 3242 1229 3303 dixi
1263 3243 1317 3302 hoc
1342 3244 1369 3301 iu
1395 3245 1447 3303 illa
1470 3244 1745 3324 publicaepistola‚

393 3332 575 3394 temeritatis
599 3331 734 3409 profecto
758 3340 841 3391 esset
864 3331 893 3391 id
919 3333 1086 3391 affirmare:
1124 3350 1215 3411 saepe
1247 3331 1374 3391 diversis
1404 3334 1441 3391 ad
1474 3333 1599 3393 eundem
1623 3352 1747 3413 scopum

392 3420 568 3492 convenitur
592 3421 658 3480 viis.
707 3419 740 3480 Si
764 3439 809 3479 ure
835 3420 930 3481 credit
954 3420 1054 3498 aliqua
1078 3419 1176 3479 obiter
1191 3419 1311 3479 innuere
1335 3421 1475 3495 voluisse,
1501 3441 1538 3482 ne
1563 3440 1674 3501 quaeso
1698 3442 1746 3483 me

391 3510 540 3571 oscitasse
563 3516 660 3586 putet,
687 3508 735 3588 qui
759 3509 940 3586 neglexerim
964 3509 994 3569 id
1018 3516 1121 3589 aperte
1146 3508 1255 3570 dicere.
1304 3509 1352 3567 Me
1378 3510 1449 3570 mihi
1473 3509 1632 3589 relinquat.
1679 3510 1746 3587 Ego

391 3618 450 3660 non
481 3598 636 3668 existimo,
670 3598 807 3677 cuiquam
838 3597 947 3670 licere,
983 3597 1011 3656 in
1041 3615 1187 3674 quoquam
1219 3598 1317 3656 aliena
1346 3616 1579 3675 recognoscere,
1610 3597 1667 3659 nisi
1696 3595 1746 3677 qui

392 3688 484 3748 etiam
507 3686 685 3764 peculiaria,
717 3706 808 3760 nova,
840 3707 924 3757 rara,
949 3686 1086 3764 pulchra,
1113 3704 1188 3763 quae
1213 3685 1344 3756 invenit,
1374 3704 1557 3763 agnoscere,
1581 3704 1689 3763 capere
1714 3692 1746 3745 et

391 3777 562 3836 discernere
587 3786 676 3852 aptus
700 3783 757 3835 est.
806 3774 867 3835 Sed
890 3775 962 3834 nihil
987 3774 1083 3851 magis
1108 3793 1155 3833 me
1179 3774 1294 3851 pungit,
1319 3792 1406 3850 quam
1432 3774 1508 3851 quod
1534 3773 1672 3833 laudibus
1697 3790 1743 3832 me

391 3866 487 3937 effert,
512 3873 632 3942 sputum
656 3864 791 3924 hominis.
841 3862 1061 3924 Contumeliam
1086 3862 1159 3921 mihi
1183 3862 1273 3921 infert
1296 3861 1461 3940 quicunque
1487 3862 1604 3921 laudem
1628 3857 1746 3921 crimini

391 3953 510 4033 quaerit
534 3971 571 4011 ex
594 3971 661 4012 mea
680 3953 875 4031 qualicunque
900 3952 989 4011 lama.
1037 3949 1264 4010 Dubitationem
1288 3950 1358 4009 mihi
1381 3949 1520 4027 impingit
1535 3969 1572 4009 ex
1595 3967 1641 4022 eo,
1666 3945 1745 4028 quod

390 4043 509 4104 salvom
539 4041 618 4101 volui
641 4041 784 4120 cujusque
804 4039 957 4118 judicium.
1005 4036 1166 4100 Ovanum
1197 4038 1419 4116 argumentum!
1467 4035 1556 4107 Quod
1586 4055 1641 4116 ego
1672 4055 1744 4115 per-

389 4131 507 4209 pendo,
543 4135 573 4189 ιιι
609 4148 666 4190 non
696 4128 866 4207 perpendis.
915 4129 1042 4188 Possum
1075 4138 1106 4187 et
1138 4144 1195 4204 ego
1227 4128 1349 4186 credere
1382 4136 1414 4186 et
1446 4127 1499 4187 tibi
1525 4145 1582 4186 non
1607 4123 1743 4187 credenti

389 4220 555 4298 ignoscere.
603 4216 665 4278 Sed
689 4220 835 4296 dogmata
863 4216 984 4295 propria
1018 4215 1144 4293 subjicio
1181 4214 1333 4275 examini?
1381 4213 1461 4283 Quid
1493 4233 1564 4275 vero
1598 4213 1674 4276 haec
1706 4211 1745 4274 ad

387 4307 478 4369 fidem
501 4306 636 4367 habitam
656 4307 753 4367 alieno
769 4305 944 4366 affirmato?
980 4303 1174 4382 Exaggeravi
1193 4305 1300 4375 scelus,
1326 4303 1352 4363 si
1375 4322 1427 4381 pro
1452 4302 1532 4363 ueris
1555 4303 1626 4364 licta
1645 4300 1745 4363 tradi-

390 4396 498 4457 disses.
544 4395 609 4456 Hoc
637 4395 687 4456 ille
710 4396 776 4456 vult
798 4393 967 4473 impugnari
990 4393 1078 4452 fidem
1101 4392 1234 4452 Nuucii?
1281 4393 1325 4451 Αι
1358 4393 1431 4452 haec
1465 4392 1583 4470 quidem
1615 4391 1661 4452 vis
1686 4397 1745 4450 est.

388 4483 456 4562 Ego
481 4484 567 4544 fidem
589 4484 699 4545 Nuncii
723 4491 837 4544 astruo.
885 4481 1047 4543 Certamen
1070 4480 1127 4542 hoc
1160 4480 1280 4541 virtutis
1314 4490 1362 4541 est
1394 4499 1460 4540 cum
1492 4479 1576 4541 vitio.
1622 4477 1690 4557 Ego
1714 4483 1749 4539 ut

388 4572 486 4634 bonus
509 4572 555 4635 vir
578 4572 614 4634 de
639 4570 770 4633 Galilaei
796 4572 951 4631 affirmatis
971 4568 1091 4645 judico,
1123 4587 1180 4629 non
1205 4569 1313 4629 cadere
1338 4568 1366 4629 in
1390 4568 1475 4629 illum
1497 4574 1614 4630 tantam
1638 4564 1746 4645 nequi-

388 4660 482 4723 tiam:
522 4660 572 4724 ille
595 4661 676 4723 nullo
701 4661 798 4721 adhuc
823 4667 912 4738 gustu
937 4658 1126 4726 honestatis,
1158 4676 1251 4737 eoque
1277 4676 1342 4718 eam
1366 4675 1475 4736 susque
1500 4655 1596 4735 deque
1619 4652 1746 4728 habens,

389 4749 499 4811 cadere
523 4749 669 4824 affirmat,
695 4768 732 4809 ex
756 4767 808 4809 suo
833 4748 910 4807 forte
934 4746 1052 4822 ingenio
1076 4754 1195 4807 ceteros
1218 4745 1393 4806 aestimans.
1438 4743 1516 4806 Esto
1544 4750 1579 4805 ut
1602 4739 1747 4821 deceptos

389 4838 447 4901 sim
470 4837 565 4917 (quod
590 4836 705 4912 absit),
738 4856 794 4915 ego
828 4854 895 4896 inea
918 4834 1096 4895 credulitate
1121 4834 1242 4907 bonus,
1267 4835 1347 4894 facto
1371 4832 1461 4893 miser
1490 4827 1645 4905 habebor,
1678 4825 1746 4908 ipso

388 4933 500 4989 eventu
524 4926 615 5000 felix,
647 4925 815 4987 calliditate
839 4923 999 5004 pessimus.
1047 4920 1128 4993 Quia
1159 4921 1234 4982 haec
1266 4921 1318 4982 ria
1344 4921 1423 5000 juris
1457 4926 1523 4994 est,
1556 4926 1591 4980 ut
1623 4915 1750 4999 quilibet

387 5021 600 5093 praesumatur
624 5013 729 5088 bonus,
755 5014 825 5073 dnm
849 5011 1032 5074 contrarium
1055 5029 1112 5071 non
1136 5009 1289 5089 probetur,
1314 5014 1425 5088 quanto
1449 5006 1547 5087 magis
1571 5004 1598 5067 si
1616 5007 1747 5069 circum·

388 5102 527 5188 amhae
551 5102 642 5191 fidem
664 5100 817 5164 fecerint?
852 5099 895 5162 Ει
917 5117 989 5162 reto
1012 5117 1071 5162 oon
1094 5098 1251 5178 problema
1267 5096 1515 5179 philosophicum,
1539 5092 1594 5184 sed
1612 5089 1751 5188 quaestio
