4584 6192
586 568 655 638 m
1106 568 1413 624 msam

587 665 1940 831 “mammeam-‹mmuffmms

488 898 492 904 .
586 841 778 922 partitam
823 835 941 900 Globus
962 839 1015 902 ille
1036 840 1204 920 perfectus,
1227 839 1341 917 regium
1364 858 1438 898 saue
1461 853 1580 912 munus,
1605 859 1626 900 a
1647 837 1851 919 [salvatio
1874 836 1939 901 θι-

588 929 690 994 heimo
717 927 1765 1008 mammaemamttuootphmmsquffln
1795 926 1939 990 laodicia

587 1007 1063 1099 stetstisssaetlsesasr'm.
1109 1015 1941 1099 Ejussimilissltertuucltprgiosabnuihu

588 1105 994 1187 emaum-domusque
1033 1108 1091 1169 fuis
1124 1107 1216 1187 paulo
1251 1118 1322 1186 post
1353 1106 1559 1167 Maximum
1594 1106 1762 1169 Arehmoei
1795 1104 1941 1169 cautla

589 1194 1261 1273 mauuntiahndgisriohlsnricio.-
1302 1195 1942 1277 IgiturByrgius,quistellamhascis

591 1281 1456 1367 Obmprofiorscelebrstaminmemorissuauou
1480 1284 1941 1359 ineuiebstadhuncsn

591 1373 1151 1456 pbhnprosoesbstsecurissime:
1179 1391 1332 1436 nourero
1358 1374 1940 1454 inrntsminsculptursrsteri,ds

585 1463 944 1545 “ji-affigendam
974 1473 1075 1526 certus
1101 1474 1183 1539 erat,
1214 1470 1384 1524 ammento
1414 1463 1708 1526 notaritsooloco.
1757 1464 1941 1548 factusque

590 1552 1103 1634 peroporturslauognrio
1132 1553 1293 1615 vacatione
1327 1553 1501 1632 impetrata
1533 1551 1742 1614 mausirmd
1768 1550 1940 1628 em

579 1641 683 1724 'mque
714 1640 765 1706 hic
794 1641 957 1706 multorum
986 1641 1227 1705 mandorum
1259 1660 1383 1721 operum
1403 1649 1438 1706 et
1463 1641 1494 1703 in
1522 1641 1689 1704 bisetium
1720 1641 1840 1721 prioris
1869 1641 1940 1705 mu

591 1729 1940 1814 pbbiasefaotircpamdommramhnpeoderet:nullsruigituruechicgluh

590 1829 717 1902 praeter
736 1819 954 1883 Ptolemaiou
975 1819 1131 1902 autmusrn
1153 1819 1348 1900 spectandam
1371 1819 1455 1881 dedit
1476 1819 1507 1882 iu
1529 1830 1650 1901 pectore
1674 1817 1796 1884 Oloris.
1844 1822 1939 1905 laq:

594 1907 728 1993 Byrgius
750 1903 922 1972 de'stellac
942 1909 1033 1990 hujus
1054 1910 1191 1973 novitate
1213 1907 1465 1972 confidentissime
1486 1910 1674 1990 pmunncist.

684 1997 845 2061 Addme
866 2005 900 2059 et
920 1999 1043 2062 tertium
1064 2007 1176 2062 testem
1192 1996 1369 2061 Josauem
1389 1998 1591 2080 Bsyerum?
1613 1998 1648 2060 Id
1662 1997 1809 2079 profecto
1827 1997 1938 2062 facias.

597 2085 679 2158 liam
701 2086 781 2169 qood
802 2088 996 2168 supra-huuc
1017 2089 1097 2151 iuter
1118 2108 1171 2150 eos
1194 2087 1297 2156 retuli,
1328 2087 1378 2169 qui
1404 2084 1538 2169 inques,
1566 2106 1691 2150 causam
1713 2086 1787 2169 ipse
1810 2087 1949 2170 praba·

593 2177 625 2238 in
654 2176 956 2241 susUrsuometria
1000 2179 1146 2258 Apertior
1173 2178 1268 2239 multo
1297 2178 1353 2240 fuit
1383 2176 1413 2238 in
1444 2177 1541 2240 literis
1568 2178 1609 2238 ad
1639 2195 1788 2257 maguum
1818 2177 1939 2260 aliqu

593 2265 691 2329 rhun
711 2265 846 2347 seriptis,
868 2285 993 2350 quarm
1015 2267 1104 2349 copia
1122 2265 1745 2330 mihifsctaestnullacumcouditione:
1770 2267 1833 2350 qn'o
1853 2267 1939 2330 min

594 2372 703 2418 vereor
722 2373 763 2418 ue
782 2355 858 2420 mihi
878 2355 1030 2418 irascatur
1050 2365 1166 2420 auctos
1208 2355 1293 2420 Nihil
1320 2355 1399 2420 euim
1427 2345 1527 2417 arcani
1556 2354 1736 2432 continent,
1769 2355 1850 2420 nihil
1871 2355 1938 2440 qaod

596 2443 853 2510 existimationem
873 2443 970 2526 ipsius
991 2446 1110 2519 laedat,
1141 2445 1216 2508 nihil
1238 2445 1317 2527 quod
1339 2463 1397 2506 non
1419 2444 1537 2526 publice
1568 2444 1689 2506 intersit
1713 2443 1801 2508 sciri.
1851 2445 1936 2517 Adde,

593 2531 760 2616 modmdsi
773 2532 844 2597 illas
862 2534 1081 2617 wsmmodo
1097 2533 1403 2616 vindicarepossum,
1425 2533 1577 2616 atquibus
1595 2532 1793 2597 occasionem
1812 2535 1935 2618 praebui

593 2621 733 2687 Vsuerst
759 2623 803 2692 ad
831 2623 976 2708 Bprgiuru
1004 2621 1160 2687 casellas
1196 2623 1282 2687 inifio
1317 2623 1387 2710 anui
1418 2619 1514 2688 1602.
1549 2623 1658 2686 nobilis
1685 2622 1730 2686 D.
1763 2625 1935 2688 Francia

597 2709 744 2776 Gsumeb
774 2712 875 2775 dictus
896 2713 1081 2794 Tenguagel,
1104 2713 1255 2797 'tychonis
1276 2711 1376 2776 Brshe
1399 2731 1508 2790 gener,
1538 2712 1627 2775 ruodo
1650 2709 1745 2776 Caes.
1770 2713 1934 2796 hiajeststis

594 2799 841 2883 Appellatiooum
863 2799 1096 2879 consiliarius„
1109 2804 1242 2865 addu'cto
1263 2802 1380 2864 Joanuc
1402 2800 1551 2875 Brimo,
1572 2801 1628 2884 qui
1645 2802 1774 2865 Braheo
1800 2805 1934 2886 quondo!

595 2881 637 2953 sb
658 2891 870 2954 ssoouomicis
890 2891 1066 2954 ministeriis
1088 2899 1170 2966 erat;
1193 2892 1215 2954 ii
1236 2891 1336 2954 edocti
1357 2911 1378 2953 a
1398 2891 1510 2973 Bprgio
1532 2891 1570 2952 de
1592 2890 1695 2965 stella,
1719 2910 1793 2955 oum
1817 2893 1849 2956 in
1871 2891 1934 2958 ors

598 2978 714 3043 frisiam
735 2979 824 3057 irent,
846 2999 911 3043 rem
933 2981 973 3042 ad
994 2980 1144 3043 Davidem
1165 2981 1335 3043 Fabricium
1362 2979 1512 3054 defernnt,
1534 2979 1692 3042 Fabricius
1716 2980 1772 3043 ris
1795 2981 1935 3048 naulu-

572 3134 580 3148 ‚
595 3068 867 3150 peusipersctipsit
876 3069 982 3158 eadem
991 3069 1220 3133 adJoestelium
1228 3070 1425 3150 llitebergse
1439 3069 1653 3131 mathemstum
1666 3066 1934 3150 professorem3⁸b

593 3157 761 3222 Joestelius
783 3159 822 3220 sd
843 3178 892 3222 me
914 3159 1056 3241 Prsgam,
1078 3178 1135 3240 ego
1154 3159 1187 3223 in
1201 3159 1381 3233 Bermion:
1403 3159 1448 3222 sic
1469 3176 1584 3222 rumore
1605 3157 1822 3233 Romechium.
1845 3163 1934 3227 deinde

594 3248 766 3328 sagorum
787 3248 1020 3326 commupics'to,
1052 3256 1178 3330 rogatur
1199 3259 1232 3311 et
1252 3248 1389 3330 Baperus
1416 3248 1612 3320 senteutiam,
1634 3256 1669 3309 ut
1693 3268 1791 3330 quem
1814 3253 1937 3316 sciebant

593 3335 855 3412 Urauometriam,
887 3337 1124 3401 oculatissimam
1151 3357 1224 3400 saue
1255 3337 1337 3401 illam
1359 3337 1390 3399 iu
1412 3337 1510 3400 stellis
1536 3338 1749 3414 recensendis,
1788 3350 1862 3406 tunc
1892 3343 1935 3404 snb

597 3423 889 3530 maupus'habere:
912 3446 989 3507 quae
1012 3437 1043 3489 et
1066 3447 1144 3488 auno
1167 3428 1273 3490 statim
1300 3437 1444 3508 sequente
1470 3421 1562 3490 1603.
1586 3427 1615 3488 in
1638 3427 1803 3506 poblicum
1830 3432 1935 3514 prodiit

594 3515 768 3595 Respondit
790 3516 882 3595 igitur
903 3515 933 3577 iu
957 3517 1033 3578 hunc
1057 3518 1193 3579 modum:
1225 3528 1268 3581 De
1303 3545 1372 3581 noro
1407 3528 1536 3581 Gallinae
1570 3543 1620 3581 seu
1654 3528 1753 3600 Cygni
1791 3542 1868 3590 utro
1898 3533 1935 3586 te

596 3623 705 3671 mature
725 3616 964 3696 commonefactus,
986 3624 1043 3671 tam
1057 3619 1093 3671 ob
1111 3617 1241 3670 noritatis
1262 3617 1389 3672 invidiam
1409 3634 1491 3687 quam
1510 3634 1655 3672 mearum
1678 3610 1791 3685 (nota)
1807 3624 1935 3692 deserip

595 3697 727 3751 tionum
754 3696 924 3761 absentiam,
945 3714 1003 3751 rem
1023 3698 1196 3752 cunctantius
1224 3713 1423 3768 aggressurus,
1449 3698 1531 3752 Plinii
1556 3715 1664 3769 quoque
1693 3704 1883 3768 recordabar,
1901 3703 1934 3773 qni

596 3777 733 3831 homiuem
753 3775 782 3830 iu
802 3776 899 3830 studiis
928 3787 1085 3832 versantem
1113 3779 1200 3832 miuus
1230 3780 1361 3831 audacem
1386 3780 1474 3849 magis
1501 3779 1623 3832 timidum
1653 3780 1788 3851 requirit.
1832 3786 1933 3855 Septimo

595 3865 671 3920 Juuii
693 3873 722 3918 et
743 3865 850 3935 aliquot
877 3866 973 3919 diebus
998 3884 1074 3939 seqq.
1096 3868 1320 3939 σχεδιογραφιαν
1339 3851 1422 3936 burins
1453 3857 1602 3926 (nimirum
1634 3869 1786 3937 paratam
1823 3864 1934 3925 habebo

594 3944 658 4024 jam
673 3943 797 4022 pridem,
821 3952 852 4004 et
876 3945 952 4022 utin
968 3945 1199 4026 Urauographio
1220 3947 1274 4019 sit,
1296 3957 1400 4010 diutino
1419 3953 1530 4026 labore)
1555 3960 1786 4029 contemplatus,
1815 3966 1851 4019 sb
1875 3963 1933 4019 initio

597 4034 692 4089 statim
720 4035 896 4106 peregrinam
921 4039 1056 4107 quasdam
1080 4037 1200 4108 mihique
1228 4047 1386 4106 suspectam¹
1409 4040 1502 4091 notari
1530 4038 1685 4104 sonulam,
1714 4042 1797 4098 circs
1816 4044 1932 4117 quamsi

598 4114 747 4168 solstitium
766 4117 901 4178 aestirum
921 4133 1007 4187 usque
1028 4119 1125 4171 dubius
1146 4117 1328 4171 haesitabam.
1371 4119 1460 4173 Oloris
1482 4119 1567 4190 igitur
1586 4135 1635 4172 seu
1650 4120 1724 4174 Aris
1748 4125 1835 4181 situm
1855 4126 1931 4180 stello

571 4263 574 4268 ,
595 4221 707 4276 rumque
728 4205 803 4259 illius
828 4206 947 4278 positum
972 4209 1119 4260 secuudum
1146 4208 1274 4260 classicos
1294 4209 1478 4263 astronomiae
1498 4211 1637 4272 doctores,
1665 4226 1734 4265 mea
1757 4216 1845 4271 etiarn
1863 4208 1932 4285 (puto

516 4317 522 4328 ·
596 4285 735 4364 antiqua)
753 4295 933 4363 superaddita
952 4296 1160 4359 observatione,
1182 4304 1286 4367 quanta
1311 4298 1389 4366 potui
1417 4298 1571 4352 attentione
1592 4299 1627 4352 ad
1647 4315 1779 4373 unguem
1805 4301 1932 4360 delineari

595 4383 691 4440 Inveni
715 4376 817 4453 (puta,
843 4374 926 4436 facta
948 4374 1108 4436 collatione
1131 4377 1205 4436 coeli
1229 4395 1295 4437 cum
1319 4376 1374 4437 hac
1398 4377 1612 4449 delineatione)
1634 4393 1793 4449 seeundum
1821 4392 1933 4466 vulgus

599 4464 637 4520 17
656 4455 841 4518 stellss'cum
870 4466 975 4519 duabus
1004 4465 1179 4530 informibus,
1208 4474 1321 4536 praeter
1347 4467 1397 4521 has
1427 4468 1503 4522 aliud
1522 4467 1550 4522 iu
1574 4468 1627 4521 fine
1658 4471 1730 4525 colli
1761 4476 1932 4546 principioque

596 4542 725 4616 pectoris,
746 4543 812 4598 mihi
828 4544 889 4613 jam
913 4546 1030 4615 amplius
1051 4564 1105 4601 non
1126 4555 1295 4617 suspectum,
1324 4550 1373 4601 sed
1392 4566 1422 4603 re
1442 4564 1509 4602 rers
1533 4564 1673 4620 nunquam
1699 4551 1843 4611 hactenus
1862 4555 1932 4609 rina

596 4641 702 4690 nomm
722 4634 889 4702 deprehendi
908 4635 1103 4706 signinum
1124 4638 1203 4707 quusi
1223 4637 1324 4691 oniae
1343 4636 1391 4694 se
1441 4627 1596 4689 Hactenus
1629 4627 1776 4709 epistole
1792 4628 1839 4710 ⁸³)
1889 4631 1931 4695 cu

597 4731 669 4774 vero
692 4712 886 4785 credendum,
919 4715 977 4775 nisi
1008 4715 1114 4777 artifici
1137 4716 1174 4777 de
1197 4736 1254 4778 sus
1275 4724 1340 4778 arte
1363 4725 1395 4778 et
1417 4716 1551 4779 studioso
1574 4717 1611 4779 de
1635 4736 1694 4780 sua
1723 4721 1930 4805 occupatione?

595 4800 702 4863 Fuisse
726 4800 804 4862 euim
826 4800 902 4863 hanc
924 4812 994 4864 tunc
1015 4804 1096 4866 illius
1120 4805 1176 4867 viri
1204 4806 1430 4886 occupationem
1457 4823 1580 4887 eamque
1604 4825 1663 4869 nou
1690 4809 1785 4875 nnius
1810 4815 1889 4882 suni,
1908 4823 1930 4871 ut

597 4889 826 4956 schematismos
856 4892 1004 4955 coelestes
1027 4892 1057 4955 in
1080 4892 1202 4957 chartas
1234 4898 1412 4959 transferret
1442 4915 1536 4977 neque
1568 4896 1702 4961 omissas
1728 4920 1749 4963 a
1772 4903 1928 4966 Ptolemaeo

595 4978 775 5057 praeteriret
805 4979 905 5059 sicque
928 4981 1177 5046 Piccolhomiooei
1210 4984 1330 5047 chartas
1360 4986 1547 5059 emendaret,
1580 5005 1631 5048 res
1654 4985 1729 5066 ipsa
1761 4992 1893 5075 loquitur
1909 5000 1928 5049 et

597 5066 708 5129 multos
731 5066 780 5129 ille
803 5067 1031 5132 Urauometrise
1053 5082 1216 5154 apparatus
1239 5081 1271 5135 et
1293 5075 1356 5158 typi
1378 5075 1463 5137 aenei
1486 5076 1641 5138 sumtuosi.

686 5153 748 5220 Gur
769 5159 921 5220 antemio
945 5159 1155 5224 Uranometria
1186 5162 1301 5226 cautior
1332 5165 1430 5228 socors
1458 5165 1497 5226 ad
1526 5159 1649 5227 tacitum
1684 5170 1795 5248 potins
1827 5172 1928 5236 aliorum
