4584 6192
473 546 544 612 280
968 546 1140 596 Asuonomiae
1158 546 1220 595 Pus
1238 545 1335 609 Optica.

473 722 567 786 fuerit
590 723 725 803 impleta.
771 723 840 785 Non
864 716 977 786 tamen'
988 722 1162 802 negaverim
1186 723 1253 802 quin
1278 723 1335 784 hac
1357 741 1451 784 cansa
1473 721 1562 784 initia
1581 730 1613 785 et
1635 724 1710 787 fines
1733 724 1830 805 eclip-

473 811 550 875 sium
573 813 683 874 reddat
706 812 910 885 obscuriores,
935 812 1014 874 sicut
1037 813 1136 873 solent
1159 831 1227 873 esse
1251 812 1339 872 valde
1363 811 1467 884 dubia,
1497 830 1532 872 eo
1556 812 1635 891 quod
1659 832 1719 893 qua
1741 812 1832 875 Luna

472 901 552 963 solet
573 901 709 962 umbram
732 901 859 980 ingredi,
884 901 937 962 illa
959 908 1056 979 parte,
1080 908 1205 980 propter
1228 900 1378 961 sectiones
1403 899 1580 961 circulorum
1602 900 1832 963 illuminationis

472 996 504 1050 et
525 989 662 1063 visionis,
687 990 793 1050 nudior
816 991 913 1050 adhuc
937 1010 956 1049 a
980 989 1046 1050 luce
1070 1008 1137 1050 esse
1162 989 1250 1050 solet.
1300 986 1402 1058 Quare
1426 988 1456 1049 in
1480 987 1590 1050 vicinia
1619 990 1758 1062 umbrae,
1782 990 1832 1051 nbi

471 1077 561 1138 valde
596 1078 695 1138 tenuis
728 1079 876 1157 particula
904 1079 941 1138 de
972 1097 1095 1157 corpore
1124 1076 1205 1139 Solis
1238 1077 1316 1138 hunc
1348 1078 1452 1138 Lunae
1485 1077 1651 1156 marginem
1683 1078 1832 1153 illustrat,

472 1165 571 1227 lumen
596 1166 688 1227 etiam
712 1167 816 1227 Lunae
842 1166 930 1226 valde
955 1167 1116 1227 hebescere
1139 1166 1290 1227 convenit.

472 1357 504 1420 7.
528 1359 579 1420 De
604 1381 813 1439 oveavyerq,
836 1363 1025 1439 λιπαυγειᾳ
1048 1361 1082 1420 in
1106 1359 1317 1421 illustratis
1342 1366 1379 1419 et
1400 1358 1605 1439 penumbra
1623 1356 1831 1434 Terrae.‘¹)

561 1516 691 1578 Accedit
713 1537 855 1598 namque,
881 1519 960 1599 quod
983 1538 1021 1579 ex
1044 1520 1095 1580 illa
1118 1525 1205 1598 parte
1228 1517 1348 1591 Lunae,
1374 1536 1450 1595 qnae
1470 1516 1599 1595 jamjam
1621 1518 1760 1578 umbram
1783 1527 1833 1581 est

554 1655 560 1666 .
711 1606 891 1682 delibatura,
917 1608 1045 1669 circulus
1068 1606 1296 1669 illuminationis
1320 1605 1467 1684 rumpitur
1479 1623 1607 1685 seseque
1625 1606 1735 1685 recipit
1751 1606 1832 1669 intra

532 1655 586 1721 mg.
605 1652 649 1705 89.
712 1695 853 1758 circulum
876 1695 1000 1758 visionis
1033 1696 1151 1775 longius
1183 1697 1315 1775 adeoque
1349 1694 1446 1756 minus
1468 1715 1488 1755 a
1509 1694 1579 1772 polo
1602 1694 1830 1758 illuminationis

712 1783 809 1845 distat
832 1803 921 1864 qnam
949 1783 1076 1846 circulus
1107 1783 1268 1857 maximus,
1303 1782 1381 1863 quod
1406 1781 1450 1843 sic
1479 1783 1670 1844 demonstro:
1705 1782 1830 1846 Centris

712 1872 806 1942 Α,Β
840 1873 1009 1935 scribantur
1041 1872 1143 1934 circuli
1177 1871 1313 1945 maximi,
1351 1869 1433 1932 Solis
1464 1869 1536 1943 OD,
1568 1871 1673 1933 Lunae
1701 1870 1828 1947 EEHG,

712 1967 880 2040 tangatque
904 1962 1027 2024 dextras
1058 1961 1234 2023 circulorum
1263 1968 1368 2039 partes
1392 1967 1476 2020 recta
1498 1960 1570 2034 ΒΗ,
1596 1959 1736 2022 sinistras
1762 1960 1829 2023 OG.

712 2048 845 2110 Rursum
868 2058 969 2111 antem
993 2049 1130 2111 dextram
1146 2049 1228 2111 Solis
1243 2056 1275 2109 et
1290 2049 1445 2110 sinistram
1458 2047 1563 2109 Lunae
1586 2057 1704 2126 partem
1721 2057 1831 2128 tangat

712 2146 797 2198 recta
819 2137 889 2211 DE,
915 2138 1045 2217 reliquas
1068 2148 1172 2217 partes
1195 2146 1281 2199 recta
1304 2135 1371 2211 GE,
1401 2155 1510 2197 secans
1532 2136 1589 2197 DE
1613 2137 1642 2197 in
1665 2148 1777 2216 puncto
1802 2138 1828 2198 Ι.

713 2223 862 2304 Quicquid
885 2226 977 2305 igitur
1000 2233 1048 2288 est
1071 2227 1150 2288 inter
1168 2227 1246 2299 E,F
1268 2232 1390 2304 puncta,
1416 2245 1435 2285 a
1458 2232 1522 2285 toto
1542 2221 1624 2285 Solis
1648 2225 1829 2303 aspectabili

712 2312 932 2391 hemisphaerio
947 2316 1151 2376 collustratur.
1180 2315 1307 2376 Dicatur
1321 2332 1392 2375 vero
1407 2313 1539 2374 notionis
1554 2332 1648 2374 cansa
1662 2335 1829 2393 meyero.

713 2399 938 2463 Counectantur
968 2402 1023 2463 EF
1052 2412 1083 2463 et
1117 2402 1195 2477 GH,
1229 2402 1489 2482 repraesentantia
1521 2401 1650 2463 circulos
1684 2402 1833 2481 integros,

712 2490 850 2551 minores.
890 2487 1038 2570 Quicquid
1062 2492 1154 2570 igitur
1178 2500 1226 2553 est
1248 2492 1328 2553 inter
1342 2492 1397 2551 hos
1421 2489 1557 2565 circulos,
1582 2491 1613 2552 id
1632 2490 1830 2552 collustratur

557 2647 598 2659 .-
712 2577 829 2657 quidem
853 2578 893 2639 ab
916 2579 1017 2659 aliqua
1045 2582 1178 2659 corporis
1201 2579 1317 2642 Solaris
1345 2578 1509 2657 particula,
1538 2579 1592 2640 sed
1619 2579 1734 2640 nullum
1763 2580 1830 2653 eius

541 2660 546 2669 ι
613 2677 614 2680 ’
713 2665 794 2727 limbi
818 2674 960 2745 punctum
983 2688 1002 2728 a
1025 2676 1088 2729 toto
1118 2667 1296 2748 aspectabili
1328 2686 1452 2747 corpore
1477 2666 1575 2728 Solis:
1610 2667 1685 2727 adeo
1711 2686 1830 2745 semper

591 2763 597 2787 ¹
625 2768 626 2773 ’
712 2754 824 2833 aliquid
849 2755 886 2815 de
911 2753 982 2816 Sole
1007 2756 1095 2817 deest
1117 2764 1150 2817 et
1172 2766 1242 2837 post
1260 2758 1364 2817 Lunae
1384 2774 1491 2835 corpus
1515 2756 1693 2818 occultatur.
1731 2755 1829 2817 Dica-

712 2848 761 2903 tur
783 2844 857 2905 haec
881 2847 1038 2923 irrumare.

801 2931 888 3004 Quod
914 2934 939 2995 si
962 2934 1015 2994 EF
1017 2932 1077 2995 HG
1100 2932 1254 3007 intelligas
1277 2934 1401 2995 Terram
1426 2951 1507 3009 esse,
1540 2934 1665 2995 valeant
1688 2933 1828 3014 appella-

712 3019 808 3082 tiones
833 3023 970 3091 eaedem‚
1001 3030 1032 3083 et
1055 3023 1209 3103 productis
1237 3022 1431 3102 aliquousque
1457 3022 1542 3082 lineis
1567 3022 1623 3083 DE
1645 3023 1675 3084 in
1699 3023 1744 3090 K,
1770 3020 1829 3084 CG

470 3112 501 3175 in
524 3113 560 3188 L,
585 3111 637 3176 CF
663 3114 692 3175 in
716 3110 762 3182 M,
788 3108 847 3173 ΒΗ
880 3112 908 3171 ἰι]
932 3111 981 3174 N:
1016 3112 1095 3191 quod
1129 3117 1177 3171 est
1208 3110 1285 3171 inter
1315 3111 1344 3171 K
1368 3121 1398 3172 et
1422 3111 1464 3186 L,
1490 3112 1518 3174 N
1542 3121 1574 3171 et
1596 3112 1629 3171 M
1662 3110 1830 3190 penumbra

471 3202 598 3274 dicatur,
623 3202 682 3264 LN
706 3219 776 3260 vero
801 3200 916 3261 umbra.
966 3198 1042 3261 Cum
1065 3218 1136 3277 ergo
1160 3207 1264 3277 partes
1289 3197 1414 3262 SolisC
1440 3199 1608 3261 illuminent
1630 3199 1749 3261 Lunam
1770 3197 1828 3259 GE

472 3310 565 3371 usque
585 3290 614 3351 in
629 3291 664 3364 F,
683 3292 712 3351 D
737 3307 807 3348 vero
822 3288 876 3349 EF
898 3306 991 3367 usque
1016 3288 1045 3348 iu
1060 3289 1099 3363 Η,
1124 3296 1211 3366 patet
1234 3287 1273 3348 ad
1297 3291 1425 3361 oculum,
1449 3291 1527 3367 quod
1550 3287 1703 3367 punctoD
1729 3288 1827 3349 inter-

471 3387 559 3457 septo
583 3386 725 3457 punctum
748 3377 778 3436 H
801 3377 899 3437 lumen
931 3377 1044 3438 nullum
1075 3384 1264 3455 receptorum
1287 3377 1344 3450 sit,
1375 3387 1406 3439 et
1428 3378 1564 3457 partibus
1587 3378 1647 3439 DA
1670 3395 1776 3437 versus
1802 3375 1827 3437 C

471 3467 618 3547 paulatim
648 3466 824 3545 interseptis
858 3466 977 3544 objectu
1009 3466 1140 3538 Terrae,
1173 3466 1270 3526 lumen
1304 3467 1342 3526 ab
1375 3467 1404 3526 ΙΙ
1436 3467 1582 3546 paulatim
1615 3485 1708 3544 usque
1742 3466 1770 3524 in
1802 3466 1828 3525 F

470 3556 670 3634 extinguetur.
710 3554 811 3626 Quare
831 3552 889 3614 GH
914 3552 1041 3617 circulus
1064 3558 1239 3631 λιπαυγειας,
1264 3555 1312 3634 qni
1336 3555 1393 3615 t'uit
1417 3556 1445 3616 in
1470 3554 1673 3636 superioribus
1698 3554 1828 3614 circulus

469 3644 716 3717 illuminationis,
750 3650 902 3721 rumpetur
934 3663 972 3702 ex
1003 3652 1089 3721 parte
1113 3643 1142 3703 ΙΙ
1173 3662 1264 3721 seque
1297 3645 1450 3705 versusF
1482 3646 1623 3706 circulum
1656 3664 1830 3719 omuvyerug

470 3732 608 3811 recipiet,
644 3733 732 3811 idque
756 3731 849 3792 multo
881 3739 950 3791 ante
983 3751 1071 3810 quam
1105 3731 1229 3811 incipiat
1259 3732 1390 3811 eclipsis.
1437 3734 1479 3795 Ut
1511 3741 1612 3794 autem
1639 3732 1829 3812 quantitates

467 3821 706 3898 investigentur,
740 3839 857 3882 rursum
891 3839 1035 3899 ponamus
1068 3842 1118 3894 ea,
1154 3839 1229 3898 quae
1263 3821 1390 3881 Vitellio
1414 3830 1445 3882 et
1468 3821 1654 3882 Reinholdus
1687 3838 1827 3899 posuere,

470 3910 648 3972 distantiam
672 3908 754 3971 Solis
778 3930 797 3970 a
820 3909 914 3971 Terra
940 3906 1039 3980 1210,
1063 3910 1167 3970 Lunae
1192 3930 1210 3970 a
1234 3910 1326 3970 Terra
1351 3906 1407 3982 64,
1433 3930 1523 3989 quare
1547 3911 1652 3973 Lunae
1676 3910 1784 3987 plenae
1810 3929 1830 3967 a

470 3997 543 4061 Sole
571 3994 664 4073 1274,
690 4017 766 4077 quae
790 4003 839 4059 est
862 3997 942 4058 linea
960 3998 1027 4059 AB.
1074 4000 1233 4077 Appareat
1257 4007 1354 4059 nutem
1378 3999 1531 4079 utriusque
1555 3997 1709 4060 luminaris
1733 3998 1828 4058 semi-

470 4088 619 4150 diameter
646 4086 697 4150 15¹
720 4083 795 4161 40”,
829 4093 915 4164 patet
938 4087 1002 4146 sine
1027 4088 1158 4159 calculo,
1194 4088 1270 4165 qnod
1303 4095 1444 4166 punctum
1468 4090 1484 4150 Ι
1511 4089 1551 4149 sit
1581 4088 1612 4148 in
1642 4086 1709 4164 ipsa
1733 4086 1830 4146 Terra

471 4178 613 4237 futurum.
659 4175 739 4236 Nam
763 4174 841 4237 siin
866 4194 938 4235 vera
962 4175 1149 4254 oppositione
1172 4176 1240 4236 ElF
1264 4186 1295 4236 et
1320 4173 1391 4237 CID
1415 4177 1476 4237 sint
1507 4176 1663 4256 aequales,
1692 4175 1705 4234 l
1729 4175 1828 4234 visum

469 4270 739 4343 repraesentante:
765 4273 835 4325 tunc
858 4262 931 4323 EID
956 4282 1014 4323 una
1033 4272 1121 4325 uecta
1144 4265 1214 4338 erit,
1240 4274 1271 4326 et
1293 4262 1360 4325 FIC
1390 4265 1491 4327 etiam.
1538 4269 1583 4326 At
1606 4283 1643 4324 ex
1667 4272 1828 4323 construe-

467 4352 550 4414 tione
575 4369 691 4431 qnoqne
715 4360 817 4414 rectae
842 4371 909 4413 esse
934 4351 1053 4413 debent.
1091 4352 1173 4432 Ergo
1190 4353 1202 4412 Ι
1220 4354 1314 4414 Terra
1333 4362 1381 4415 est
1396 4361 1426 4415 et
1440 4354 1493 4415 EF
1512 4353 1639 4415 circulus
1654 4375 1828 4433 omovyerur

468 4442 548 4502 idem
576 4447 608 4501 et
640 4440 767 4503 circulus
805 4440 930 4501 visionis
969 4450 1032 4515 est3
1076 4441 1223 4520 siquidem
1255 4441 1400 4521 possibile
1434 4453 1530 4516 esset,
1565 4441 1722 4504 luminaria
1755 4462 1827 4503 vere

354 4585 357 4592 .
467 4529 576 4610 opponi
609 4530 687 4591 citra
719 4528 872 4592 tenebras.
918 4529 996 4590 Hinc
1030 4538 1062 4591 ut
1094 4538 1185 4591 antea
1217 4530 1306 4593 datur
1333 4529 1390 4591 EG
1424 4532 1473 4593 vel
1502 4533 1557 4593 FH
1590 4550 1677 4591 arcus
1711 4530 1828 4593 dimidii

467 4619 589 4681 circiter
610 4618 733 4699 gradus.
772 4618 903 4680 Proinde
928 4618 1019 4680 etiam
1043 4619 1187 4681 inclinato
1211 4619 1321 4682 circulo
1346 4619 1470 4682 visionis
1493 4621 1556 4695 EF,
1581 4630 1613 4679 ut
1636 4628 1746 4699 tangat
1766 4618 1829 4681 GH

465 4708 496 4770 iu
519 4708 561 4782 ll,
595 4707 693 4788 portio
717 4708 773 4768 ΡΗ
806 4708 940 4768 extincta
971 4716 1041 4769 ante
1065 4709 1243 4788 principium
1266 4709 1387 4786 eclipsis
1411 4717 1445 4770 ut
1467 4710 1567 4789 prius,
1590 4708 1642 4768 vix
1664 4708 1829 4788 apparebit

466 4795 697 4876 quatuordecies
721 4796 880 4859 millesima
903 4797 1053 4875 particula
1076 4797 1292 4859 semidiametri
1316 4797 1430 4859 Lunae.
1479 4796 1568 4870 Quod
1597 4796 1708 4859 addere
1732 4798 1825 4872 volui,

467 4902 505 4946 ne
537 4884 739 4965 imperitiores
764 4885 793 4945 in
825 4895 907 4946 metu
938 4886 1151 4947 constituerem
1183 4886 1239 4947 hac
1271 4888 1310 4948 ad
1341 4886 1441 4948 vivum
1475 4887 1652 4949 resectione.
1700 4886 1827 4949 Nullum

467 4973 599 5036 enimin
622 4972 769 5054 principio
793 4973 840 5033 vel
864 4974 920 5034 fine
945 4974 1093 5053 eclipseos
1125 4974 1289 5052 periculum
1317 4984 1378 5045 est,
1410 4977 1468 5037 etsi
1499 4976 1628 5037 circulus
1659 4978 1827 5053 λιπαυγαας

468 5069 539 5126 ante
563 5070 682 5141 tempus
706 5069 875 5140 rumpatur,
902 5070 933 5122 et
955 5063 1003 5123 vel
1026 5063 1146 5142 penitus
1175 5073 1339 5126 evanescat
1368 5064 1457 5146 ioque
1486 5065 1628 5127 circulum
1652 5086 1826 5144 σωαυγειας
