4584 6192
960 607 1354 682 Desnltan'mdqtffl

748 790 878 843 Conditor
899 789 1023 843 aetherio
1044 789 1174 861 dispersit
1193 788 1286 845 nider}
1303 805 1416 861 campo,

747 870 786 923 Te
806 868 883 923 dedit
901 868 930 923 in
949 887 1097 933 numerum,
1119 887 1193 924 nora
1212 877 1243 925 tn
1262 868 1400 925 molimine
1419 883 1502 925 m

746 949 885 1012 Nasceris,
907 957 1042 1005 astrorum
1062 967 1132 1004 cauo
1152 950 1269 1006 mirante
1290 955 1399 1006 senatu.

745 1029 920 1099 Obstupuere
940 1030 1014 1099 poli:
1036 1031 1174 1101 subitique
1195 1031 1332 1085 exterrita
1350 1029 1413 1083 luae

718 1133 722 1138 ·
743 1110 882 1182 fulguris,
903 1110 1057 1165 aetherium
1078 1110 1176 1164 metuit
1195 1118 1298 1165 natura
1318 1112 1472 1165 tumultum

570 1214 636 1275 Hoc
662 1212 739 1276 idern
762 1214 840 1276 enim
864 1214 1087 1277 fundamentum
1109 1216 1181 1278 milri
1204 1216 1322 1277 videtur
1345 1214 1525 1276 asserendae
1549 1212 1643 1272 etiam
1662 1210 1833 1273 defectibus

482 1302 625 1366 lominum
657 1302 819 1366 efficaciae.
865 1303 924 1365 Est
946 1304 1024 1365 enim
1053 1303 1224 1384 ἀταρμοςω
1253 1304 1445 1385 (qualitative
1477 1322 1534 1364 non
1565 1300 1752 1380 geometrice
1784 1318 1835 1360 sea

483 1390 699 1473 quantitative)
723 1400 754 1452 et
776 1399 902 1454 naturae
925 1392 1076 1456 sublunari
1109 1395 1326 1474 quodammodo
1359 1392 1555 1464 contrarium,
1590 1389 1694 1451 subito
1719 1389 1833 1450 Lunam

483 1478 632 1560 exstingui
656 1480 704 1542 vel
728 1480 824 1542 averti
849 1481 944 1544 lumen
960 1481 1075 1545 Solisa
1096 1483 1238 1544 demenso
1261 1482 1433 1545 medietatis
1457 1479 1538 1558 globi
1552 1478 1734 1551 Terrestris,
1760 1478 1834 1558 quod

481 1567 630 1636 ordinarie
662 1577 694 1630 et
726 1578 872 1650 perpetuo
902 1579 950 1631 est
982 1571 1010 1631 io
1034 1571 1114 1633 Solis
1148 1572 1268 1634 lumine.
1314 1571 1458 1634 Percellit-
1488 1590 1524 1629 ea
1550 1566 1673 1647 species
1698 1575 1835 1629 natunn

482 1658 651 1731 animalem,
677 1677 753 1737 quae
777 1659 834 1720 luci
858 1669 988 1738 cognata
1010 1669 1066 1735 est,
1091 1671 1123 1722 ut
1147 1663 1285 1723 affectum
1309 1661 1478 1721 diuturnum
1497 1670 1528 1717 et
1542 1656 1750 1737 perniciosum
1765 1676 1834 1717 con-

482 1746 589 1827 cipiat.
625 1747 691 1808 Hoc
715 1747 791 1809 idern
816 1767 886 1825 ergo
918 1748 1139 1811 fundamentum
1165 1750 1205 1813 sit
1229 1749 1408 1813 asserendae
1426 1748 1473 1809 his
1495 1765 1609 1827 quoque
1633 1746 1726 1806 novis
1742 1746 1834 1825 plrae-

480 1835 614 1897 nomenis
639 1836 802 1899 efficaciae.
846 1837 903 1899 Per
926 1838 1215 1918 conduplicationem
1238 1840 1338 1919 igitur,
1363 1857 1429 1899 curn
1453 1836 1520 1915 ipsa
1542 1834 1635 1895 etiarn
1661 1833 1833 1914 conjunctio

481 1943 593 2003 magua
616 1924 705 1987 trium
728 1925 910 2005 superiorum
934 1925 1071 1989 stimulos
1094 1929 1209 1990 naturis
1232 1927 1442 1991 sublunaribus
1472 1924 1621 1985 addiderit
1652 1924 1834 1985 decumanos

483 2012 523 2075 ad
546 2032 614 2074 sese
637 2014 899 2089 commovendum,
932 2025 963 2077 et
995 2016 1050 2078 hoc
1083 2036 1191 2078 novum
1214 2018 1299 2080 sidus
1331 2016 1359 2077 in
1385 2016 1480 2077 locum
1504 2022 1536 2073 et
1557 2021 1682 2092 tempus
1706 2030 1833 2092 magnae

481 2102 698 2183 conjunctionis
721 2102 870 2176 inciderit,
894 2106 1028 2185 sequitur
1051 2112 1084 2167 ut
1107 2115 1170 2167 tam
1193 2105 1399 2188 conjunctione
1422 2123 1488 2165 curn
1512 2112 1639 2180 utroque
1659 2102 1832 2182 iunctorum

480 2191 687 2272 planetarum,
711 2211 799 2274 quam
822 2192 889 2274 ipsa
912 2194 1046 2256 novitate
1070 2213 1124 2274 per
1145 2216 1179 2256 se
1202 2195 1394 2258 considerata
1417 2193 1553 2270 ingentes
1577 2191 1661 2252 vires
1685 2189 1834 2253 addiderit

484 2279 652 2343 ordinariae
675 2281 864 2344 commotioni
888 2292 977 2364 atque
1000 2281 1135 2361 ἔκπληξιν
1158 2286 1287 2353 maxime
1310 2282 1530 2345 memorabilem
1553 2288 1720 2341 causatum
1741 2279 1831 2341 fuerit

484 2367 661 2451 Quanquam
684 2370 857 2436 necessaria
879 2381 927 2434 est
950 2372 1107 2448 dubitatio,
1132 2374 1280 2436 rectiusne
1303 2396 1378 2436 aava
1401 2374 1565 2451 προσθεσυ
1588 2378 1831 2449 argumentemur

483 2480 520 2519 an
545 2460 609 2522 κατ’
631 2457 803 2539 ἀφαιρεσινε
831 2460 958 2526 booest
981 2481 1018 2521 an
1043 2471 1151 2525 natura
1174 2482 1319 2525 conversa
1341 2461 1381 2522 ad
1405 2478 1512 2521 novum
1536 2456 1620 2519 sidus
1646 2480 1665 2518 a
1690 2458 1828 2539 conjunt-

483 2547 564 2612 tione
587 2567 698 2629 magna
720 2569 789 2612 sese
812 2550 945 2612 nonnihil
968 2551 1121 2627 averterit,
1145 2552 1189 2613 sic
1213 2560 1246 2613 nt
1269 2551 1442 2631 imaginatio
1466 2547 1509 2610 rei
1529 2546 1744 2625 insolentioris
1756 2546 1830 2627 prio-

482 2657 549 2704 rem
568 2638 614 2699 rel
637 2648 798 2700 consuetae
822 2638 954 2701 obruerit
977 2649 1009 2701 et
1032 2639 1254 2703 obliteraverit:
1278 2662 1316 2702 an
1340 2658 1411 2701 vero
1434 2638 1513 2699 vires
1536 2635 1698 2715 utriusque
1716 2636 1828 2717 junctas

482 2723 536 2789 illa
559 2727 697 2789 senserit.
732 2728 797 2789 Nec
816 2727 912 2789 minus
935 2727 1071 2791 dubitare
1096 2738 1126 2790 et
1145 2730 1201 2791 boc
1222 2730 1287 2811 quis
1304 2729 1411 2810 possit,
1435 2724 1605 2798 commotio,
1632 2743 1728 2805 qnam
1748 2724 1827 2787 stella

483 2815 572 2894 fecit,
605 2815 750 2878 hilaritati
774 2817 980 2900 an‘tristitiae
1004 2818 1092 2880 fuerit
1115 2818 1254 2893 similior;
1286 2817 1511 2899 impediveritne
1543 2823 1688 2876 naturam
1723 2814 1753 2877 in
1783 2831 1826 2875 suo

482 2923 572 2985 opere
597 2924 633 2966 an
658 2905 849 2986 instigaverit
871 2907 1088 2988 adjuveritque.
1136 2905 1216 2980 Quid
1239 2907 1329 2988 igitur
1350 2908 1455 2969 borum
1477 2903 1548 2965 milri
1572 2902 1721 2965 videatur
1740 2900 1824 2983 magis

482 2993 658 3070 verisimile,
683 2995 856 3058 recensione
879 3004 1050 3059 naturamm
1074 2996 1276 3060 sublunarium
1298 2996 1464 3075 explicabo.

528 3139 533 3150 ·
569 3099 671 3163 Prima
694 3110 726 3163 et
747 3102 873 3165 maxime
896 3104 1057 3185 conspicua
1079 3109 1128 3163 est
1151 3103 1280 3164 facultas
1305 3103 1357 3164 illa
1380 3099 1527 3173 animalis,
1551 3095 1747 3179 quaeglobo
1765 3094 1825 3156 Tel-

485 3188 559 3254 luris
581 3190 758 3270 praesidens
782 3193 878 3253 omnis
901 3192 1018 3271 generis
1037 3200 1170 3254 meteora
1192 3190 1351 3273 progignit.
1388 3190 1514 3252 Aecum
1534 3195 1604 3247 tota
1627 3184 1740 3258 hiems,
1762 3202 1825 3265 qnae

482 3279 563 3344 luter
586 3297 681 3340 annos
706 3276 801 3345 1604.
827 3289 857 3342 et
883 3277 976 3345 1605.
1001 3280 1182 3355 intercessit,
1206 3280 1353 3360 impendio
1375 3278 1464 3341 fuerit
1486 3275 1617 3347 humida,
1642 3275 1776 3336 maxime
1795 3272 1825 3334 iis

484 3368 599 3443 diebus,
624 3368 731 3449 quibus
754 3369 895 3450 planetae
917 3390 985 3432 cnm
998 3370 1058 3432 fixa
1076 3388 1154 3431 nova
1177 3377 1280 3431 essent
1301 3367 1456 3448 congressi
1479 3366 1527 3427 vel
1546 3363 1823 3442 configurabantur;

482 3465 514 3520 et
538 3456 641 3538 tepida
664 3459 781 3537 quidem
804 3458 899 3520 hiems
922 3459 965 3520 cis
987 3460 1083 3539 Alpes
1107 3458 1136 3520 in
1161 3457 1305 3538 superiori
1329 3467 1360 3519 et
1383 3455 1513 3518 inferiori
1537 3452 1728 3524 Germania,
1751 3450 1825 3530 frigi-

481 3547 606 3609 dissima
629 3566 698 3607 vero
722 3549 852 3610 omnium
876 3549 954 3610 intra
978 3548 1125 3609 bominum
1151 3548 1321 3610 memoriam
1344 3558 1428 3608 trans
1452 3545 1547 3624 Alpes
1571 3543 1601 3603 in
1627 3542 1726 3604 Italia
1748 3553 1825 3620 atque

480 3635 510 3698 iu
534 3636 708 3717 Hispaniis:
734 3646 923 3718 argumentor
946 3637 1094 3716 igitunex
1108 3638 1224 3709 effectu,
1248 3637 1403 3717 appositas
1427 3634 1553 3696 invicem
1573 3632 1659 3693 vires
1685 3631 1826 3709 utriusque

483 3745 592 3788 causae
627 3725 778 3792 coelestis.
830 3726 1110 3788 Dissimilitudinem
1143 3726 1260 3807 quidem
1292 3725 1397 3788 hiemis
1424 3724 1489 3804 jam
1526 3721 1644 3782 dictam
1679 3721 1710 3781 in
1743 3719 1827 3798 Alpes

485 3816 626 3876 confero:
660 3825 693 3874 ut
717 3813 742 3875 si
770 3834 823 3896 per
852 3816 928 3878 hanc
961 3816 1086 3877 hiemem
1109 3816 1206 3895 Alpes
1233 3815 1262 3876 iu
1294 3825 1440 3894 perpetua
1471 3810 1684 3891 exspiratione
1719 3809 1827 3875 fuerint,

483 3904 612 3964 materia
636 3913 790 3966 ventorum
824 3905 933 3984 frigore
958 3906 1038 3966 neris
1070 3923 1247 3984 repercussa
1276 3904 1459 3965 circulariter
1490 3899 1581 3961 fuerit
1604 3899 1741 3972 diffusa,
1768 3915 1827 3979 pers

480 4012 587 4053 versus
621 3992 874 4074 septentrionem,
906 4013 977 4074 pars
1001 3993 1029 4053 in
1053 3994 1215 4056 meridiem.
1263 3990 1348 4063 Quae
1381 3991 1471 4072 igitur
1494 3990 1523 4050 in
1554 3988 1717 4050 meridiem
1749 4005 1828 4066 supra

481 4082 604 4143 Italiam
637 4079 728 4157 abiit,
753 4102 817 4144 cum
842 4104 861 4143 a
884 4083 974 4145 borea
996 4084 1088 4162 plaga
1120 4082 1253 4155 venerit,
1289 4102 1355 4142 earu
1379 4080 1518 4159 frigidam
1547 4077 1646 4139 fuisse
1673 4098 1731 4157 par
1763 4076 1826 4137 fuit:

484 4189 559 4250 quae
585 4190 654 4233 vero
686 4171 815 4233 indidem
847 4191 936 4251 super
960 4168 1154 4233 Germaniam
1178 4172 1206 4232 in
1231 4170 1451 4250 septentriones
1484 4167 1643 4229 ferebatur
1668 4167 1707 4227 ab
1737 4177 1827 4228 austro

482 4257 614 4335 veniens,
639 4268 777 4322 naturam
799 4261 909 4342 plagae
928 4259 1061 4347 tepidam
1085 4261 1209 4322 retinuit
1232 4261 1311 4322 nullo
1327 4260 1439 4338 majore
1464 4255 1619 4319 miraculo.
1661 4254 1746 4326 Quid
1769 4270 1827 4313 vero

482 4348 508 4410 si
532 4347 597 4429 quis
621 4358 716 4412 totum
739 4350 817 4411 hunc
846 4358 973 4411 tractum
998 4368 1051 4410 seu
1074 4350 1181 4424 clima,
1205 4368 1263 4428 quo
1286 4358 1372 4429 tepor
1402 4344 1548 4418 obtinuit,
1573 4345 1602 4404 in
1631 4343 1827 4424 exspiratione

480 4437 628 4499 collocet:
653 4438 784 4500 Italiam
798 4446 830 4500 et
846 4439 918 4502 illud
942 4439 1031 4502 clima
1045 4448 1131 4500 extra
1154 4438 1395 4517 exspirationem,
1420 4445 1454 4497 ut
1473 4456 1509 4496 eo
1533 4434 1650 4496 fuerint
1675 4429 1826 4501 lativenti.

481 4526 531 4607 qui
555 4545 647 4605 penes
671 4546 726 4589 nos
756 4528 955 4609 exspirarunt.
1002 4528 1123 4591 Nitetur
1152 4528 1247 4601 enim,
1281 4526 1331 4607 qui
1353 4526 1410 4587 hoc
1438 4526 1537 4597 dicet,
1573 4521 1828 4587 verisimilitudine

481 4616 558 4688 hac,
591 4615 668 4696 qnod
692 4617 788 4678 omnis
820 4617 984 4698 exspiratio
1015 4638 1079 4678 cum
1106 4617 1233 4696 primum
1264 4614 1365 4695 prodit
1392 4614 1498 4694 tepida
1520 4621 1584 4684 est,
1622 4631 1694 4675 curn
1718 4609 1827 4674 vero-in

482 4703 674 4785 longinquum
698 4705 806 4782 fertur,
838 4706 949 4788 impetu
973 4708 1125 4768 concitata
1147 4705 1244 4784 magis
1273 4704 1427 4784 magisque
1452 4701 1599 4781 frigescit.
1651 4702 1731 4764 Tale
1752 4700 1828 4782 quip-

479 4793 561 4872 piam
589 4802 620 4855 et
648 4793 685 4855 de
717 4794 773 4855 hac
803 4794 869 4875 ipsa
902 4804 1020 4857 aestate
1053 4794 1351 4865 comminiscendum,
1386 4811 1462 4872 quae
1494 4810 1549 4870 per
1582 4788 1785 4854 Germaniam
1805 4798 1828 4847 et

481 4880 601 4944 Gallias
617 4883 673 4944 fuit
687 4882 835 4964 impendio
855 4886 977 4945 humida
991 4886 1115 4962 ideoque
1140 4884 1305 4963 pestilens:
1330 4891 1415 4941 trans
1429 4880 1622 4961 Pyrenaeum
1638 4882 1668 4942 in
1685 4877 1827 4961 Hispaniis

482 4973 564 5033 sicca
588 4981 619 5031 et
641 4975 767 5035 sterilis.
814 4971 1041 5045 Quid-mirum,
1076 4974 1100 5034 si
1126 4970 1262 5033 nationes
1294 4971 1441 5032 dissident
1465 4969 1595 5044 studiis,
1631 4970 1743 5051 quibus
1766 4970 1826 5032 adeo

482 5060 632 5122 contraria
655 5063 780 5126 coelitus
804 5062 987 5124 obveniunt?
1011 5063 1075 5125 Nec
1099 5069 1214 5123 tanttun
1238 5061 1358 5122 humore
1384 5059 1440 5120 fnit
1464 5060 1630 5138 conspicua
1655 5059 1763 5126 hiems.
1785 5054 1826 5118 sed

483 5149 575 5235 multo
605 5149 701 5228 magis
735 5150 810 5215 coeli
843 5151 996 5214 nocturnis
1028 5151 1174 5215 incendiis
1204 5150 1425 5233 sanguineaque
1458 5141 1559 5228 specie
1595 5149 1781 5212 creberrima
1803 5156 1826 5204 et
