<?xml version="1.0" encoding="UTF-8"?>
<!DOCTYPE html PUBLIC "-//W3C//DTD XHTML 1.0 Transitional//EN"
    "http://www.w3.org/TR/xhtml1/DTD/xhtml1-transitional.dtd">
<html xmlns="http://www.w3.org/1999/xhtml" xml:lang="en" lang="en">
 <head>
  <title>
</title>
<meta http-equiv="Content-Type" content="text/html;charset=utf-8" />
  <meta name='ocr-system' content='tesseract 3.04.00' />
  <meta name='ocr-capabilities' content='ocr_page ocr_carea ocr_par ocr_line ocrx_word'/>
</head>
<body>
  <div class='ocr_page' id='page_1' title='image "./joanniskepleria02frisgoog_0656.png"; bbox 0 0 4584 6192; ppageno 0'>
   <div class='ocr_carea' id='block_1_1' title="bbox 979 583 1724 660">
    <p class='ocr_par' dir='ltr' id='par_1_1' title="bbox 979 583 1724 660">
     <span class='ocr_line' id='line_1_1' title="bbox 979 583 1724 660; baseline -0.001 0"><span class='ocrx_word' id='word_1_1' title='bbox 979 590 1120 660; x_wconf 64' lang='lat' dir='ltr'><strong>casm</strong></span> <span class='ocrx_word' id='word_1_2' title='bbox 1174 583 1178 600; x_wconf 90' lang='lat'><em>&#39;</em></span> <span class='ocrx_word' id='word_1_3' title='bbox 1551 626 1554 635; x_wconf 76' lang='lat'><strong>,</strong></span> <span class='ocrx_word' id='word_1_4' title='bbox 1659 589 1724 659; x_wconf 77' lang='lat' dir='ltr'><strong>tlt</strong></span> 
     </span>
    </p>
   </div>
   <div class='ocr_carea' id='block_1_2' title="bbox 371 770 1778 1300">
    <p class='ocr_par' dir='ltr' id='par_1_2' title="bbox 371 770 1778 1122">
     <span class='ocr_line' id='line_1_2' title="bbox 371 770 1722 854; baseline 0.002 -20"><span class='ocrx_word' id='word_1_5' title='bbox 371 770 432 834; x_wconf 94' lang='lat' dir='ltr'><strong>hoc</strong></span> <span class='ocrx_word' id='word_1_6' title='bbox 455 771 526 835; x_wconf 92' lang='lat' dir='ltr'><strong>mihi</strong></span> <span class='ocrx_word' id='word_1_7' title='bbox 549 772 702 848; x_wconf 89' lang='lat' dir='ltr'><strong>credatur,</strong></span> <span class='ocrx_word' id='word_1_8' title='bbox 737 772 816 854; x_wconf 91' lang='lat' dir='ltr'><strong>quod</strong></span> <span class='ocrx_word' id='word_1_9' title='bbox 837 771 902 834; x_wconf 91' lang='lat' dir='ltr'><strong>Deo</strong></span> <span class='ocrx_word' id='word_1_10' title='bbox 935 772 1127 852; x_wconf 73' lang='lat' dir='ltr'><strong>permittente</strong></span> <span class='ocrx_word' id='word_1_11' title='bbox 1160 771 1231 834; x_wconf 90' lang='lat' dir='ltr'><strong>alibi</strong></span> <span class='ocrx_word' id='word_1_12' title='bbox 1257 771 1391 853; x_wconf 87' lang='lat' dir='ltr'>probabo</span> <span class='ocrx_word' id='word_1_13' title='bbox 1417 773 1502 854; x_wconf 88' lang='lat' dir='ltr'><strong>justo</strong></span> <span class='ocrx_word' id='word_1_14' title='bbox 1530 772 1622 837; x_wconf 89' lang='lat' dir='ltr'><strong>libro:</strong></span> <span class='ocrx_word' id='word_1_15' title='bbox 1654 773 1722 837; x_wconf 90' lang='lat' dir='ltr'><strong>huic</strong></span> 
     </span>
     <span class='ocr_line' id='line_1_3' title="bbox 373 860 1722 945; baseline 0.002 -23"><span class='ocrx_word' id='word_1_16' title='bbox 373 881 481 923; x_wconf 92' lang='lat' dir='ltr'><strong>vocum</strong></span> <span class='ocrx_word' id='word_1_17' title='bbox 504 870 536 923; x_wconf 91' lang='lat' dir='ltr'><strong>et</strong></span> <span class='ocrx_word' id='word_1_18' title='bbox 559 871 734 941; x_wconf 80' lang='lat' dir='ltr'><strong>aspectuum</strong></span> <span class='ocrx_word' id='word_1_19' title='bbox 766 862 999 941; x_wconf 76' lang='lat' dir='ltr'><strong>comparationi,</strong></span> <span class='ocrx_word' id='word_1_20' title='bbox 1030 862 1056 924; x_wconf 92' lang='lat' dir='ltr'><strong>si</strong></span> <span class='ocrx_word' id='word_1_21' title='bbox 1089 860 1258 942; x_wconf 88' lang='lat' dir='ltr'><strong>quintilem,</strong></span> <span class='ocrx_word' id='word_1_22' title='bbox 1292 862 1492 943; x_wconf 92' lang='lat' dir='ltr'><strong>biquiutilem,</strong></span> <span class='ocrx_word' id='word_1_23' title='bbox 1526 864 1722 945; x_wconf 90' lang='lat' dir='ltr'><strong>sesquadrum</strong></span> 
     </span>
     <span class='ocr_line' id='line_1_4' title="bbox 372 950 1778 1033; baseline 0.003 -21"><span class='ocrx_word' id='word_1_24' title='bbox 372 951 453 1013; x_wconf 91' lang='lat' dir='ltr'><strong>iuter</strong></span> <span class='ocrx_word' id='word_1_25' title='bbox 475 959 594 1013; x_wconf 89' lang='lat' dir='ltr'><strong>veteres</strong></span> <span class='ocrx_word' id='word_1_26' title='bbox 617 953 716 1031; x_wconf 90' lang='lat' dir='ltr'><strong>legas,</strong></span> <span class='ocrx_word' id='word_1_27' title='bbox 742 951 951 1014; x_wconf 79' lang='lat' dir='ltr'><strong>mathematice</strong></span> <span class='ocrx_word' id='word_1_28' title='bbox 975 952 1014 1013; x_wconf 89' lang='lat' dir='ltr'><strong>ad</strong></span> <span class='ocrx_word' id='word_1_29' title='bbox 1047 950 1300 1013; x_wconf 82' lang='lat' dir='ltr'><strong>absolutissimam</strong></span> <span class='ocrx_word' id='word_1_30' title='bbox 1329 953 1553 1033; x_wconf 85' lang='lat' dir='ltr'><strong>congruentiam</strong></span> <span class='ocrx_word' id='word_1_31' title='bbox 1575 951 1647 1016; x_wconf 87' lang='lat' dir='ltr'><strong>nihil</strong></span> <span class='ocrx_word' id='word_1_32' title='bbox 1667 953 1722 1016; x_wconf 89' lang='lat' dir='ltr'><strong>ds·</strong></span> <span class='ocrx_word' id='word_1_33' title='bbox 1774 1020 1778 1029; x_wconf 64' lang='grc'><strong>,</strong></span> 
     </span>
     <span class='ocr_line' id='line_1_5' title="bbox 372 1039 1753 1122; baseline 0.009 -21"><span class='ocrx_word' id='word_1_34' title='bbox 372 1059 453 1116; x_wconf 89' lang='lat' dir='ltr'><strong>esse,</strong></span> <span class='ocrx_word' id='word_1_35' title='bbox 478 1039 551 1102; x_wconf 93' lang='lat' dir='ltr'><strong>nihil</strong></span> <span class='ocrx_word' id='word_1_36' title='bbox 574 1041 661 1122; x_wconf 90' lang='lat' dir='ltr'><strong>objici</strong></span> <span class='ocrx_word' id='word_1_37' title='bbox 682 1059 783 1122; x_wconf 85' lang='lat' dir='ltr'><strong>posse.</strong></span> <span class='ocrx_word' id='word_1_38' title='bbox 1747 1102 1753 1114; x_wconf 77' lang='grc'><em>,</em></span> 
     </span>
    </p>

    <p class='ocr_par' dir='ltr' id='par_1_3' title="bbox 371 1127 1724 1300">
     <span class='ocr_line' id='line_1_6' title="bbox 463 1127 1724 1209; baseline 0.004 -18"><span class='ocrx_word' id='word_1_39' title='bbox 463 1127 579 1200; x_wconf 80' lang='lat' dir='ltr'><strong>Quodsi</strong></span> <span class='ocrx_word' id='word_1_40' title='bbox 611 1149 682 1209; x_wconf 89' lang='lat' dir='ltr'><strong>ergo</strong></span> <span class='ocrx_word' id='word_1_41' title='bbox 714 1131 794 1192; x_wconf 91' lang='lat' dir='ltr'><strong>auris</strong></span> <span class='ocrx_word' id='word_1_42' title='bbox 830 1128 972 1204; x_wconf 92' lang='lat' dir='ltr'><strong>hominis,</strong></span> <span class='ocrx_word' id='word_1_43' title='bbox 1003 1128 1035 1190; x_wconf 93' lang='lat' dir='ltr'><strong>id</strong></span> <span class='ocrx_word' id='word_1_44' title='bbox 1066 1136 1115 1192; x_wconf 89' lang='lat' dir='ltr'><strong>est</strong></span> <span class='ocrx_word' id='word_1_45' title='bbox 1147 1149 1254 1192; x_wconf 90' lang='lat' dir='ltr'><strong>sensns</strong></span> <span class='ocrx_word' id='word_1_46' title='bbox 1286 1128 1421 1203; x_wconf 89' lang='lat' dir='ltr'><strong>auditus,</strong></span> <span class='ocrx_word' id='word_1_47' title='bbox 1456 1131 1603 1194; x_wconf 91' lang='lat' dir='ltr'><strong>communi</strong></span> <span class='ocrx_word' id='word_1_48' title='bbox 1634 1151 1724 1196; x_wconf 88' lang='lat' dir='ltr'><strong>seusu</strong></span> 
     </span>
     <span class='ocr_line' id='line_1_7' title="bbox 371 1217 1722 1300; baseline 0.001 -19"><span class='ocrx_word' id='word_1_49' title='bbox 371 1220 545 1294; x_wconf 89' lang='lat' dir='ltr'><strong>instructus,</strong></span> <span class='ocrx_word' id='word_1_50' title='bbox 574 1219 604 1281; x_wconf 92' lang='lat' dir='ltr'><strong>id</strong></span> <span class='ocrx_word' id='word_1_51' title='bbox 626 1220 736 1300; x_wconf 88' lang='lat' dir='ltr'><strong>probat</strong></span> <span class='ocrx_word' id='word_1_52' title='bbox 758 1220 787 1281; x_wconf 94' lang='lat' dir='ltr'><strong>in</strong></span> <span class='ocrx_word' id='word_1_53' title='bbox 810 1220 944 1291; x_wconf 91' lang='lat' dir='ltr'><strong>vocibus,</strong></span> <span class='ocrx_word' id='word_1_54' title='bbox 967 1219 1045 1299; x_wconf 89' lang='lat' dir='ltr'><strong>quod</strong></span> <span class='ocrx_word' id='word_1_55' title='bbox 1068 1219 1235 1298; x_wconf 81' lang='lat' dir='ltr'><strong>geometria</strong></span> <span class='ocrx_word' id='word_1_56' title='bbox 1250 1217 1426 1299; x_wconf 89' lang='lat' dir='ltr'><strong>comprobat</strong></span> <span class='ocrx_word' id='word_1_57' title='bbox 1447 1219 1477 1280; x_wconf 92' lang='lat' dir='ltr'><strong>in</strong></span> <span class='ocrx_word' id='word_1_58' title='bbox 1492 1221 1722 1300; x_wconf 88' lang='lat' dir='ltr'><strong>quantitatibus,</strong></span> 
     </span>
    </p>
   </div>
   <div class='ocr_carea' id='block_1_3' title="bbox 371 1308 1825 1389">
    <p class='ocr_par' dir='ltr' id='par_1_4' title="bbox 371 1308 1825 1389">
     <span class='ocr_line' id='line_1_8' title="bbox 371 1308 1825 1389; baseline 0.002 -19"><span class='ocrx_word' id='word_1_59' title='bbox 371 1328 430 1370; x_wconf 91' lang='lat' dir='ltr'><strong>nec</strong></span> <span class='ocrx_word' id='word_1_60' title='bbox 453 1317 574 1389; x_wconf 89' lang='lat' dir='ltr'><strong>praeter</strong></span> <span class='ocrx_word' id='word_1_61' title='bbox 597 1309 780 1388; x_wconf 92' lang='lat' dir='ltr'><strong>geometrica</strong></span> <span class='ocrx_word' id='word_1_62' title='bbox 807 1310 899 1371; x_wconf 92' lang='lat' dir='ltr'><strong>ullum</strong></span> <span class='ocrx_word' id='word_1_63' title='bbox 926 1327 1019 1388; x_wconf 87' lang='lat' dir='ltr'><strong>genus</strong></span> <span class='ocrx_word' id='word_1_64' title='bbox 1042 1327 1139 1370; x_wconf 90' lang='lat' dir='ltr'><strong>rernm</strong></span> <span class='ocrx_word' id='word_1_65' title='bbox 1162 1308 1328 1388; x_wconf 85' lang='lat' dir='ltr'><strong>excogitari</strong></span> <span class='ocrx_word' id='word_1_66' title='bbox 1360 1327 1414 1387; x_wconf 89' lang='lat' dir='ltr'><strong>pro</strong></span> <span class='ocrx_word' id='word_1_67' title='bbox 1437 1327 1529 1371; x_wconf 88' lang='lat' dir='ltr'><strong>causa</strong></span> <span class='ocrx_word' id='word_1_68' title='bbox 1552 1329 1723 1373; x_wconf 86' lang='lat' dir='ltr'><strong>consonan—</strong></span> <span class='ocrx_word' id='word_1_69' title='bbox 1823 1310 1825 1314; x_wconf 50' lang='lat'><em>⁴</em></span> 
     </span>
    </p>
   </div>
   <div class='ocr_carea' id='block_1_4' title="bbox 366 1397 1781 3533">
    <p class='ocr_par' dir='ltr' id='par_1_5' title="bbox 369 1397 1781 2815">
     <span class='ocr_line' id='line_1_9' title="bbox 373 1397 1725 1479; baseline 0.002 -20"><span class='ocrx_word' id='word_1_70' title='bbox 373 1399 484 1459; x_wconf 92' lang='lat' dir='ltr'><strong>tiarnm</strong></span> <span class='ocrx_word' id='word_1_71' title='bbox 507 1406 619 1477; x_wconf 89' lang='lat' dir='ltr'><strong>potest,</strong></span> <span class='ocrx_word' id='word_1_72' title='bbox 643 1399 721 1478; x_wconf 93' lang='lat' dir='ltr'><strong>qnod</strong></span> <span class='ocrx_word' id='word_1_73' title='bbox 745 1398 880 1460; x_wconf 92' lang='lat' dir='ltr'><strong>omnibus</strong></span> <span class='ocrx_word' id='word_1_74' title='bbox 892 1398 1123 1477; x_wconf 90' lang='lat' dir='ltr'><strong>particularibus</strong></span> <span class='ocrx_word' id='word_1_75' title='bbox 1140 1397 1428 1460; x_wconf 84' lang='lat' dir='ltr'><strong>considerationibus</strong></span> <span class='ocrx_word' id='word_1_76' title='bbox 1443 1399 1629 1461; x_wconf 86' lang='lat' dir='ltr'><strong>satisfaciat:</strong></span> <span class='ocrx_word' id='word_1_77' title='bbox 1654 1399 1725 1479; x_wconf 92' lang='lat' dir='ltr'><strong>quid</strong></span> 
     </span>
     <span class='ocr_line' id='line_1_10' title="bbox 372 1486 1725 1568; baseline 0.001 -19"><span class='ocrx_word' id='word_1_78' title='bbox 372 1506 448 1566; x_wconf 89' lang='lat' dir='ltr'><strong>rogo</strong></span> <span class='ocrx_word' id='word_1_79' title='bbox 470 1487 561 1549; x_wconf 91' lang='lat' dir='ltr'><strong>Picus</strong></span> <span class='ocrx_word' id='word_1_80' title='bbox 584 1488 797 1567; x_wconf 87' lang='lat' dir='ltr'><strong>respondebit?</strong></span> <span class='ocrx_word' id='word_1_81' title='bbox 842 1488 921 1549; x_wconf 86' lang='lat' dir='ltr'><strong>Nam</strong></span> <span class='ocrx_word' id='word_1_82' title='bbox 951 1506 1057 1549; x_wconf 88' lang='lat' dir='ltr'><strong>vocum</strong></span> <span class='ocrx_word' id='word_1_83' title='bbox 1087 1486 1301 1549; x_wconf 86' lang='lat' dir='ltr'><strong>concordantia</strong></span> <span class='ocrx_word' id='word_1_84' title='bbox 1331 1505 1385 1566; x_wconf 91' lang='lat' dir='ltr'><strong>per</strong></span> <span class='ocrx_word' id='word_1_85' title='bbox 1416 1506 1449 1548; x_wconf 91' lang='lat' dir='ltr'><strong>se</strong></span> <span class='ocrx_word' id='word_1_86' title='bbox 1479 1488 1566 1551; x_wconf 88' lang='lat' dir='ltr'><strong>nihil·</strong></span> <span class='ocrx_word' id='word_1_87' title='bbox 1584 1500 1725 1568; x_wconf 89' lang='lat' dir='ltr'><strong>operatur</strong></span> 
     </span>
     <span class='ocr_line' id='line_1_11' title="bbox 373 1576 1725 1656; baseline 0.004 -19"><span class='ocrx_word' id='word_1_88' title='bbox 373 1576 486 1638; x_wconf 82' lang='lat' dir='ltr'><strong>effluxu</strong></span> <span class='ocrx_word' id='word_1_89' title='bbox 509 1577 638 1656; x_wconf 89' lang='lat' dir='ltr'><strong>quodam</strong></span> <span class='ocrx_word' id='word_1_90' title='bbox 661 1576 692 1638; x_wconf 93' lang='lat' dir='ltr'><strong>in</strong></span> <span class='ocrx_word' id='word_1_91' title='bbox 715 1577 862 1639; x_wconf 90' lang='lat' dir='ltr'><strong>hominem</strong></span> <span class='ocrx_word' id='word_1_92' title='bbox 886 1576 945 1638; x_wconf 91' lang='lat' dir='ltr'><strong>alio</strong></span> <span class='ocrx_word' id='word_1_93' title='bbox 969 1594 1057 1655; x_wconf 89' lang='lat' dir='ltr'><strong>quam</strong></span> <span class='ocrx_word' id='word_1_94' title='bbox 1081 1577 1243 1648; x_wconf 88' lang='lat' dir='ltr'><strong>sensitivo‚</strong></span> <span class='ocrx_word' id='word_1_95' title='bbox 1276 1595 1331 1637; x_wconf 93' lang='lat' dir='ltr'><strong>nec</strong></span> <span class='ocrx_word' id='word_1_96' title='bbox 1354 1576 1445 1637; x_wconf 92' lang='lat' dir='ltr'><strong>ullum</strong></span> <span class='ocrx_word' id='word_1_97' title='bbox 1469 1577 1593 1640; x_wconf 90' lang='lat' dir='ltr'><strong>hilarem</strong></span> <span class='ocrx_word' id='word_1_98' title='bbox 1616 1577 1725 1642; x_wconf 90' lang='lat' dir='ltr'><strong>humo-</strong></span> 
     </span>
     <span class='ocr_line' id='line_1_12' title="bbox 372 1664 1771 1747; baseline -0.001 -19"><span class='ocrx_word' id='word_1_99' title='bbox 372 1684 438 1728; x_wconf 89' lang='lat' dir='ltr'><strong>rem</strong></span> <span class='ocrx_word' id='word_1_100' title='bbox 460 1684 515 1745; x_wconf 91' lang='lat' dir='ltr'><strong>per</strong></span> <span class='ocrx_word' id='word_1_101' title='bbox 538 1684 570 1726; x_wconf 91' lang='lat' dir='ltr'><strong>se</strong></span> <span class='ocrx_word' id='word_1_102' title='bbox 594 1683 738 1745; x_wconf 87' lang='lat' dir='ltr'><strong>generare</strong></span> <span class='ocrx_word' id='word_1_103' title='bbox 760 1673 873 1747; x_wconf 90' lang='lat' dir='ltr'><strong>potest.</strong></span> <span class='ocrx_word' id='word_1_104' title='bbox 920 1664 1049 1728; x_wconf 85' lang='lat' dir='ltr'><strong>Accedit</strong></span> <span class='ocrx_word' id='word_1_105' title='bbox 1070 1685 1140 1727; x_wconf 90' lang='lat' dir='ltr'><strong>vero</strong></span> <span class='ocrx_word' id='word_1_106' title='bbox 1165 1666 1265 1728; x_wconf 93' lang='lat' dir='ltr'><strong>anima</strong></span> <span class='ocrx_word' id='word_1_107' title='bbox 1286 1665 1432 1728; x_wconf 87' lang='lat' dir='ltr'><strong>sensitiva</strong></span> <span class='ocrx_word' id='word_1_108' title='bbox 1447 1665 1474 1728; x_wconf 96' lang='lat' dir='ltr'><strong>iu</strong></span> <span class='ocrx_word' id='word_1_109' title='bbox 1495 1667 1624 1743; x_wconf 88' lang='lat' dir='ltr'><strong>homine,</strong></span> <span class='ocrx_word' id='word_1_110' title='bbox 1649 1685 1724 1747; x_wconf 87' lang='lat' dir='ltr'><strong>quae</strong></span> <span class='ocrx_word' id='word_1_111' title='bbox 1766 1673 1771 1698; x_wconf 90' lang='lat'>&#39;</span> 
     </span>
     <span class='ocr_line' id='line_1_13' title="bbox 374 1753 1724 1836; baseline 0.001 -20"><span class='ocrx_word' id='word_1_112' title='bbox 374 1774 432 1817; x_wconf 89' lang='lat' dir='ltr'><strong>usa</strong></span> <span class='ocrx_word' id='word_1_113' title='bbox 454 1773 595 1817; x_wconf 90' lang='lat' dir='ltr'><strong>sensuum</strong></span> <span class='ocrx_word' id='word_1_114' title='bbox 620 1756 756 1833; x_wconf 80' lang='lat' dir='ltr'><strong>organis,</strong></span> <span class='ocrx_word' id='word_1_115' title='bbox 791 1775 881 1818; x_wconf 92' lang='lat' dir='ltr'><strong>sonos</strong></span> <span class='ocrx_word' id='word_1_116' title='bbox 912 1753 1030 1835; x_wconf 90' lang='lat' dir='ltr'><strong>quidem</strong></span> <span class='ocrx_word' id='word_1_117' title='bbox 1063 1756 1224 1817; x_wconf 90' lang='lat' dir='ltr'><strong>introrsum</strong></span> <span class='ocrx_word' id='word_1_118' title='bbox 1252 1755 1371 1834; x_wconf 90' lang='lat' dir='ltr'><strong>recipit,</strong></span> <span class='ocrx_word' id='word_1_119' title='bbox 1404 1756 1626 1836; x_wconf 88' lang='lat' dir='ltr'><strong>proportionem</strong></span> <span class='ocrx_word' id='word_1_120' title='bbox 1653 1773 1724 1825; x_wconf 86' lang='lat' dir='ltr'><strong>vero</strong></span> 
     </span>
     <span class='ocr_line' id='line_1_14' title="bbox 373 1843 1725 1927; baseline 0.001 -21"><span class='ocrx_word' id='word_1_121' title='bbox 373 1843 528 1919; x_wconf 87' lang='lat' dir='ltr'><strong>aestimat,</strong></span> <span class='ocrx_word' id='word_1_122' title='bbox 552 1844 740 1906; x_wconf 87' lang='lat' dir='ltr'><strong>aestimando</strong></span> <span class='ocrx_word' id='word_1_123' title='bbox 763 1845 887 1924; x_wconf 90' lang='lat' dir='ltr'><strong>probam</strong></span> <span class='ocrx_word' id='word_1_124' title='bbox 911 1853 943 1905; x_wconf 92' lang='lat' dir='ltr'><strong>et</strong></span> <span class='ocrx_word' id='word_1_125' title='bbox 965 1845 1178 1924; x_wconf 84' lang='lat' dir='ltr'><strong>geometricam</strong></span> <span class='ocrx_word' id='word_1_126' title='bbox 1202 1863 1270 1906; x_wconf 88' lang='lat' dir='ltr'><strong>seso</strong></span> <span class='ocrx_word' id='word_1_127' title='bbox 1288 1844 1438 1907; x_wconf 81' lang='lat' dir='ltr'><strong>exhilarat</strong></span> <span class='ocrx_word' id='word_1_128' title='bbox 1456 1864 1598 1927; x_wconf 89' lang='lat' dir='ltr'><strong>suumque</strong></span> <span class='ocrx_word' id='word_1_129' title='bbox 1618 1864 1725 1926; x_wconf 87' lang='lat' dir='ltr'><strong>corpus</strong></span> 
     </span>
     <span class='ocr_line' id='line_1_15' title="bbox 373 1933 1756 2014; baseline 0.003 -20"><span class='ocrx_word' id='word_1_130' title='bbox 373 1950 503 2012; x_wconf 91' lang='lat' dir='ltr'><strong>congrue</strong></span> <span class='ocrx_word' id='word_1_131' title='bbox 532 1941 643 1996; x_wconf 89' lang='lat' dir='ltr'><strong>movet.</strong></span> <span class='ocrx_word' id='word_1_132' title='bbox 698 1935 783 1995; x_wconf 89' lang='lat' dir='ltr'><strong>Haec</strong></span> <span class='ocrx_word' id='word_1_133' title='bbox 814 1934 915 2014; x_wconf 90' lang='lat' dir='ltr'><strong>utique</strong></span> <span class='ocrx_word' id='word_1_134' title='bbox 945 1952 1001 1994; x_wconf 95' lang='lat' dir='ltr'><strong>non</strong></span> <span class='ocrx_word' id='word_1_135' title='bbox 1033 1934 1261 1995; x_wconf 85' lang='lat' dir='ltr'><strong>ratiocinatione</strong></span> <span class='ocrx_word' id='word_1_136' title='bbox 1288 1933 1372 1995; x_wconf 87' lang='lat' dir='ltr'><strong>fiunt.</strong></span> <span class='ocrx_word' id='word_1_137' title='bbox 1428 1934 1497 1996; x_wconf 89' lang='lat' dir='ltr'><strong>Nisi</strong></span> <span class='ocrx_word' id='word_1_138' title='bbox 1529 1936 1606 1997; x_wconf 83' lang='lat' dir='ltr'><strong>iorte</strong></span> <span class='ocrx_word' id='word_1_139' title='bbox 1637 1935 1726 1998; x_wconf 87' lang='lat' dir='ltr'><strong>Picus</strong></span> <span class='ocrx_word' id='word_1_140' title='bbox 1753 1940 1756 1945; x_wconf 90' lang='grc'>’</span> 
     </span>
     <span class='ocr_line' id='line_1_16' title="bbox 373 2022 1726 2103; baseline 0.004 -20"><span class='ocrx_word' id='word_1_141' title='bbox 373 2022 516 2099; x_wconf 75' lang='lat' dir='ltr'><strong>agricolis</strong></span> <span class='ocrx_word' id='word_1_142' title='bbox 540 2022 738 2102; x_wconf 90' lang='lat' dir='ltr'><strong>cognitionem</strong></span> <span class='ocrx_word' id='word_1_143' title='bbox 757 2022 845 2102; x_wconf 89' lang='lat' dir='ltr'><strong>hujus</strong></span> <span class='ocrx_word' id='word_1_144' title='bbox 873 2022 1056 2102; x_wconf 85' lang='lat' dir='ltr'><strong>geometriae</strong></span> <span class='ocrx_word' id='word_1_145' title='bbox 1086 2023 1212 2098; x_wconf 85' lang='lat' dir='ltr'><strong>tribuet,</strong></span> <span class='ocrx_word' id='word_1_146' title='bbox 1244 2042 1333 2102; x_wconf 92' lang='lat' dir='ltr'><strong>qnam</strong></span> <span class='ocrx_word' id='word_1_147' title='bbox 1364 2028 1436 2103; x_wconf 91' lang='lat' dir='ltr'><strong>post</strong></span> <span class='ocrx_word' id='word_1_148' title='bbox 1464 2032 1512 2087; x_wconf 92' lang='lat' dir='ltr'><strong>tot</strong></span> <span class='ocrx_word' id='word_1_149' title='bbox 1541 2025 1644 2087; x_wconf 87' lang='lat' dir='ltr'><strong>secula</strong></span> <span class='ocrx_word' id='word_1_150' title='bbox 1675 2024 1726 2088; x_wconf 84' lang='lat' dir='ltr'><strong>vix</strong></span> 
     </span>
     <span class='ocr_line' id='line_1_17' title="bbox 373 2111 1781 2193; baseline 0.003 -21"><span class='ocrx_word' id='word_1_151' title='bbox 373 2111 496 2172; x_wconf 90' lang='lat' dir='ltr'><strong>tandem</strong></span> <span class='ocrx_word' id='word_1_152' title='bbox 518 2112 770 2193; x_wconf 85' lang='lat' dir='ltr'><strong>perquisivimus?</strong></span> <span class='ocrx_word' id='word_1_153' title='bbox 816 2112 941 2174; x_wconf 88' lang='lat' dir='ltr'><strong>Tribuat</strong></span> <span class='ocrx_word' id='word_1_154' title='bbox 963 2111 1055 2190; x_wconf 89' lang='lat' dir='ltr'><strong>igitur</strong></span> <span class='ocrx_word' id='word_1_155' title='bbox 1078 2122 1109 2173; x_wconf 87' lang='lat' dir='ltr'><strong>et</strong></span> <span class='ocrx_word' id='word_1_156' title='bbox 1132 2112 1244 2186; x_wconf 90' lang='lat' dir='ltr'><strong>cervis;</strong></span> <span class='ocrx_word' id='word_1_157' title='bbox 1277 2112 1346 2192; x_wconf 89' lang='lat' dir='ltr'><strong>quin</strong></span> <span class='ocrx_word' id='word_1_158' title='bbox 1377 2111 1476 2191; x_wconf 92' lang='lat' dir='ltr'><strong>potius</strong></span> <span class='ocrx_word' id='word_1_159' title='bbox 1499 2113 1604 2176; x_wconf 89' lang='lat' dir='ltr'><strong>rustici</strong></span> <span class='ocrx_word' id='word_1_160' title='bbox 1628 2114 1725 2176; x_wconf 90' lang='lat' dir='ltr'><strong>facul·</strong></span> <span class='ocrx_word' id='word_1_161' title='bbox 1779 2163 1781 2168; x_wconf 92' lang='lat'><em>.</em></span> 
     </span>
     <span class='ocr_line' id='line_1_18' title="bbox 371 2200 1726 2283; baseline 0.002 -22"><span class='ocrx_word' id='word_1_162' title='bbox 371 2208 471 2262; x_wconf 90' lang='lat' dir='ltr'><strong>tatem</strong></span> <span class='ocrx_word' id='word_1_163' title='bbox 493 2201 671 2263; x_wconf 88' lang='lat' dir='ltr'><strong>sensitivam</strong></span> <span class='ocrx_word' id='word_1_164' title='bbox 695 2205 800 2264; x_wconf 90' lang='lat' dir='ltr'><strong>innata</strong></span> <span class='ocrx_word' id='word_1_165' title='bbox 821 2201 867 2277; x_wconf 94' lang='lat' dir='ltr'><strong>vi,</strong></span> <span class='ocrx_word' id='word_1_166' title='bbox 901 2202 978 2263; x_wconf 90' lang='lat' dir='ltr'><strong>citra</strong></span> <span class='ocrx_word' id='word_1_167' title='bbox 1001 2201 1183 2275; x_wconf 91' lang='lat' dir='ltr'><strong>discursum,</strong></span> <span class='ocrx_word' id='word_1_168' title='bbox 1209 2201 1287 2264; x_wconf 87' lang='lat' dir='ltr'><strong>affici</strong></span> <span class='ocrx_word' id='word_1_169' title='bbox 1312 2200 1394 2263; x_wconf 92' lang='lat' dir='ltr'><strong>dicat</strong></span> <span class='ocrx_word' id='word_1_170' title='bbox 1417 2201 1524 2265; x_wconf 91' lang='lat' dir='ltr'><strong>iisdem</strong></span> <span class='ocrx_word' id='word_1_171' title='bbox 1546 2203 1649 2283; x_wconf 88' lang='lat' dir='ltr'><strong>liguris</strong></span> <span class='ocrx_word' id='word_1_172' title='bbox 1673 2221 1726 2265; x_wconf 90' lang='lat' dir='ltr'><strong>seu</strong></span> 
     </span>
     <span class='ocr_line' id='line_1_19' title="bbox 370 2289 1726 2371; baseline 0.003 -22"><span class='ocrx_word' id='word_1_173' title='bbox 370 2309 426 2369; x_wconf 92' lang='lat' dir='ltr'><strong>per</strong></span> <span class='ocrx_word' id='word_1_174' title='bbox 450 2289 559 2369; x_wconf 89' lang='lat' dir='ltr'><strong>figuras</strong></span> <span class='ocrx_word' id='word_1_175' title='bbox 583 2291 756 2353; x_wconf 91' lang='lat' dir='ltr'><strong>constitutis</strong></span> <span class='ocrx_word' id='word_1_176' title='bbox 779 2290 961 2353; x_wconf 86' lang='lat' dir='ltr'><strong>sectionibus</strong></span> <span class='ocrx_word' id='word_1_177' title='bbox 984 2297 1016 2351; x_wconf 88' lang='lat' dir='ltr'><strong>ct</strong></span> <span class='ocrx_word' id='word_1_178' title='bbox 1037 2290 1279 2371; x_wconf 87' lang='lat' dir='ltr'><strong>proportionibus</strong></span> <span class='ocrx_word' id='word_1_179' title='bbox 1302 2290 1332 2351; x_wconf 96' lang='lat' dir='ltr'><strong>iu</strong></span> <span class='ocrx_word' id='word_1_180' title='bbox 1355 2291 1592 2354; x_wconf 77' lang='lat' dir='ltr'><strong>conformatione</strong></span> <span class='ocrx_word' id='word_1_181' title='bbox 1611 2311 1726 2366; x_wconf 89' lang='lat' dir='ltr'><strong>vocum,</strong></span> 
     </span>
     <span class='ocr_line' id='line_1_20' title="bbox 372 2378 1727 2460; baseline 0.003 -21"><span class='ocrx_word' id='word_1_182' title='bbox 372 2398 448 2459; x_wconf 89' lang='lat' dir='ltr'><strong>quas</strong></span> <span class='ocrx_word' id='word_1_183' title='bbox 471 2389 590 2441; x_wconf 87' lang='lat' dir='ltr'><strong>creator</strong></span> <span class='ocrx_word' id='word_1_184' title='bbox 613 2380 855 2460; x_wconf 85' lang='lat' dir='ltr'><strong>sapientissimus</strong></span> <span class='ocrx_word' id='word_1_185' title='bbox 879 2381 908 2441; x_wconf 96' lang='lat' dir='ltr'><strong>in</strong></span> <span class='ocrx_word' id='word_1_186' title='bbox 931 2378 1166 2441; x_wconf 84' lang='lat' dir='ltr'><strong>conformatione</strong></span> <span class='ocrx_word' id='word_1_187' title='bbox 1195 2379 1295 2441; x_wconf 90' lang='lat' dir='ltr'><strong>muudi</strong></span> <span class='ocrx_word' id='word_1_188' title='bbox 1319 2379 1437 2458; x_wconf 83' lang='lat' dir='ltr'><strong>selegit.</strong></span> <span class='ocrx_word' id='word_1_189' title='bbox 1483 2381 1617 2443; x_wconf 89' lang='lat' dir='ltr'><strong>Medium</strong></span> <span class='ocrx_word' id='word_1_190' title='bbox 1647 2381 1727 2443; x_wconf 85' lang='lat' dir='ltr'><strong>iuter</strong></span> 
     </span>
     <span class='ocr_line' id='line_1_21' title="bbox 370 2467 1727 2550; baseline 0.003 -21"><span class='ocrx_word' id='word_1_191' title='bbox 370 2467 447 2529; x_wconf 90' lang='lat' dir='ltr'><strong>haec</strong></span> <span class='ocrx_word' id='word_1_192' title='bbox 471 2468 528 2532; x_wconf 95' lang='lat' dir='ltr'><strong>duo</strong></span> <span class='ocrx_word' id='word_1_193' title='bbox 553 2470 780 2549; x_wconf 89' lang='lat' dir='ltr'><strong>loquacissimus</strong></span> <span class='ocrx_word' id='word_1_194' title='bbox 804 2480 835 2531; x_wconf 90' lang='lat' dir='ltr'><strong>et</strong></span> <span class='ocrx_word' id='word_1_195' title='bbox 858 2469 1097 2548; x_wconf 88' lang='lat' dir='ltr'><strong>imperitissimus</strong></span> <span class='ocrx_word' id='word_1_196' title='bbox 1121 2469 1245 2550; x_wconf 89' lang='lat' dir='ltr'><strong>quisque</strong></span> <span class='ocrx_word' id='word_1_197' title='bbox 1274 2467 1406 2530; x_wconf 91' lang='lat' dir='ltr'><strong>inveniet</strong></span> <span class='ocrx_word' id='word_1_198' title='bbox 1430 2470 1586 2546; x_wconf 83' lang='lat' dir='ltr'><strong>facillime,</strong></span> <span class='ocrx_word' id='word_1_199' title='bbox 1614 2471 1727 2533; x_wconf 88' lang='lat' dir='ltr'><strong>nullum</strong></span> 
     </span>
     <span class='ocr_line' id='line_1_22' title="bbox 369 2557 1727 2640; baseline 0.005 -24"><span class='ocrx_word' id='word_1_200' title='bbox 369 2576 444 2619; x_wconf 87' lang='lat' dir='ltr'><strong>vero</strong></span> <span class='ocrx_word' id='word_1_201' title='bbox 473 2558 599 2620; x_wconf 90' lang='lat' dir='ltr'><strong>inveniri</strong></span> <span class='ocrx_word' id='word_1_202' title='bbox 626 2578 717 2639; x_wconf 89' lang='lat' dir='ltr'><strong>posse</strong></span> <span class='ocrx_word' id='word_1_203' title='bbox 746 2578 847 2621; x_wconf 90' lang='lat' dir='ltr'><strong>omnes</strong></span> <span class='ocrx_word' id='word_1_204' title='bbox 877 2558 937 2619; x_wconf 90' lang='lat' dir='ltr'><strong>veri</strong></span> <span class='ocrx_word' id='word_1_205' title='bbox 965 2558 1135 2639; x_wconf 90' lang='lat' dir='ltr'><strong>philosophi</strong></span> <span class='ocrx_word' id='word_1_206' title='bbox 1164 2559 1273 2620; x_wconf 90' lang='lat' dir='ltr'><strong>dicent.</strong></span> <span class='ocrx_word' id='word_1_207' title='bbox 1322 2557 1426 2638; x_wconf 90' lang='lat' dir='ltr'><strong>ltaque</strong></span> <span class='ocrx_word' id='word_1_208' title='bbox 1459 2579 1547 2640; x_wconf 92' lang='lat' dir='ltr'><strong>qnam</strong></span> <span class='ocrx_word' id='word_1_209' title='bbox 1580 2560 1727 2623; x_wconf 86' lang='lat' dir='ltr'><strong>rationem</strong></span> 
     </span>
     <span class='ocr_line' id='line_1_23' title="bbox 371 2646 1724 2730; baseline 0.002 -23"><span class='ocrx_word' id='word_1_210' title='bbox 371 2648 592 2720; x_wconf 83' lang='lat' dir='ltr'><strong>afferetPicns,</strong></span> <span class='ocrx_word' id='word_1_211' title='bbox 616 2667 668 2710; x_wconf 92' lang='lat' dir='ltr'><strong>cur</strong></span> <span class='ocrx_word' id='word_1_212' title='bbox 687 2650 852 2728; x_wconf 88' lang='lat' dir='ltr'><strong>geometria</strong></span> <span class='ocrx_word' id='word_1_213' title='bbox 870 2648 899 2708; x_wconf 90' lang='lat' dir='ltr'><strong>in</strong></span> <span class='ocrx_word' id='word_1_214' title='bbox 919 2647 1042 2709; x_wconf 91' lang='lat' dir='ltr'><strong>vocibus</strong></span> <span class='ocrx_word' id='word_1_215' title='bbox 1059 2646 1173 2710; x_wconf 86' lang='lat' dir='ltr'><strong>afficiat</strong></span> <span class='ocrx_word' id='word_1_216' title='bbox 1194 2648 1362 2709; x_wconf 88' lang='lat' dir='ltr'><strong>hominem?</strong></span> <span class='ocrx_word' id='word_1_217' title='bbox 1385 2649 1511 2711; x_wconf 89' lang='lat' dir='ltr'><strong>eandem</strong></span> <span class='ocrx_word' id='word_1_218' title='bbox 1535 2667 1591 2730; x_wconf 95' lang='lat' dir='ltr'><strong>ego</strong></span> <span class='ocrx_word' id='word_1_219' title='bbox 1616 2648 1724 2725; x_wconf 89' lang='lat' dir='ltr'><strong>dicam,</strong></span> 
     </span>
     <span class='ocr_line' id='line_1_24' title="bbox 372 2736 1491 2815; baseline 0.003 -18"><span class='ocrx_word' id='word_1_220' title='bbox 372 2755 426 2798; x_wconf 93' lang='lat' dir='ltr'><strong>cnr</strong></span> <span class='ocrx_word' id='word_1_221' title='bbox 449 2738 613 2815; x_wconf 90' lang='lat' dir='ltr'><strong>geometria</strong></span> <span class='ocrx_word' id='word_1_222' title='bbox 635 2739 666 2800; x_wconf 91' lang='lat' dir='ltr'><strong>iu</strong></span> <span class='ocrx_word' id='word_1_223' title='bbox 689 2739 782 2800; x_wconf 90' lang='lat' dir='ltr'><strong>radiis</strong></span> <span class='ocrx_word' id='word_1_224' title='bbox 805 2740 961 2799; x_wconf 89' lang='lat' dir='ltr'><strong>stellarum</strong></span> <span class='ocrx_word' id='word_1_225' title='bbox 984 2738 1097 2800; x_wconf 81' lang='lat' dir='ltr'><strong>afficiat</strong></span> <span class='ocrx_word' id='word_1_226' title='bbox 1120 2746 1258 2800; x_wconf 89' lang='lat' dir='ltr'><strong>naturam</strong></span> <span class='ocrx_word' id='word_1_227' title='bbox 1282 2736 1491 2800; x_wconf 87' lang='lat' dir='ltr'><strong>sublunarem?</strong></span> 
     </span>
    </p>

    <p class='ocr_par' dir='ltr' id='par_1_6' title="bbox 366 2823 1778 3533">
     <span class='ocr_line' id='line_1_25' title="bbox 464 2823 1727 2909; baseline 0.002 -22"><span class='ocrx_word' id='word_1_228' title='bbox 464 2823 562 2896; x_wconf 87' lang='lat' dir='ltr'><strong>Quam</strong></span> <span class='ocrx_word' id='word_1_229' title='bbox 585 2827 674 2889; x_wconf 89' lang='lat' dir='ltr'><strong>Picus</strong></span> <span class='ocrx_word' id='word_1_230' title='bbox 707 2831 789 2907; x_wconf 89' lang='lat' dir='ltr'><strong>(cap.</strong></span> <span class='ocrx_word' id='word_1_231' title='bbox 814 2828 849 2901; x_wconf 83' lang='lat'><strong>7)</strong></span> <span class='ocrx_word' id='word_1_232' title='bbox 880 2826 1028 2888; x_wconf 89' lang='lat' dir='ltr'><strong>rationem</strong></span> <span class='ocrx_word' id='word_1_233' title='bbox 1057 2827 1199 2893; x_wconf 77' lang='lat' dir='ltr'><strong>confinxit</strong></span> <span class='ocrx_word' id='word_1_234' title='bbox 1228 2835 1419 2906; x_wconf 88' lang='lat' dir='ltr'><strong>aspectuum,</strong></span> <span class='ocrx_word' id='word_1_235' title='bbox 1451 2828 1529 2909; x_wconf 90' lang='lat' dir='ltr'><strong>qnod</strong></span> <span class='ocrx_word' id='word_1_236' title='bbox 1562 2827 1727 2890; x_wconf 87' lang='lat' dir='ltr'><strong>artificibus</strong></span> 
     </span>
     <span class='ocr_line' id='line_1_26' title="bbox 372 2915 1723 2997; baseline 0 -19"><span class='ocrx_word' id='word_1_237' title='bbox 372 2915 501 2978; x_wconf 89' lang='lat' dir='ltr'><strong>totidem</strong></span> <span class='ocrx_word' id='word_1_238' title='bbox 524 2917 691 2994; x_wconf 91' lang='lat' dir='ltr'><strong>placuerint</strong></span> <span class='ocrx_word' id='word_1_239' title='bbox 714 2926 786 2997; x_wconf 91' lang='lat' dir='ltr'><strong>quot</strong></span> <span class='ocrx_word' id='word_1_240' title='bbox 809 2916 930 2977; x_wconf 88' lang='lat' dir='ltr'><strong>suntin</strong></span> <span class='ocrx_word' id='word_1_241' title='bbox 955 2926 1088 2995; x_wconf 91' lang='lat' dir='ltr'><strong>tempore</strong></span> <span class='ocrx_word' id='word_1_242' title='bbox 1118 2916 1346 2979; x_wconf 89' lang='lat' dir='ltr'><strong>semimenstruo</strong></span> <span class='ocrx_word' id='word_1_243' title='bbox 1369 2915 1481 2994; x_wconf 86' lang='lat' dir='ltr'><strong>phasea</strong></span> <span class='ocrx_word' id='word_1_244' title='bbox 1504 2916 1622 2991; x_wconf 88' lang='lat' dir='ltr'><strong>Lunae,</strong></span> <span class='ocrx_word' id='word_1_245' title='bbox 1657 2935 1723 2979; x_wconf 89' lang='lat' dir='ltr'><strong>cor·</strong></span> 
     </span>
     <span class='ocr_line' id='line_1_27' title="bbox 373 3003 1728 3086; baseline 0 -20"><span class='ocrx_word' id='word_1_246' title='bbox 373 3006 519 3080; x_wconf 90' lang='lat' dir='ltr'><strong>uicnlata,</strong></span> <span class='ocrx_word' id='word_1_247' title='bbox 543 3006 647 3079; x_wconf 86' lang='lat' dir='ltr'><strong>bifida,</strong></span> <span class='ocrx_word' id='word_1_248' title='bbox 676 3007 782 3084; x_wconf 88' lang='lat' dir='ltr'><strong>gibba,</strong></span> <span class='ocrx_word' id='word_1_249' title='bbox 818 3006 922 3086; x_wconf 90' lang='lat' dir='ltr'><strong>plena;</strong></span> <span class='ocrx_word' id='word_1_250' title='bbox 956 3025 993 3066; x_wconf 90' lang='lat' dir='ltr'><strong>ea</strong></span> <span class='ocrx_word' id='word_1_251' title='bbox 1014 3005 1200 3085; x_wconf 90' lang='lat' dir='ltr'><strong>ingeniosam</strong></span> <span class='ocrx_word' id='word_1_252' title='bbox 1223 3004 1425 3085; x_wconf 88' lang='lat' dir='ltr'><strong>conjecturam</strong></span> <span class='ocrx_word' id='word_1_253' title='bbox 1448 3003 1557 3068; x_wconf 90' lang='lat' dir='ltr'><strong>habet:</strong></span> <span class='ocrx_word' id='word_1_254' title='bbox 1582 3014 1616 3069; x_wconf 92' lang='lat' dir='ltr'><strong>nt</strong></span> <span class='ocrx_word' id='word_1_255' title='bbox 1638 3005 1728 3068; x_wconf 90' lang='lat' dir='ltr'><strong>mirer</strong></span> 
     </span>
     <span class='ocr_line' id='line_1_28' title="bbox 372 3093 1727 3176; baseline -0.001 -20"><span class='ocrx_word' id='word_1_256' title='bbox 372 3094 423 3175; x_wconf 92' lang='lat' dir='ltr'><strong>qni</strong></span> <span class='ocrx_word' id='word_1_257' title='bbox 447 3095 514 3169; x_wconf 89' lang='lat' dir='ltr'><strong>liat,</strong></span> <span class='ocrx_word' id='word_1_258' title='bbox 546 3104 580 3156; x_wconf 94' lang='lat' dir='ltr'><strong>nt</strong></span> <span class='ocrx_word' id='word_1_259' title='bbox 603 3096 748 3173; x_wconf 88' lang='lat' dir='ltr'><strong>astrologi</strong></span> <span class='ocrx_word' id='word_1_260' title='bbox 779 3115 845 3156; x_wconf 91' lang='lat' dir='ltr'><strong>eam</strong></span> <span class='ocrx_word' id='word_1_261' title='bbox 878 3113 936 3155; x_wconf 94' lang='lat' dir='ltr'><strong>non</strong></span> <span class='ocrx_word' id='word_1_262' title='bbox 969 3094 1031 3156; x_wconf 90' lang='lat' dir='ltr'><strong>siut</strong></span> <span class='ocrx_word' id='word_1_263' title='bbox 1060 3095 1173 3170; x_wconf 89' lang='lat' dir='ltr'><strong>secuti,</strong></span> <span class='ocrx_word' id='word_1_264' title='bbox 1206 3114 1272 3156; x_wconf 91' lang='lat' dir='ltr'><strong>cnm</strong></span> <span class='ocrx_word' id='word_1_265' title='bbox 1302 3093 1437 3155; x_wconf 90' lang='lat' dir='ltr'><strong>rationes</strong></span> <span class='ocrx_word' id='word_1_266' title='bbox 1471 3094 1598 3174; x_wconf 88' lang='lat' dir='ltr'><strong>undique</strong></span> <span class='ocrx_word' id='word_1_267' title='bbox 1632 3114 1727 3176; x_wconf 90' lang='lat' dir='ltr'><strong>qnae-</strong></span> 
     </span>
     <span class='ocr_line' id='line_1_29' title="bbox 368 3183 1728 3263; baseline 0 -18"><span class='ocrx_word' id='word_1_268' title='bbox 368 3184 480 3246; x_wconf 89' lang='lat' dir='ltr'><strong>sieriut</strong></span> <span class='ocrx_word' id='word_1_269' title='bbox 508 3184 606 3246; x_wconf 83' lang='lat' dir='ltr'><strong>auxie.</strong></span> <span class='ocrx_word' id='word_1_270' title='bbox 653 3185 797 3246; x_wconf 83' lang='lat' dir='ltr'><strong>Fortasse</strong></span> <span class='ocrx_word' id='word_1_271' title='bbox 821 3184 940 3263; x_wconf 90' lang='lat' dir='ltr'><strong>quidem</strong></span> <span class='ocrx_word' id='word_1_272' title='bbox 964 3202 1066 3245; x_wconf 88' lang='lat' dir='ltr'><strong>verum</strong></span> <span class='ocrx_word' id='word_1_273' title='bbox 1089 3192 1153 3258; x_wconf 89' lang='lat' dir='ltr'><strong>est,</strong></span> <span class='ocrx_word' id='word_1_274' title='bbox 1186 3185 1358 3262; x_wconf 90' lang='lat' dir='ltr'><strong>astrologos</strong></span> <span class='ocrx_word' id='word_1_275' title='bbox 1390 3183 1447 3244; x_wconf 90' lang='lat' dir='ltr'><strong>hac</strong></span> <span class='ocrx_word' id='word_1_276' title='bbox 1480 3184 1636 3246; x_wconf 89' lang='lat' dir='ltr'><strong>occasione</strong></span> <span class='ocrx_word' id='word_1_277' title='bbox 1670 3184 1728 3245; x_wconf 92' lang='lat' dir='ltr'><strong>ad-</strong></span> 
     </span>
     <span class='ocr_line' id='line_1_30' title="bbox 368 3265 1778 3354; baseline -0.001 -19"><span class='ocrx_word' id='word_1_278' title='bbox 368 3273 503 3335; x_wconf 91' lang='lat' dir='ltr'><strong>monitos</strong></span> <span class='ocrx_word' id='word_1_279' title='bbox 528 3273 565 3334; x_wconf 92' lang='lat' dir='ltr'><strong>de</strong></span> <span class='ocrx_word' id='word_1_280' title='bbox 589 3273 779 3353; x_wconf 90' lang='lat' dir='ltr'><strong>aspectibns;</strong></span> <span class='ocrx_word' id='word_1_281' title='bbox 809 3273 909 3354; x_wconf 91' lang='lat' dir='ltr'><strong>itaque</strong></span> <span class='ocrx_word' id='word_1_282' title='bbox 938 3274 1033 3353; x_wconf 91' lang='lat' dir='ltr'><strong>(qnod</strong></span> <span class='ocrx_word' id='word_1_283' title='bbox 1060 3272 1132 3334; x_wconf 90' lang='lat' dir='ltr'><strong>alibi</strong></span> <span class='ocrx_word' id='word_1_284' title='bbox 1155 3272 1246 3335; x_wconf 92' lang='lat' dir='ltr'><strong>Picus</strong></span> <span class='ocrx_word' id='word_1_285' title='bbox 1270 3272 1433 3352; x_wconf 87' lang='lat' dir='ltr'><strong>astrologis</strong></span> <span class='ocrx_word' id='word_1_286' title='bbox 1455 3272 1583 3335; x_wconf 87' lang='lat' dir='ltr'><strong>irrideus</strong></span> <span class='ocrx_word' id='word_1_287' title='bbox 1606 3272 1728 3347; x_wconf 90' lang='lat' dir='ltr'><strong>tribuit)</strong></span> <span class='ocrx_word' id='word_1_288' title='bbox 1775 3265 1778 3274; x_wconf 72' lang='grc'><em>’</em></span> 
     </span>
     <span class='ocr_line' id='line_1_31' title="bbox 368 3361 1728 3442; baseline -0.001 -17"><span class='ocrx_word' id='word_1_289' title='bbox 368 3372 404 3425; x_wconf 93' lang='lat' dir='ltr'><strong>nt</strong></span> <span class='ocrx_word' id='word_1_290' title='bbox 428 3362 515 3423; x_wconf 90' lang='lat' dir='ltr'><strong>navis</strong></span> <span class='ocrx_word' id='word_1_291' title='bbox 540 3362 689 3424; x_wconf 87' lang='lat' dir='ltr'><strong>interdum</strong></span> <span class='ocrx_word' id='word_1_292' title='bbox 712 3370 895 3442; x_wconf 84' lang='lat' dir='ltr'><strong>tempestate</strong></span> <span class='ocrx_word' id='word_1_293' title='bbox 919 3364 949 3425; x_wconf 93' lang='lat' dir='ltr'><strong>in</strong></span> <span class='ocrx_word' id='word_1_294' title='bbox 972 3371 1091 3441; x_wconf 90' lang='lat' dir='ltr'><strong>portum</strong></span> <span class='ocrx_word' id='word_1_295' title='bbox 1115 3362 1226 3442; x_wconf 87' lang='lat' dir='ltr'><strong>agitur,</strong></span> <span class='ocrx_word' id='word_1_296' title='bbox 1250 3362 1294 3424; x_wconf 89' lang='lat' dir='ltr'><strong>sic</strong></span> <span class='ocrx_word' id='word_1_297' title='bbox 1317 3362 1372 3424; x_wconf 91' lang='lat' dir='ltr'><strong>hos</strong></span> <span class='ocrx_word' id='word_1_298' title='bbox 1396 3381 1495 3425; x_wconf 87' lang='lat' dir='ltr'><strong>errore</strong></span> <span class='ocrx_word' id='word_1_299' title='bbox 1516 3362 1546 3424; x_wconf 92' lang='lat' dir='ltr'><strong>in</strong></span> <span class='ocrx_word' id='word_1_300' title='bbox 1566 3361 1728 3425; x_wconf 88' lang='lat' dir='ltr'><strong>veritatem</strong></span> 
     </span>
     <span class='ocr_line' id='line_1_32' title="bbox 366 3451 1520 3533; baseline -0.002 -18"><span class='ocrx_word' id='word_1_301' title='bbox 366 3460 478 3515; x_wconf 91' lang='lat' dir='ltr'><strong>actos:</strong></span> <span class='ocrx_word' id='word_1_302' title='bbox 504 3471 573 3514; x_wconf 91' lang='lat' dir='ltr'><strong>nam</strong></span> <span class='ocrx_word' id='word_1_303' title='bbox 595 3452 755 3533; x_wconf 88' lang='lat' dir='ltr'><strong>pleraeque</strong></span> <span class='ocrx_word' id='word_1_304' title='bbox 779 3453 909 3515; x_wconf 92' lang='lat' dir='ltr'><strong>omnium</strong></span> <span class='ocrx_word' id='word_1_305' title='bbox 932 3452 1041 3513; x_wconf 87' lang='lat' dir='ltr'><strong>artium</strong></span> <span class='ocrx_word' id='word_1_306' title='bbox 1064 3451 1251 3514; x_wconf 85' lang='lat' dir='ltr'><strong>inventiones</strong></span> <span class='ocrx_word' id='word_1_307' title='bbox 1275 3451 1417 3513; x_wconf 87' lang='lat' dir='ltr'><strong>fortuitae</strong></span> <span class='ocrx_word' id='word_1_308' title='bbox 1441 3458 1520 3514; x_wconf 90' lang='lat' dir='ltr'><strong>sunt.</strong></span> 
     </span>
    </p>
   </div>
   <div class='ocr_carea' id='block_1_5' title="bbox 955 3913 1151 4015">
    <p class='ocr_par' dir='ltr' id='par_1_7' title="bbox 955 3913 1151 4015">
     <span class='ocr_line' id='line_1_33' title="bbox 955 3913 1151 4015; baseline -0.01 -25"><span class='ocrx_word' id='word_1_309' title='bbox 955 3916 1075 4015; x_wconf 90' lang='lat' dir='ltr'><strong>Caput</strong></span> <span class='ocrx_word' id='word_1_310' title='bbox 1100 3913 1151 3989; x_wconf 91' lang='lat' dir='ltr'><strong>X.</strong></span> 
     </span>
    </p>
   </div>
   <div class='ocr_carea' id='block_1_6' title="bbox 413 4092 1759 4267">
    <p class='ocr_par' dir='ltr' id='par_1_8' title="bbox 413 4092 1759 4267">
     <span class='ocr_line' id='line_1_34' title="bbox 413 4092 1695 4179; baseline -0.002 -22"><span class='ocrx_word' id='word_1_311' title='bbox 413 4092 579 4173; x_wconf 76' lang='lat' dir='ltr'><strong>Quatenus</strong></span> <span class='ocrx_word' id='word_1_312' title='bbox 600 4092 678 4159; x_wconf 83' lang='lat' dir='ltr'><strong>locis</strong></span> <span class='ocrx_word' id='word_1_313' title='bbox 698 4095 845 4179; x_wconf 61' lang='lat' dir='ltr'><strong>eipmjeri</strong></span> <span class='ocrx_word' id='word_1_314' title='bbox 866 4114 888 4157; x_wconf 89' lang='lat' dir='ltr'><strong>o</strong></span> <span class='ocrx_word' id='word_1_315' title='bbox 904 4094 1111 4176; x_wconf 77' lang='lat' dir='ltr'><strong>ploaetomm</strong></span> <span class='ocrx_word' id='word_1_316' title='bbox 1133 4092 1356 4175; x_wconf 66' lang='lat' dir='ltr'><strong>comprecemur,</strong></span> <span class='ocrx_word' id='word_1_317' title='bbox 1380 4092 1434 4175; x_wconf 81' lang='lat' dir='ltr'><strong>qai</strong></span> <span class='ocrx_word' id='word_1_318' title='bbox 1456 4094 1512 4156; x_wconf 81' lang='lat' dir='ltr'><strong>aab</strong></span> <span class='ocrx_word' id='word_1_319' title='bbox 1535 4093 1580 4155; x_wconf 81' lang='lat' dir='ltr'><strong>iia</strong></span> <span class='ocrx_word' id='word_1_320' title='bbox 1599 4092 1695 4176; x_wconf 75' lang='lat' dir='ltr'><strong>fiant,</strong></span> 
     </span>
     <span class='ocr_line' id='line_1_35' title="bbox 821 4182 1759 4267; baseline -0.004 -20"><span class='ocrx_word' id='word_1_321' title='bbox 821 4183 946 4267; x_wconf 80' lang='lat' dir='ltr'><strong>aliquid</strong></span> <span class='ocrx_word' id='word_1_322' title='bbox 967 4184 1115 4247; x_wconf 79' lang='lat' dir='ltr'><strong>momerrti</strong></span> <span class='ocrx_word' id='word_1_323' title='bbox 1137 4182 1290 4247; x_wconf 71' lang='lat' dir='ltr'><strong>accedat!</strong></span> <span class='ocrx_word' id='word_1_324' title='bbox 1720 4205 1721 4210; x_wconf 48' lang='lat'>¹</span> <span class='ocrx_word' id='word_1_325' title='bbox 1757 4193 1759 4200; x_wconf 89' lang='lat'>&#39;</span> 
     </span>
    </p>
   </div>
   <div class='ocr_carea' id='block_1_7' title="bbox 369 4340 1755 5229">
    <p class='ocr_par' dir='ltr' id='par_1_9' title="bbox 369 4340 1755 5229">
     <span class='ocr_line' id='line_1_36' title="bbox 466 4340 1727 4425; baseline 0.001 -23"><span class='ocrx_word' id='word_1_326' title='bbox 466 4340 538 4403; x_wconf 82' lang='lat' dir='ltr'><strong>Dixi</strong></span> <span class='ocrx_word' id='word_1_327' title='bbox 560 4344 684 4422; x_wconf 83' lang='lat' dir='ltr'><strong>prolixe,</strong></span> <span class='ocrx_word' id='word_1_328' title='bbox 709 4345 779 4425; x_wconf 93' lang='lat' dir='ltr'><strong>qnid</strong></span> <span class='ocrx_word' id='word_1_329' title='bbox 801 4344 973 4424; x_wconf 91' lang='lat' dir='ltr'><strong>aspectibus</strong></span> <span class='ocrx_word' id='word_1_330' title='bbox 994 4352 1025 4405; x_wconf 91' lang='lat' dir='ltr'><strong>et</strong></span> <span class='ocrx_word' id='word_1_331' title='bbox 1038 4342 1117 4405; x_wconf 89' lang='lat' dir='ltr'><strong>inter</strong></span> <span class='ocrx_word' id='word_1_332' title='bbox 1130 4344 1186 4406; x_wconf 94' lang='lat' dir='ltr'><strong>hos</strong></span> <span class='ocrx_word' id='word_1_333' title='bbox 1201 4341 1458 4423; x_wconf 86' lang='lat' dir='ltr'><strong>conjunctionibus</strong></span> <span class='ocrx_word' id='word_1_334' title='bbox 1472 4340 1611 4406; x_wconf 88' lang='lat' dir='ltr'><strong>tribuam.</strong></span> <span class='ocrx_word' id='word_1_335' title='bbox 1656 4340 1727 4403; x_wconf 85' lang='lat' dir='ltr'><strong>Jam</strong></span> 
     </span>
     <span class='ocr_line' id='line_1_37' title="bbox 369 4430 1728 4514; baseline -0.003 -19"><span class='ocrx_word' id='word_1_336' title='bbox 369 4430 475 4495; x_wconf 86' lang='lat' dir='ltr'><strong>tribus</strong></span> <span class='ocrx_word' id='word_1_337' title='bbox 499 4432 598 4496; x_wconf 91' lang='lat' dir='ltr'><strong>verbis</strong></span> <span class='ocrx_word' id='word_1_338' title='bbox 622 4435 713 4497; x_wconf 93' lang='lat' dir='ltr'><strong>etiam</strong></span> <span class='ocrx_word' id='word_1_339' title='bbox 737 4435 774 4495; x_wconf 94' lang='lat' dir='ltr'><strong>de</strong></span> <span class='ocrx_word' id='word_1_340' title='bbox 804 4434 880 4514; x_wconf 91' lang='lat' dir='ltr'><strong>ipsis</strong></span> <span class='ocrx_word' id='word_1_341' title='bbox 903 4433 1141 4514; x_wconf 90' lang='lat' dir='ltr'><strong>conjunctionum</strong></span> <span class='ocrx_word' id='word_1_342' title='bbox 1174 4433 1247 4494; x_wconf 91' lang='lat' dir='ltr'><strong>locis</strong></span> <span class='ocrx_word' id='word_1_343' title='bbox 1281 4441 1330 4494; x_wconf 91' lang='lat' dir='ltr'><strong>est</strong></span> <span class='ocrx_word' id='word_1_344' title='bbox 1362 4430 1532 4507; x_wconf 88' lang='lat' dir='ltr'><strong>dicendum,</strong></span> <span class='ocrx_word' id='word_1_345' title='bbox 1564 4440 1661 4493; x_wconf 90' lang='lat' dir='ltr'><strong>utrum</strong></span> <span class='ocrx_word' id='word_1_346' title='bbox 1691 4449 1728 4491; x_wconf 85' lang='lat' dir='ltr'><strong>ea</strong></span> 
     </span>
     <span class='ocr_line' id='line_1_38' title="bbox 369 4518 1727 4603; baseline -0.001 -21"><span class='ocrx_word' id='word_1_347' title='bbox 369 4538 451 4602; x_wconf 88' lang='lat' dir='ltr'><strong>pars</strong></span> <span class='ocrx_word' id='word_1_348' title='bbox 473 4522 619 4601; x_wconf 89' lang='lat' dir='ltr'><strong>sphaerae</strong></span> <span class='ocrx_word' id='word_1_349' title='bbox 643 4525 780 4597; x_wconf 81' lang='lat' dir='ltr'><strong>lixarum,</strong></span> <span class='ocrx_word' id='word_1_350' title='bbox 814 4525 868 4586; x_wconf 90' lang='lat' dir='ltr'><strong>snb</strong></span> <span class='ocrx_word' id='word_1_351' title='bbox 892 4542 950 4603; x_wconf 91' lang='lat' dir='ltr'><strong>qua</strong></span> <span class='ocrx_word' id='word_1_352' title='bbox 973 4522 1034 4585; x_wconf 92' lang='lat' dir='ltr'><strong>bini</strong></span> <span class='ocrx_word' id='word_1_353' title='bbox 1057 4522 1198 4602; x_wconf 86' lang='lat' dir='ltr'><strong>planetae</strong></span> <span class='ocrx_word' id='word_1_354' title='bbox 1221 4520 1465 4602; x_wconf 88' lang='lat' dir='ltr'><strong>congrediuntur,</strong></span> <span class='ocrx_word' id='word_1_355' title='bbox 1495 4519 1555 4581; x_wconf 88' lang='lat' dir='ltr'><strong>vim</strong></span> <span class='ocrx_word' id='word_1_356' title='bbox 1578 4518 1727 4601; x_wconf 86' lang='lat' dir='ltr'><strong>quandam</strong></span> 
     </span>
     <span class='ocr_line' id='line_1_39' title="bbox 371 4604 1726 4691; baseline -0.002 -18"><span class='ocrx_word' id='word_1_357' title='bbox 371 4610 448 4673; x_wconf 89' lang='lat' dir='ltr'><strong>inde</strong></span> <span class='ocrx_word' id='word_1_358' title='bbox 478 4612 649 4691; x_wconf 89' lang='lat' dir='ltr'><strong>concipiat?</strong></span> <span class='ocrx_word' id='word_1_359' title='bbox 693 4613 751 4674; x_wconf 91' lang='lat' dir='ltr'><strong>Hic</strong></span> <span class='ocrx_word' id='word_1_360' title='bbox 778 4613 867 4676; x_wconf 91' lang='lat' dir='ltr'><strong>Picus</strong></span> <span class='ocrx_word' id='word_1_361' title='bbox 897 4613 968 4687; x_wconf 86' lang='lat' dir='ltr'><strong>(VI,</strong></span> <span class='ocrx_word' id='word_1_362' title='bbox 1002 4608 1049 4685; x_wconf 82' lang='grc'><strong>4.)</strong></span> <span class='ocrx_word' id='word_1_363' title='bbox 1079 4630 1116 4672; x_wconf 87' lang='lat' dir='ltr'><strong>ex</strong></span> <span class='ocrx_word' id='word_1_364' title='bbox 1146 4611 1272 4674; x_wconf 89' lang='lat' dir='ltr'><strong>Pauetio</strong></span> <span class='ocrx_word' id='word_1_365' title='bbox 1303 4618 1335 4672; x_wconf 93' lang='lat' dir='ltr'><strong>et</strong></span> <span class='ocrx_word' id='word_1_366' title='bbox 1363 4604 1534 4682; x_wconf 80' lang='lat' dir='ltr'><strong>Plotino¹²)</strong></span> <span class='ocrx_word' id='word_1_367' title='bbox 1566 4608 1726 4672; x_wconf 93' lang='lat' dir='ltr'><strong>cachinnos</strong></span> 
     </span>
     <span class='ocr_line' id='line_1_40' title="bbox 371 4698 1726 4781; baseline -0.003 -20"><span class='ocrx_word' id='word_1_368' title='bbox 371 4698 503 4780; x_wconf 84' lang='lat' dir='ltr'><strong>profert,</strong></span> <span class='ocrx_word' id='word_1_369' title='bbox 528 4701 731 4765; x_wconf 90' lang='lat' dir='ltr'><strong>deridentibus</strong></span> <span class='ocrx_word' id='word_1_370' title='bbox 754 4704 933 4781; x_wconf 90' lang='lat' dir='ltr'><strong>astrologos,</strong></span> <span class='ocrx_word' id='word_1_371' title='bbox 959 4701 1036 4781; x_wconf 89' lang='lat' dir='ltr'><strong>qnod</strong></span> <span class='ocrx_word' id='word_1_372' title='bbox 1060 4700 1261 4781; x_wconf 87' lang='lat' dir='ltr'><strong>proprietates</strong></span> <span class='ocrx_word' id='word_1_373' title='bbox 1279 4700 1328 4761; x_wconf 91' lang='lat' dir='ltr'><strong>vel</strong></span> <span class='ocrx_word' id='word_1_374' title='bbox 1351 4699 1502 4779; x_wconf 89' lang='lat' dir='ltr'><strong>signorum</strong></span> <span class='ocrx_word' id='word_1_375' title='bbox 1525 4698 1564 4759; x_wconf 93' lang='lat' dir='ltr'><strong>ad</strong></span> <span class='ocrx_word' id='word_1_376' title='bbox 1587 4698 1726 4777; x_wconf 88' lang='lat' dir='ltr'><strong>planetas</strong></span> 
     </span>
     <span class='ocr_line' id='line_1_41' title="bbox 372 4785 1724 4871; baseline -0.001 -22"><span class='ocrx_word' id='word_1_377' title='bbox 372 4788 427 4849; x_wconf 93' lang='lat' dir='ltr'><strong>vel</strong></span> <span class='ocrx_word' id='word_1_378' title='bbox 451 4789 554 4853; x_wconf 89' lang='lat' dir='ltr'><strong>homm</strong></span> <span class='ocrx_word' id='word_1_379' title='bbox 578 4792 617 4854; x_wconf 90' lang='lat' dir='ltr'><strong>ad</strong></span> <span class='ocrx_word' id='word_1_380' title='bbox 640 4792 692 4854; x_wconf 91' lang='lat' dir='ltr'><strong>illa</strong></span> <span class='ocrx_word' id='word_1_381' title='bbox 719 4811 772 4871; x_wconf 91' lang='lat' dir='ltr'><strong>per</strong></span> <span class='ocrx_word' id='word_1_382' title='bbox 800 4800 917 4854; x_wconf 85' lang='lat' dir='ltr'><strong>tanturn</strong></span> <span class='ocrx_word' id='word_1_383' title='bbox 947 4790 1049 4852; x_wconf 90' lang='lat' dir='ltr'><strong>mnndi</strong></span> <span class='ocrx_word' id='word_1_384' title='bbox 1080 4790 1211 4869; x_wconf 90' lang='lat' dir='ltr'><strong>spatium</strong></span> <span class='ocrx_word' id='word_1_385' title='bbox 1241 4789 1394 4868; x_wconf 90' lang='lat' dir='ltr'><strong>pervenire</strong></span> <span class='ocrx_word' id='word_1_386' title='bbox 1424 4806 1513 4868; x_wconf 92' lang='lat' dir='ltr'><strong>posse</strong></span> <span class='ocrx_word' id='word_1_387' title='bbox 1537 4785 1724 4849; x_wconf 86' lang='lat' dir='ltr'><strong>existiment:</strong></span> 
     </span>
     <span class='ocr_line' id='line_1_42' title="bbox 372 4873 1755 4957; baseline -0.005 -15"><span class='ocrx_word' id='word_1_388' title='bbox 372 4884 493 4942; x_wconf 88' lang='lat' dir='ltr'><strong>certum</strong></span> <span class='ocrx_word' id='word_1_389' title='bbox 525 4880 617 4956; x_wconf 92' lang='lat' dir='ltr'><strong>euim,</strong></span> <span class='ocrx_word' id='word_1_390' title='bbox 651 4882 863 4944; x_wconf 90' lang='lat' dir='ltr'><strong>inaestimabili</strong></span> <span class='ocrx_word' id='word_1_391' title='bbox 895 4880 1053 4942; x_wconf 91' lang='lat' dir='ltr'><strong>intervallo</strong></span> <span class='ocrx_word' id='word_1_392' title='bbox 1084 4879 1198 4941; x_wconf 90' lang='lat' dir='ltr'><strong>distare</strong></span> <span class='ocrx_word' id='word_1_393' title='bbox 1228 4878 1366 4957; x_wconf 89' lang='lat' dir='ltr'><strong>planetas</strong></span> <span class='ocrx_word' id='word_1_394' title='bbox 1399 4898 1417 4940; x_wconf 89' lang='lat' dir='ltr'><strong>a</strong></span> <span class='ocrx_word' id='word_1_395' title='bbox 1445 4876 1523 4950; x_wconf 83' lang='lat' dir='ltr'><strong>lixis.</strong></span> <span class='ocrx_word' id='word_1_396' title='bbox 1567 4874 1610 4937; x_wconf 84' lang='lat' dir='ltr'><strong>Et</strong></span> <span class='ocrx_word' id='word_1_397' title='bbox 1641 4873 1726 4936; x_wconf 88' lang='lat' dir='ltr'><strong>addit</strong></span> <span class='ocrx_word' id='word_1_398' title='bbox 1752 4888 1755 4893; x_wconf 87' lang='grc'><strong><em>·</em></strong></span> 
     </span>
     <span class='ocr_line' id='line_1_43' title="bbox 372 4962 1725 5051; baseline -0.004 -20"><span class='ocrx_word' id='word_1_399' title='bbox 372 4967 469 5031; x_wconf 92' lang='lat' dir='ltr'><strong>Picus</strong></span> <span class='ocrx_word' id='word_1_400' title='bbox 492 4989 577 5032; x_wconf 85' lang='lat' dir='ltr'><strong>suam</strong></span> <span class='ocrx_word' id='word_1_401' title='bbox 600 4989 716 5051; x_wconf 89' lang='lat' dir='ltr'><strong>quoque</strong></span> <span class='ocrx_word' id='word_1_402' title='bbox 739 4972 902 5033; x_wconf 89' lang='lat' dir='ltr'><strong>rationem:</strong></span> <span class='ocrx_word' id='word_1_403' title='bbox 937 4968 963 5031; x_wconf 89' lang='lat' dir='ltr'><strong>si</strong></span> <span class='ocrx_word' id='word_1_404' title='bbox 988 4968 1162 5048; x_wconf 82' lang='lat' dir='ltr'><strong>contingat,</strong></span> <span class='ocrx_word' id='word_1_405' title='bbox 1193 4968 1304 5029; x_wconf 91' lang='lat' dir='ltr'><strong>unllam</strong></span> <span class='ocrx_word' id='word_1_406' title='bbox 1336 4986 1403 5029; x_wconf 91' lang='lat' dir='ltr'><strong>esse</strong></span> <span class='ocrx_word' id='word_1_407' title='bbox 1435 4965 1555 5027; x_wconf 88' lang='lat' dir='ltr'><strong>stellam</strong></span> <span class='ocrx_word' id='word_1_408' title='bbox 1584 4964 1673 5025; x_wconf 86' lang='lat' dir='ltr'><strong>lixam</strong></span> <span class='ocrx_word' id='word_1_409' title='bbox 1695 4962 1725 5025; x_wconf 93' lang='lat' dir='ltr'><strong>iu</strong></span> 
     </span>
     <span class='ocr_line' id='line_1_44' title="bbox 375 5052 1725 5142; baseline -0.003 -22"><span class='ocrx_word' id='word_1_410' title='bbox 375 5059 447 5120; x_wconf 92' lang='lat' dir='ltr'><strong>loco</strong></span> <span class='ocrx_word' id='word_1_411' title='bbox 471 5077 659 5139; x_wconf 87' lang='lat' dir='ltr'><strong>congressus,</strong></span> <span class='ocrx_word' id='word_1_412' title='bbox 684 5079 824 5142; x_wconf 91' lang='lat' dir='ltr'><strong>quorsum</strong></span> <span class='ocrx_word' id='word_1_413' title='bbox 846 5079 916 5141; x_wconf 90' lang='lat' dir='ltr'><strong>ergo</strong></span> <span class='ocrx_word' id='word_1_414' title='bbox 940 5058 1041 5140; x_wconf 88' lang='lat' dir='ltr'><strong>recipi,</strong></span> <span class='ocrx_word' id='word_1_415' title='bbox 1067 5058 1097 5121; x_wconf 91' lang='lat' dir='ltr'><strong>in</strong></span> <span class='ocrx_word' id='word_1_416' title='bbox 1120 5075 1177 5138; x_wconf 94' lang='lat' dir='ltr'><strong>quo</strong></span> <span class='ocrx_word' id='word_1_417' title='bbox 1200 5075 1254 5118; x_wconf 89' lang='lat' dir='ltr'><strong>ceu</strong></span> <span class='ocrx_word' id='word_1_418' title='bbox 1277 5056 1410 5138; x_wconf 90' lang='lat' dir='ltr'><strong>subjecto</strong></span> <span class='ocrx_word' id='word_1_419' title='bbox 1425 5056 1547 5118; x_wconf 85' lang='lat' dir='ltr'><strong>haerere</strong></span> <span class='ocrx_word' id='word_1_420' title='bbox 1565 5053 1626 5115; x_wconf 92' lang='lat' dir='ltr'><strong>vim</strong></span> <span class='ocrx_word' id='word_1_421' title='bbox 1649 5052 1725 5116; x_wconf 92' lang='lat' dir='ltr'><strong>hauc</strong></span> 
     </span>
     <span class='ocr_line' id='line_1_45' title="bbox 376 5146 618 5229; baseline 0.008 -18"><span class='ocrx_word' id='word_1_422' title='bbox 376 5146 618 5229; x_wconf 84' lang='lat' dir='ltr'><strong>conjunctionis?</strong></span> 
     </span>
    </p>
   </div>
   <div class='ocr_carea' id='block_1_8' title="bbox 0 0 2297 6192">
    <p class='ocr_par' dir='ltr' id='par_1_10' title="bbox 0 0 2297 6192">
     <span class='ocr_line' id='line_1_46' title="bbox 0 0 2297 6192; baseline 0 0"><span class='ocrx_word' id='word_1_423' title='bbox 0 0 2297 6192; x_wconf 95' lang='lat' dir='ltr'><strong> </strong></span> 
     </span>
    </p>
   </div>
  </div>
 </body>
</html>
