4584 6192
1076 600 1160 667 cuv
1182 593 1240 651 vn.
1773 600 1838 670 aaa

483 771 575 858 quarn
590 775 637 837 'ab
661 773 818 838 elementia
841 794 923 838 mero
947 776 1072 836 arbitrio
1102 775 1330 849 vindicaverim,
1362 795 1381 837 a
1413 769 1512 859 rerum
1540 793 1611 838 vero
1641 784 1750 841 natura
1780 778 1838 841 ab·

481 863 632 926 duxerim:
661 866 728 945 jure
761 866 868 926 merito
900 883 1029 943 quaeras
1062 865 1204 943 amplius,
1236 867 1358 927 nullane
1378 867 1550 943 'praeterea
1583 867 1729 927 naturalis
1759 868 1838 930 ratio

480 962 636 1033 suppetat,
659 973 719 1033 qua
741 955 823 1014 trina
845 953 932 1033 sigua
957 954 984 1013 iu
1009 953 1151 1030 trianguli
1177 954 1272 1014 torma
1290 953 1487 1032 copulentur?
1618 1032 1621 1038 Ι

569 1042 676 1121 ltaque
709 1042 957 1121 quemadmodum
989 1059 1081 1119 supra
1113 1042 1150 1101 de
1173 1042 1243 1120 ipsa
1275 1040 1389 1103 zodiaci
1425 1042 1560 1102 sectione
1593 1042 1722 1112 dictum,
1759 1044 1839 1123 quod

479 1137 591 1190 natura
614 1130 732 1209 quidem
758 1132 824 1209 ipsa
847 1131 876 1191 in
900 1129 1054 1208 praecisas
1082 1128 1120 1191 12
1143 1139 1248 1208 partes
1272 1132 1368 1208 ipsum
1394 1148 1451 1191 non
1481 1130 1612 1202 dividat,
1648 1132 1700 1192 sed
1734 1139 1836 1194 tamen

478 1219 654 1280 occasiones
688 1219 831 1280 exhibeat
862 1220 948 1297 hujus
983 1218 1191 1296 suscipiendae
1224 1220 1394 1294 divisionis,
1428 1219 1497 1280 dum
1530 1218 1617 1280 Luna
1653 1217 1692 1281 12
1722 1221 1838 1283 zodiaci

478 1306 555 1367 locis
578 1306 712 1386 quolibet
735 1327 813 1369 anno
836 1327 902 1368 cum
927 1307 998 1366 Sole
1022 1308 1230 1383 congreditur:
1257 1308 1300 1369 ita
1323 1308 1380 1368 etsi
1397 1307 1501 1367 eadem
1515 1316 1646 1367 motuum
1661 1308 1837 1371 coelestium

477 1402 588 1456 natura
612 1395 757 1474 trigouos,
784 1397 828 1457 ita
851 1397 893 1457 uti
919 1395 1045 1456 suntab
1064 1397 1235 1457 auctoribus
1260 1397 1427 1463 constituti,
1443 1396 1481 1455 ad
1497 1414 1625 1473 unguem
1640 1414 1699 1456 non
1720 1397 1836 1459 descri-

478 1482 533 1556 bit,
557 1483 733 1545 occasiones
758 1496 858 1546 tameu
882 1485 1093 1545 subministrat
1117 1485 1171 1545 hos
1204 1486 1339 1565 trigenos
1368 1484 1557 1545 observandi.
1604 1478 1625 1560 li
1653 1484 1730 1545 enim
1755 1496 1785 1546 et
1807 1485 1838 1560 21

477 1571 619 1633 altissimi
643 1574 785 1651 planetae
810 1574 895 1633 binos
919 1573 1070 1651 proximos
1094 1592 1274 1652 congressus
1298 1583 1417 1651 mutuos
1440 1574 1484 1634 sic
1508 1572 1662 1644 ordinant,
1688 1582 1722 1633 nt
1744 1574 1838 1636 tertia

476 1660 542 1721 tere
566 1662 681 1723 zodiaci
705 1674 792 1740 parte
816 1662 940 1722 distent.
988 1659 1057 1730 Qua
1089 1663 1205 1723 ratione
1237 1664 1379 1737 efficitur,
1412 1668 1447 1723 ut
1479 1661 1612 1740 quolibet
1645 1661 1747 1722 seculo
1778 1662 1838 1724 tria

476 1749 594 1810 zodiaci
622 1752 709 1830 signa
733 1752 771 1810 ab
796 1751 967 1812 auctoribus
992 1750 1047 1810 sub
1072 1770 1159 1812 unum
1183 1752 1333 1831 trigonum
1363 1750 1488 1811 redacta
1515 1741 1837 1827 ex'conjunctionibus

476 1838 662 1917 superiorum
687 1839 876 1919 praecipuam
902 1840 959 1900 vim
985 1840 1141 1900 obtineant
1165 1840 1193 1900 iu
1217 1839 1431 1901 commovenda
1454 1840 1526 1910 (non
1543 1838 1608 1899 dico
1626 1839 1654 1897 iu
1680 1839 1832 1917 cogenda)

476 1935 587 1987 natura
608 1946 706 1988 rerum
729 1928 943 1990 sublunarium.
974 1926 1072 1997 Quam
1097 1930 1281 2008 astrologiae
1304 1939 1422 2006 partem
1443 1925 1579 1988 Joauoes
1602 1926 1692 1989 Picus
1715 1927 1834 1990 Miran-

475 2015 604 2076 dulanus
628 2016 700 2077 mihi
724 2018 852 2078 nondum
873 2017 992 2095 eripuit,
1018 2018 1074 2077 etsi
1095 2017 1256 2097 plerisque,
1282 2037 1358 2097 quae
1382 2016 1466 2078 libris
1489 2013 1529 2078 12
1547 2024 1652 2077 contra
1666 2017 1836 2095 astrologos

476 2102 658 2184 disputavit,
692 2105 792 2167 sobrie
826 2115 863 2167 et·
888 2106 1048 2166 secundum
1080 2107 1213 2166 valorem
1243 2114 1485 2185 argumentomm
1509 2113 1717 2185 usurpatorum
1742 2105 1835 2168 intel-

474 2191 564 2254 lectis
589 2192 753 2256 subscribo.

566 2281 640 2342 Tale
673 2282 810 2362 quippam
843 2289 874 2341 et
897 2281 1000 2342 Lunae
1030 2291 1128 2342 motus
1159 2281 1293 2360 suggerit
1327 2301 1393 2342 cum
1418 2280 1499 2343 Solis
1524 2290 1605 2342 motu
1630 2290 1833 2361 comparatus.

474 2367 564 2431 Luna
587 2371 695 2449 quippe
720 2381 825 2431 tenens
841 2370 992 2444 Arietem,
1018 2390 1095 2431 auno
1116 2389 1174 2431 uno
1198 2371 1334 2431 revoluto
1349 2370 1493 2442 Leonem,
1520 2390 1596 2431 anuo
1615 2374 1711 2432 altero
1728 2372 1835 2450 Sagit-

477 2458 590 2520 tarium
612 2459 730 2520 obtiuet
753 2460 801 2519 vel
825 2459 911 2519 initia
936 2456 1138 2538 Capricorni·

564 2546 636 2609 Jaur
660 2548 752 2626 igitur
774 2556 892 2625 tempus
917 2556 973 2621 est,
999 2557 1031 2607 ut
1054 2548 1182 2608 alteram
1206 2546 1355 2608 notionem
1378 2546 1462 2609 vocis
1479 2547 1625 2625 Trigorrus
1649 2549 1755 2627 igneus
1779 2567 1834 2610 ex-

464 2636 593 2716 plicem,
619 2655 695 2715 quae
719 2636 838 2714 quidem
863 2645 911 2696 est
934 2637 1021 2713 hujus
1047 2637 1103 2696 loci
1128 2636 1259 2715 propria.
1298 2635 1502 2698 Dicuntenim
1522 2638 1667 2715 astrologi
1683 2638 1833 2715 trigonum

474 2724 596 2805 igneum
619 2735 739 2802 tempus
763 2742 906 2785 annorum
930 2721 997 2785 200
1022 2726 1100 2784 fere:
1126 2727 1206 2786 intra
1229 2725 1306 2803 quud
1321 2731 1439 2801 tempus
1454 2744 1633 2799 congressus
1648 2726 1833 2803 superiorum

474 2813 665 2894 planctamm
689 2810 710 2889 ij
735 2821 765 2872 et
788 2812 818 2886 21
843 2813 870 2873 in
902 2813 976 2873 solis
1009 2814 1115 2891 igneae
1150 2813 1335 2892 triplicitatis
1370 2814 1478 2890 signis,
1510 2811 1555 2888 Υ,
1582 2817 1615 2888 il,
1640 2820 1670 2886 ,ὃ
1695 2817 1834 2894 t'rcquen-

474 2912 587 2974 tantur,
612 2913 646 2963 ut
669 2901 755 2962 nobis
779 2903 897 2980 quidem
921 2902 950 2961 in
974 2902 1069 2962 Terra
1092 2902 1298 2963 habitantibus
1326 2911 1489 2980 apparent:
1521 2901 1570 2961 ubi
1594 2904 1767 2982 plerumque
1790 2903 1833 2977 tt,
1884 2927 1892 2949 Ι

474 2999 510 3052 nt
532 2990 707 3071 priusquam
731 2990 810 3050 tardi
836 2989 877 3050 illi
902 2990 948 3050 his
973 2990 1067 3070 signis
1097 2991 1261 3066 excedant,
1292 3009 1396 3051 omnes
1423 2989 1528 3068 reliqui
1556 2991 1696 3068 planetae
1720 2992 1835 3053 subse-

463 3075 607 3159 quantur
630 3088 663 3140 et
686 3097 751 3139 curn
776 3078 872 3140 tardis
898 3079 958 3139 illis
983 3079 1062 3139 intra
1086 3080 1190 3140 horum
1214 3080 1366 3159 signorum
1391 3079 1518 3139 confinia
1541 3079 1769 3159 conjungantur.

567 3165 626 3238 Qui
651 3175 752 3229 autem
776 3167 839 3228 fieri
863 3176 978 3247 posset,
1004 3178 1037 3228 ut
1061 3187 1241 3247 congressus
1264 3170 1448 3248 superiomm
1473 3175 1589 3229 tantum
1614 3169 1644 3228 iu
1669 3169 1753 3229 unius
1777 3168 1835 3230 tri-

473 3256 623 3336 plicitatis
647 3257 735 3333 signa
758 3256 902 3329 incidant,
928 3255 970 3317 sic
994 3257 1126 3335 patebit:
1153 3256 1302 3318 Saturnus
1325 3257 1478 3318 zodiacum
1502 3256 1649 3336 percurrit
1671 3256 1758 3317 armis
1782 3254 1834 3331 30,

472 3344 594 3424 Jupiter
617 3347 704 3406 annis
734 3343 780 3407 12.
827 3349 890 3407 Iter
914 3344 1008 3420 igitur
1032 3365 1160 3406 annuum
1185 3345 1307 3407 Saturni
1336 3355 1384 3405 est
1411 3346 1577 3420 tricesima,
1609 3344 1695 3407 Jovis
1719 3346 1835 3408 duode-

473 3433 553 3495 cima
576 3434 670 3495 totius
685 3433 819 3507 itirreris;
844 3435 929 3494 auter
953 3434 1137 3495 tricesimam
1162 3456 1181 3494 a
1204 3434 1389 3510 duodecima,
1414 3443 1511 3495 restat
1526 3434 1678 3497 vicesima.
1716 3435 1835 3515 Jupiter

472 3522 565 3602 igitur
580 3521 742 3583 Saturnum
758 3523 958 3600 praevertitur
973 3522 1126 3584 annuatim
1143 3524 1288 3584 vicesima
1309 3524 1403 3584 totius
1425 3522 1559 3584 itineris:
1585 3520 1628 3586 20
1642 3522 1734 3601 igitur
1747 3523 1834 3584 annis

475 3609 641 3673 Saturnum
665 3611 762 3671 denuo
787 3611 967 3690 assequitur.
1009 3612 1105 3691 Atqui
1129 3611 1194 3689 ipse
1204 3612 1324 3690 Jupiter
1347 3611 1476 3691 siugulis
1500 3612 1587 3672 annis
1602 3612 1722 3688 singula
1736 3611 1832 3689 sigua,

472 3700 531 3761 hoc
563 3708 611 3760 est
643 3699 835 3760 duodecimas
867 3700 984 3760 zodiaci
1014 3700 1170 3762 emetitur:
1209 3700 1295 3760 aunis
1327 3700 1420 3779 igitur
1442 3698 1485 3763 20
1509 3700 1597 3778 signa
1619 3696 1672 3772 20,
1706 3698 1762 3760 hoo
1785 3709 1836 3761 est

472 3789 621 3867 integrum
650 3788 792 3850 circulum
822 3798 853 3849 et
881 3799 1039 3867 praeterea
1066 3785 1087 3850 8
1111 3788 1198 3866 signa
1229 3795 1381 3868 peragrat.
1429 3786 1478 3847 Sit
1510 3788 1678 3866 conjunctio
1703 3782 1724 3863 ii
1749 3786 1833 3862 etti

471 3877 501 3939 iu
527 3883 558 3949 ,d
581 3897 659 3938 anuo
690 3873 783 3939 1003.
830 3877 957 3937 Exactis
981 3877 1067 3937 aruris
1095 3875 1187 3950 1221
1211 3876 1341 3939 reditio
1366 3871 1445 3952 ,ab
1470 3894 1540 3936 vcro
1569 3877 1599 3937 in
1623 3877 1650 3950 ὅ
1674 3875 1831 3938 subsistit:

472 3973 546 4044 post
568 3985 662 4027 anuos
691 3964 713 4029 8
743 3961 764 4044 ii
791 3987 809 4026 a
832 3967 860 4040 ὅ
884 3965 913 4025 in
938 3968 976 4038 tl,
1000 3964 1029 4039 q
1054 3986 1072 4025 a
1096 3971 1125 4037 ,d
1148 3965 1253 4026 itidem
1277 3966 1305 4027 in
1331 3970 1355 4040 11
1377 3972 1583 4043 promovetur,
1607 3964 1706 4042 ibique
1729 3960 1750 4043 ij
1774 3964 1831 4026 ad-

472 4054 619 4134 ipiscitur.
668 4055 744 4115 Post
766 4056 842 4116 alios
866 4051 910 4114 20
935 4073 1029 4114 anuos
1052 4054 1087 4114 fit
1110 4054 1187 4114 idem
1213 4054 1240 4115 in
1265 4053 1316 4131 Υς
1339 4054 1389 4116 ubi
1408 4052 1493 4114 vides
1516 4052 1595 4114 iuter
1618 4057 1658 4130 ,2,
1690 4056 1715 4127 il
1743 4051 1834 4131 ε1Υ

471 4143 620 4206 interesse
645 4144 834 4222 triangulum.
873 4151 950 4211 (Vide
969 4150 1070 4201 schema
1089 4150 1130 4201 tot.
1152 4148 1225 4213 637.)

562 4231 678 4293 Eadem
708 4232 823 4292 ratione
854 4231 973 4312 patebit
1001 4232 1107 4303 etiarn,
1141 4231 1190 4309 qui
1222 4231 1275 4293 fiat
1307 4237 1341 4292 ut
1372 4248 1551 4309 congressus
1584 4227 1614 4289 hi
1642 4238 1714 4309 post
1737 4250 1833 4300 annos

472 4318 540 4383 200
568 4321 605 4380 de
633 4321 751 4400 trigono
785 4339 842 4381 uno
875 4321 904 4380 in
939 4319 1029 4380 aliurn
1062 4327 1229 4381 transeant.
1276 4320 1356 4382 Nam
1379 4318 1539 4398 quaejam
1562 4318 1599 4380 de
1623 4317 1778 4380 tricesima
1801 4327 1834 4382 et
1937 4335 1941 4346 ·

474 4409 654 4471 duodecima
677 4419 764 4488 parte
785 4409 901 4470 itineris
917 4408 999 4469 dicta
1022 4415 1100 4483 suut,
1127 4427 1165 4469 ea
1187 4427 1245 4469 nou
1268 4407 1406 4487 praecise
1428 4408 1473 4469 ita
1488 4406 1611 4481 habent,
1626 4425 1682 4469 nec
1695 4406 1725 4480 (0
1739 4425 1831 4487 prae-

472 4497 536 4559 ciac
561 4517 627 4558 cum
652 4516 728 4558 anno
752 4498 896 4558 terminat
920 4505 952 4558 et
975 4498 1102 4576 siguum.
1149 4496 1200 4557 Fit
1224 4497 1315 4576 igitur
1337 4504 1371 4557 ut
1393 4494 1454 4557 bini
1472 4513 1652 4575 congressus
1667 4515 1725 4557 non
1740 4513 1832 4576 prae·

471 4585 536 4649 cire
560 4588 654 4648 tertia
676 4595 763 4666 parte
797 4587 925 4659 distent,
960 4586 1013 4646 sed
1038 4581 1081 4648 3ο
1103 4585 1223 4647 circiter
1246 4585 1353 4647 miuus.
1400 4585 1506 4663 Itaque
1538 4578 1581 4648 3ο
1603 4583 1704 4655 decies
1727 4583 1832 4646 multi-

470 4674 578 4755 plicati
602 4675 719 4756 signum
744 4694 832 4735 uuum
857 4674 1029 4747 conficiunt,
1062 4674 1111 4735 ubi
1136 4692 1316 4753 congressus
1342 4671 1383 4735 10
1406 4693 1425 4733 a
1447 4671 1593 4753 principio
1622 4671 1699 4752 sigui
1733 4670 1832 4734 exorsi

471 4763 512 4824 ad
535 4763 624 4824 tinem
648 4762 725 4843 signi
750 4763 957 4836 devolvuntur,
983 4770 1014 4822 et
1038 4761 1196 4823 undecima
1219 4760 1399 4841 repetitione
1423 4762 1461 4822 ad
1484 4760 1664 4841 principium
1678 4758 1834 4840 sequeutia

471 4850 552 4930 signi
574 4858 750 4927 transeunt,
783 4851 863 4931 quod
894 4868 1004 4912 noram
1027 4849 1134 4929 incipit
1156 4849 1373 4930 triplicitatem.
1420 4850 1528 4929 Itaque
1552 4855 1681 4931 quatuor
1702 4847 1833 4929 triplici·

471 4947 574 5014 tates,
609 4940 716 5022 quibus
749 4940 845 5001 omnis
879 4938 1049 5000 continetur
1071 4938 1231 5013 zodiacus,
1263 4938 1293 4999 in
1325 4935 1391 5001 200
1414 4956 1509 4999 annos
1541 4939 1649 5000 ductae
1677 4937 1833 5017 periodum

470 5034 581 5090 creant
605 5047 749 5090 annorum
773 5025 1087 5108 800pau10mtnus3
1120 5045 1179 5107 quo
1211 5025 1355 5107 temporis
1384 5027 1485 5107 spatio
1512 5033 1597 5089 totus
1624 5024 1766 5090 zodiacus
1788 5021 1834 5090 10

470 5118 687 5197 congressibus
710 5118 741 5179 iu
764 5116 891 5178 totidem
914 5122 1020 5196 partes
1043 5133 1120 5195 pene
1142 5115 1286 5195 aequales
1308 5113 1466 5177 dividitur:
1499 5132 1593 5197 euque
1616 5121 1753 5196 tempore
1776 5132 1832 5180 ex·
