4584 6192
482 593 548 671 33ss
976 603 1150 658 mecaenas
1166 606 1229 658 Parc
1248 606 1346 673 opilea

479 781 509 847 7.
535 790 566 845 et
592 775 663 847 131.
688 777 788 863 quarti
810 777 1001 857 Vitellionis,
1031 784 1174 864 aequales
1198 800 1285 846 arcus
1314 781 1456 846 circuitus
1485 783 1627 863 planetae
1651 781 1845 862 apparebunt

477 872 670 953 inaequales,
705 871 786 933 circa
817 888 983 951 apogaeum
1014 873 1120 952 parvi,
1154 872 1236 935 circa
1270 872 1445 953 perigaeum
1481 872 1593 951 magni.
1648 870 1719 933 Etsi
1751 869 1845 950 igitur

477 960 603 1041 planeta
630 961 696 1042 ipse
719 960 761 1023 sit
784 959 918 1040 aequalis
943 960 1110 1023 celeritatis
1139 962 1171 1024 in
1195 963 1331 1024 omnibus
1361 961 1503 1036 arcubus,
1538 960 1643 1023 tardus
1671 968 1777 1022 tamen
1800 960 1845 1025 ibi

478 1049 651 1130 apparebit,
684 1049 736 1112 ubi
766 1068 853 1111 arcus
886 1057 1035 1129 apparent
1063 1051 1211 1123 minores,
1242 1051 1332 1113 velox
1354 1049 1405 1113 ubi
1428 1049 1539 1130 magni.

565 1138 651 1201 Haec
675 1157 795 1201 arcuum
817 1137 866 1199 rel
890 1138 1056 1202 imminutio
1085 1140 1134 1201 vel
1165 1140 1264 1202 auctio
1296 1139 1398 1221 optica
1424 1147 1566 1201 censetur
1592 1137 1786 1217 potissimum
1810 1138 1843 1201 in

477 1227 685 1302 semicirculis,
709 1229 740 1290 in
764 1228 841 1289 hnnc
864 1228 993 1290 modum.
1033 1227 1125 1290 SitA
1150 1238 1286 1292 centrum
1304 1230 1396 1304 visus,
1420 1229 1499 1290 idem
1519 1236 1551 1290 et
1567 1226 1670 1289 mundi
1693 1234 1842 1302 centrum,

476 1315 503 1377 B
527 1323 662 1379 csntmm
685 1316 845 1384 eccentrici
861 1314 954 1391 ECD,
981 1317 1079 1397 ejecta
1097 1316 1154 1378 AB
1175 1317 1203 1378 in
1225 1317 1250 1379 G
1275 1327 1306 1379 et
1325 1320 1359 1393 F,
1384 1317 1443 1379 erit
1467 1315 1685 1396 Capcgaeum,
1709 1316 1841 1396 Fperi-

502 1512 506 1519 ,
566 1456 620 1523 a,
650 1454 708 1506 ¹⁰⁴·
799 1423 916 1554 till·
949 1406 992 1556 ll
1014 1406 1138 1574 llll
1158 1407 1292 1574 iaia?
1311 1403 1843 1571 sttttl.l².'t¹¹lll.”.⁸..il

797 1600 852 1661 per
875 1600 977 1644 omnes
1001 1584 1161 1645 eccentrici
1180 1602 1277 1645 arcus.
1315 1583 1384 1645 Erit
1403 1582 1522 1663 aequali
1546 1589 1680 1662 tempore
1700 1582 1730 1643 in
1752 1580 1843 1644 Gon

799 1679 889 1750 atque
913 1670 943 1731 in
966 1669 1069 1746 HFG,
1093 1680 1255 1752 propterea
1282 1671 1389 1750 majori
1416 1670 1446 1732 in
1470 1669 1555 1734 hcc
1579 1689 1667 1749 quam
1690 1671 1720 1731 iu
1744 1670 1840 1733 DFE.

798 1756 860 1820 Sed
883 1758 913 1820 in
936 1759 964 1819 D
988 1760 1070 1821 etE
1097 1760 1238 1822 videatur
1266 1780 1304 1822 ex
1335 1768 1439 1822 centm
1462 1761 1494 1821 Δ
1520 1759 1550 1822 in
1583 1759 1657 1822 locis
1690 1758 1841 1838 oppositis

491 1571 759 1931 F!
798 1847 945 1926 sphaerae
968 1847 1103 1924 fixarum,
1128 1850 1212 1927 cujus
1227 1849 1257 1910 A
1280 1857 1423 1923 centrum,
1448 1848 1567 1927 longius
1590 1847 1682 1928 igitur
1705 1847 1736 1908 in
1753 1845 1840 1909 DCE

501 1898 753 2104 ι,
797 1943 940 2009 moratur,
965 1953 1054 2015 quam
1075 1938 1105 1999 in
1129 1937 1222 2000 ΒΓΕ.
1260 1937 1304 1999 At
1327 1937 1397 2018 quia
1419 1937 1503 1999 risus
1526 1932 1745 2016 ignoratDCE
1769 1954 1839 1997 esse

797 2022 939 2103 majorem
962 2043 1052 2105 quarn
1075 2026 1167 2100 DFE,
1191 2033 1353 2105 propterea
1377 2025 1455 2107 quod
1483 2025 1677 2087 remotionem
1704 2024 1839 2104 partium

797 2112 951 2192 utriusque
985 2114 1087 2177 circuli
1119 2132 1178 2175 non
1210 2115 1407 2187 internoscit,
1440 2115 1495 2175 sed
1527 2112 1695 2194 aequaliter
1725 2113 1838 2174 abesse

478 2207 577 2283 putet,
601 2201 669 2264 ideo
692 2200 856 2264 tardiorem
878 2210 968 2281 putat
989 2202 1143 2281 planetam
1173 2221 1266 2283 supra
1288 2203 1376 2267 ΒΔΕ
1400 2202 1519 2277 lineam,
1544 2222 1633 2283 quam
1656 2201 1735 2264 infra
1756 2220 1838 2263 sam.

567 2289 629 2352 Sed
658 2290 794 2372 qnaeris,
826 2307 884 2369 qno
912 2298 1089 2369 argumento
1122 2292 1249 2366 sciatur,
1279 2291 1433 2371 planetam
1461 2292 1491 2352 in
1524 2290 1673 2370 oppositis
1700 2290 1838 2370 spectari

478 2378 616 2458 partibus
639 2375 764 2441 circuli?
810 2376 1008 2459 Respondeo,
1041 2380 1136 2458 primo
1161 2399 1199 2441 ex
1221 2381 1252 2441 A
1275 2388 1378 2443 centro
1402 2379 1600 2459 imaginamur
1623 2377 1710 2442 nobis
1734 2379 1837 2440 circu·

476 2468 539 2530 lum
571 2467 746 2541 maximum,
781 2466 832 2547 qui
864 2466 1036 2546 appellatur
1063 2467 1302 2548 aequinoctialis.
1358 2468 1474 2530 Deinde
1506 2486 1544 2529 ex
1571 2466 1838 2529 observationibus

476 2556 602 2631 scimus,
632 2556 711 2617 idern
733 2556 765 2618 A
788 2549 932 2616 centrum
953 2555 1035 2617 visus
1068 2556 1164 2618 nostri
1195 2556 1309 2618 versari
1342 2557 1436 2619 etiam
1463 2558 1494 2618 in
1517 2575 1554 2618 eo
1577 2556 1685 2638 plano,
1720 2555 1836 2637 inquo

475 2645 601 2724 planeta
624 2644 774 2724 quispiam
798 2662 884 2705 suum
907 2661 1026 2705 cursum
1049 2646 1250 2707 eccentricum
1273 2646 1399 2725 perficit.
1439 2643 1558 2708 Scimus
1582 2645 1684 2719 etiam,
1710 2644 1743 2705 id
1763 2644 1836 2723 pla-

479 2750 548 2795 num
574 2752 607 2795 se
621 2734 688 2811 ipso
712 2732 869 2812 aequabile
883 2751 962 2805 esse,
986 2751 1044 2795 non
1068 2742 1245 2809 tortuosum,
1270 2743 1302 2796 et
1319 2734 1455 2796 inclinari
1478 2734 1516 2796 ad
1531 2731 1660 2813 priorem
1682 2732 1837 2806 circulum,

477 2820 508 2882 ld
532 2828 581 2884 est
604 2840 708 2883 secare
731 2820 825 2883 illum.
872 2821 918 2882 Aa
940 2839 1007 2882 cum
1031 2822 1088 2883 duo
1119 2822 1222 2885 circuli
1251 2843 1284 2885 se
1315 2831 1436 2897 secent,
1466 2822 1545 2884 linea
1572 2820 1716 2884 sectionis
1749 2839 1835 2883 com·

475 2909 575 2972 munis
600 2915 649 2972 est
672 2916 757 2972 recta
780 2908 833 2983 (D.
857 2908 913 2984 XI,
939 2908 992 2983 3).
1026 2928 1102 2991 quae
1132 2930 1199 2972 cum
1222 2930 1277 2990 per
1300 2920 1435 2973 centrum
1458 2910 1687 2990 aequinoctialis
1710 2917 1779 2984 eat,
1802 2917 1836 2971 ut

473 2997 584 3077 perd,
608 2999 686 3078 qnod
710 2997 887 3078 supponitur
910 2997 940 3059 in
963 3007 1089 3079 duoque
1112 3000 1203 3079 plano
1227 3019 1305 3075 esse,
1330 3000 1447 3062 secabit
1469 3000 1562 3079 igitur
1580 2998 1835 3080 aequinoctialem

473 3086 503 3148 in
528 3088 571 3162 D,
595 3087 622 3149 Ε
646 3087 720 3149 locis
745 3105 783 3147 ex
806 3089 835 3148 A
860 3086 1018 3166 oppositis.
1067 3085 1134 3157 Quo
1159 3088 1251 3167 igitur
1281 3089 1407 3150 artificio
1439 3090 1565 3168 plancta
1598 3086 1836 3168 deprehenditur

473 3175 503 3238 in
526 3175 779 3257 aequinoctialem
812 3174 957 3249 incidere,
989 3176 1095 3237 eodem
1118 3177 1149 3238 in
1173 3177 1241 3238 loca
1263 3176 1404 3257 opposita
1431 3176 1562 3239 incidere
1585 3175 1832 3256 deprehenditur.

474 3265 520 3327 At
544 3265 574 3327 id
597 3265 629 3327 in
653 3264 840 3327 astronomia
862 3271 895 3325 et
917 3264 1055 3326 doctrina
1076 3264 1165 3344 primi
1189 3265 1308 3328 mobilis
1332 3267 1465 3328 docetur.

562 3354 658 3416 Porro
691 3372 731 3414 ex
762 3351 920 3414 occasione
960 3352 1230 3415 animadversionis
1264 3354 1353 3433 hujus
1383 3353 1565 3434 phantasiae
1597 3350 1774 3414 velocitatis
1802 3358 1834 3413 ct

473 3441 630 3504 tarditatis
661 3441 780 3520 opticae
809 3442 974 3504 astronomi
996 3440 1025 3502 in
1052 3442 1181 3504 altemm
1204 3451 1235 3505 et
1255 3442 1435 3505 contrarium
1457 3441 1592 3504 incidunt
1606 3459 1748 3510 errorem,
1773 3459 1832 3503 non

473 3538 536 3591 tam
559 3530 643 3592 risus
667 3547 755 3610 quam
778 3528 1028 3592 ratiocinationis.
1060 3530 1140 3592 Dum
1164 3551 1193 3594 n.
1218 3550 1273 3592 nos
1292 3531 1479 3593 astronomia
1500 3532 1590 3592 docet
1613 3529 1670 3590 hoc
1694 3529 1831 3592 axioma:

470 3638 509 3680 sa
526 3614 721 3700 ποῤῥωτερον
743 3640 893 3699 caponem
912 3621 1097 3700 βραδντιρω
1115 3624 1260 3681 κινεισθαι
1277 3642 1410 3698 passsam
1424 3620 1532 3692 (verba
1544 3617 1704 3692 Aristct.)‚
1727 3626 1831 3680 astro-

470 3707 551 3769 nomi
584 3726 696 3787 magna
726 3707 942 3788 probabilitate
973 3716 1166 3781 convertunt,
1192 3731 1228 3770 aa
1251 3710 1435 3788 dpcdmepcs
1457 3729 1610 3784 annonara
1637 3702 1833 3787 πορὁτιρω

472 3801 622 3875 pacandae
646 3802 733 3859 dorse.
772 3794 895 3867 Quanto
919 3804 1054 3877 tempore
1078 3796 1190 3858 diutius
1209 3807 1344 3859 moratur
1366 3799 1491 3878 planeta
1507 3797 1537 3857 in
1561 3794 1660 3875 aliquo
1685 3814 1758 3858 arcu
1782 3795 1830 3856 vel

470 3885 659 3948 semicirculo
684 3904 773 3965 qnam
806 3887 836 3947 in
860 3884 990 3966 reliquo,
1020 3893 1105 3948 tanto
1130 3886 1222 3947 etiam
1246 3886 1363 3965 longius
1386 3886 1470 3949 illum
1492 3903 1594 3948 arcum
1622 3884 1831 3946 recessisses

469 3974 537 4036 visu
560 3982 701 4054 arguunt.
748 3976 793 4037 At
820 3993 878 4036 non
907 3983 956 4036 est
982 3974 1157 4036 necessaria
1188 3976 1345 4037 conversio
1368 3984 1400 4037 et
1423 3976 1452 4037 in
1470 3981 1590 4056 partem
1613 3973 1702 4035 salsa.
1751 3972 1830 4035 Sunt

471 4063 550 4123 enim
583 4062 800 4124 retardationis
832 4080 942 4124 causae
973 4063 1064 4124 etiam
1098 4061 1177 4124 aliae
1205 4063 1253 4124 his
1283 4064 1391 4143 cpticis
1425 4063 1604 4143 permixtae.
1655 4059 1708 4122 Sic
1742 4061 1828 4124 initio

469 4146 663 4211 Ptolemaeus
687 4151 834 4231 deceptus
858 4158 915 4224 est,
941 4150 1010 4212 dum
1026 4150 1177 4232 epicyclos
1196 4153 1381 4232 planetarios
1396 4153 1518 4214 nimium
1540 4151 1601 4212 alte
1623 4149 1691 4212 hinc
1713 4150 1830 4211 attollit

469 4237 538 4299 inde
562 4237 714 4317 deprimit,
738 4241 808 4319 quia
828 4239 954 4301 alterius
973 4240 1032 4301 loci
1055 4240 1196 4316 tarditas,
1221 4241 1346 4303 alterius
1369 4241 1516 4303 velocitas
1541 4245 1660 4301 tantum
1674 4239 1827 4318 requirere

470 4324 638 4387 videbatur.
685 4326 747 4389 Sed
772 4346 856 4390 error
879 4328 982 4390 statim
1005 4329 1106 4408 patuit
1128 4348 1166 4391 ex
1190 4329 1395 4410 magnitudine
1424 4328 1599 4409 apparenti,
1623 4328 1723 4389 minus
1747 4326 1827 4389 enim

470 4414 649 4477 crescebant
672 4415 799 4498 epicycli
817 4418 847 4479 in
865 4415 1018 4497 perigaec,
1043 4436 1131 4496 quam
1154 4435 1209 4496 pro
1229 4425 1317 4480 tanta
1331 4418 1640 4499 appropinquatione:
1663 4424 1828 4496 propterea

469 4522 562 4565 causa
584 4504 773 4584 deprehensa
796 4514 844 4567 est
871 4506 1085 4567 retardationis
1110 4507 1217 4578 altera,
1240 4524 1337 4587 quam,
1362 4516 1396 4569 ut
1419 4506 1507 4568 modo
1531 4506 1603 4580 dixi,
1627 4504 1657 4566 in
1681 4505 1825 4568 circulum

467 4594 627 4671 aequantia
650 4592 845 4656 Ptolemaeus
869 4594 1005 4656 contulit.
1043 4595 1077 4655 In
1099 4594 1172 4658 Sole
1192 4596 1344 4677 epicyclus
1362 4596 1461 4659 nullus
1480 4594 1707 4676 requirebatur3
1732 4612 1825 4675 quare

467 4681 580 4743 mansit
602 4681 651 4743 hic
674 4700 756 4743 error
779 4683 935 4745 hactenus.
981 4682 1195 4762 Deprehensus
1218 4692 1320 4746 tamen
1344 4692 1392 4746 est
1415 4704 1435 4745 a
1457 4703 1503 4746 ms
1531 4682 1628 4764 primo
1659 4700 1715 4762 per
1747 4681 1823 4744 suh-

466 4766 551 4831 tilem
574 4770 816 4834 observationem
839 4771 979 4833 diametri
1001 4772 1140 4846 visibilis,
1165 4782 1198 4834 ut
1222 4773 1301 4835 inira
1323 4773 1440 4847 dicam;
1465 4772 1573 4834 deinde
1595 4789 1651 4850 per
1673 4770 1824 4834 observa-

466 4856 565 4919 tiones
595 4859 747 4942 'lychonis
777 4859 1030 4942 exquisitissimas
1062 4859 1093 4922 in
1122 4860 1214 4923 stella
1235 4862 1346 4924 Martis
1379 4862 1515 4937 habitas,
1547 4868 1581 4924 ut
1608 4878 1663 4922 suo
1692 4860 1759 4923 loco
1792 4869 1825 4921 et

466 4954 602 5026 tempore
625 4947 794 5027 explicabo.
841 4950 978 5030 Utraque
1008 4947 1124 5011 ratione
1153 4958 1288 5025 constat,
1321 4950 1424 5013 Solem
1454 4950 1576 5013 dimidio
1599 4947 1696 5011 solum
1720 4949 1823 5030 spatio

466 5033 532 5114 ejus
562 5036 813 5111 eccentricitatis,
844 5037 922 5118 quod
944 5036 991 5100 illi
1014 5037 1052 5099 ab
1075 5036 1259 5119 Albategnic
1284 5048 1317 5102 et
1338 5040 1478 5122 'l'ychcne
1508 5038 1662 5116 tribuitur,
1691 5058 1712 5099 a
1734 5038 1822 5103 nobis

465 5123 618 5194 recedere,
641 5124 745 5206 itaque
768 5133 802 5187 et
822 5124 853 5187 in
876 5124 949 5189 Sole
972 5133 1153 5206 aequantem
1176 5127 1318 5191 cbculnm
1341 5146 1479 5209 regnare.
