4584 6192
468 624 532 694 τοι
726 695 730 701 ,
944 626 983 679 ιιι
1002 625 1170 679 mmmm
1187 623 1339 691 ιηιιιιιι

467 806 575 867 stellas
606 806 684 867 enim
714 823 888 885 perennare.
933 804 996 866 Eos
1018 802 1108 865 Joan.
1134 801 1284 883 Georgius
1313 802 1505 880 Brenggerus
1534 799 1660 880 pulchre
1693 796 1820 878 primum

467 894 681 975 grammaticen
706 895 802 956 docet
819 889 860 967 ⁸⁶)
907 887 1048 957 Cometes
1072 894 1150 954 euim
1173 911 1226 953 seu
1249 888 1358 952 crinita
1381 910 1400 951 a
1421 889 1502 951 crine
1526 906 1634 952 nomen
1651 886 1766 960 babet,
1789 896 1821 948 ut

468 983 495 1046 si
517 984 609 1046 crinis
631 982 739 1044 stellae
763 991 924 1083 superstat,
949 993 1089 1056 cometes,
1114 982 1161 1044 siu
1181 981 1260 1042 infra
1278 987 1334 1052 est,
1358 979 1516 1082 pogonias,
1541 980 1568 1040 si
1586 976 1681 1040 oriols
1705 975 1820 1038 acumi-

468 1080 643 1145 natusest,
668 1070 802 1150 xiphias,
832 1070 878 1131 siu
902 1090 1009 1132 currus
1033 1070 1288 1140 etacuminatns,
1312 1068 1460 1139 ceratias,
1489 1068 1632 1129 sinvero
1656 1074 1821 1128 curvusct

468 1151 637 1242 explicatus
666 1161 744 1234 iate,
775 1160 900 1239 hippeus
931 1160 1048 1223 dicitur.
1059 1158 1094 1232 *)
1140 1162 1190 1221 lta
1218 1166 1351 1220 cometes
1380 1157 1490 1236 speciei
1521 1171 1631 1218 nomen
1655 1165 1707 1217 est
1730 1164 1764 1216 et
1784 1154 1820 1215 ad

468 1251 594 1330 figuram
622 1257 760 1328 spectat,
790 1268 848 1310 non
873 1249 911 1310 ad
934 1249 1146 1311 substantiam.
1193 1246 1273 1318 Quin
1297 1265 1400 1308 omnes
1433 1246 1501 1308 illae
1534 1246 1654 1326 species
1678 1265 1699 1306 a
1724 1245 1820 1324 scrip·

470 1337 586 1400 toribus
605 1338 715 1399 stellae
733 1338 849 1399 nomine
864 1338 996 1400 veniunt.
1033 1337 1074 1400 Et
1089 1337 1207 1418 quotics
1226 1344 1361 1398 cometae
1381 1336 1528 1397 vocabulo
1546 1343 1681 1406 utuntur,
1703 1334 1821 1410 stellam

469 1425 706 1506 subintelligunt,
731 1435 766 1488 ut
786 1436 922 1488 cometae
945 1446 1002 1488 ror
1026 1426 1179 1506 adjectiva
1201 1425 1252 1489 sit.
1290 1425 1389 1503 Saepe
1411 1424 1503 1487 etiarn
1523 1426 1666 1504 jungunt,
1691 1432 1729 1485 ut
1751 1421 1822 1501 ιὶςιρ

469 1535 605 1592 cuppane,
624 1515 715 1576 stella
729 1514 846 1590 crinita,
867 1517 958 1579 stella
971 1516 1103 1590 cadens3
1119 1515 1168 1577 ubi
1183 1514 1278 1588 vides,
1294 1515 1405 1575 nullum
1420 1515 1458 1574 nb
1474 1514 1509 1575 iis
1524 1513 1629 1576 haberi
1650 1526 1821 1593 respectum

468 1603 659 1666 substantiae
682 1603 839 1666 evanidas.

554 1691 632 1755 Esto
655 1711 727 1755 vero
750 1701 785 1754 ιιι
805 1692 916 1773 speciei
935 1711 1003 1768 vox,
1027 1702 1155 1765 cometa,
1180 1692 1208 1753 in
1225 1708 1319 1768 genus
1343 1690 1497 1752 transierit
1519 1700 1552 1750 et
1570 1681 1715 1751 omues'a
1728 1690 1822 1754 Plinio

468 1781 521 1844 lib.
546 1782 587 1852 ιι,
606 1799 677 1882 torp.
702 1778 754 1843 25.
784 1790 1033 1845 commemoratae
1062 1783 1176 1843 formae
1208 1787 1344 1840 cometae
1376 1780 1581 1862 appellentur.
1615 1799 1711 1859 quam
1735 1780 1824 1859 igitur

469 1871 508 1932 ad
532 1869 662 1951 speciem
685 1871 817 1933 referent
839 1871 916 1932 hauc
940 1880 1075 1932 nostram
1098 1869 1241 1932 stellam?
1264 1869 1357 1931 Nulla
1371 1870 1517 1930 dictarum
1541 1869 1695 1946 congruit.
1731 1869 1822 1931 Lam-

468 1943 602 2040 padiada
624 1977 696 2020 vero
719 1960 745 2019 si
768 1959 885 2035 dicent,
917 1960 1072 2039 relegandi
1102 1967 1174 2020 sunt
1201 1958 1240 2018 ad
1269 1966 1361 2038 capnt
1382 1958 1501 2019 XVIli.
1529 1959 1566 2018 de
1595 1958 1823 2021 scintillatione.

467 2048 666 2130 Nequaquam
688 2048 766 2110 enim
789 2049 888 2110 crines
910 2050 992 2109 inere
1017 2049 1069 2109 illa
1092 2046 1267 2109 scintillatio
1291 2047 1399 2108 stellae
1423 2047 1624 2125 rapidissima,
1649 2048 1710 2109 sed
1729 2048 1824 2129 fulgor

469 2138 546 2200 lucia
567 2136 748 2216 reciprocus.
785 2138 853 2200 Nisi
870 2139 947 2199 forte
967 2136 1058 2200 etiam
1073 2136 1188 2200 Canem
1206 2135 1349 2214 majorem
1363 2146 1540 2216 ceterasque
1554 2136 1665 2197 stellas
1691 2147 1822 2199 cometas

470 2226 600 2298 facient,
624 2244 660 2285 eo
683 2227 762 2305 quod
784 2226 1029 2288 scintillatiouem
1052 2246 1138 2288 snam
1162 2244 1228 2288 com
1251 2225 1309 2286 hac
1331 2225 1422 2287 stella
1440 2243 1625 2287 communem
1652 2226 1822 2290 habuerint

468 2314 576 2395 Itaque
600 2314 723 2377 concedi
753 2323 857 2395 potest
879 2315 946 2377 hnic
969 2316 1061 2378 sideri
1090 2334 1197 2377 nomen
1226 2314 1412 2395 lampadias3
1444 2315 1497 2374 sed
1526 2314 1570 2375 ita
1593 2321 1628 2376 ut
1652 2316 1822 2396 lampadias

468 2422 527 2465 uou
550 2403 613 2463 siut
635 2404 753 2481 speeies
776 2405 960 2467 crinitorum.
1008 2404 1179 2484 Sequuntur
1211 2403 1334 2465 ultimae
1357 2403 1447 2465 Plinii
1480 2403 1614 2484 speeies,
1644 2405 1820 2476 disceorom.

469 2491 518 2574 qui
542 2491 644 2565 discis,
669 2492 834 2555 rarissimis
857 2494 967 2555 circum
987 2494 1127 2568 crinibus,
1152 2502 1185 2554 et
1207 2493 1360 2566 binorum,
1385 2492 1435 2574 qui
1459 2493 1594 2554 villorum
1619 2492 1739 2556 habeut
1760 2494 1822 2555 effi-

468 2581 567 2661 giem:
592 2600 667 2662 qnos
690 2590 797 2644 auctor
815 2582 906 2662 jubas
930 2584 1012 2658 dicit,
1037 2582 1220 2644 recentiores
1248 2582 1404 2662 appellant
1427 2602 1527 2654 rosas,
1559 2600 1706 2661 quorsum
1729 2584 1821 2647 refero

468 2679 501 2731 et
521 2668 611 2731 Soles
642 2679 803 2733 nocturnos
826 2672 864 2734 ab
894 2672 1110 2754 antiquioribus
1143 2669 1387 2744 celebratos.**)
1434 2673 1479 2733 At
1499 2690 1554 2732 uec
1588 2670 1634 2732 bis
1667 2673 1822 2753 speciebus

470 2759 658 2821 accensenda
681 2769 729 2822 est
750 2770 856 2823 nostra
873 2761 975 2844 *magis
999 2780 1087 2843 quam
1112 2760 1205 2824 Canis
1220 2758 1327 2833 Sirius,
1352 2760 1479 2839 eoquod
1499 2780 1556 2821 nou
1576 2761 1671 2839 jubas
1696 2763 1820 2826 circurn-

471 2846 553 2909 ciroa
574 2866 697 2927 sparsas
720 2849 861 2924 emiserit,
887 2852 940 2913 sed
963 2860 1080 2912 tantum
1108 2849 1328 2912 scintillarerit.
1375 2849 1463 2911 Adde
1487 2850 1565 2928 quod
1590 2850 1637 2910 nis
1658 2851 1756 2931 jubae
1779 2849 1822 2922 rel

373 3011 381 3029 θ
472 2935 547 2998 disci
570 2937 687 3017 species
711 2938 740 2998 in
755 2939 874 3002 hastam
897 2948 1039 3014 mutatur,
1064 2940 1142 3019 quod
1161 2939 1253 3000 semel
1274 2939 1385 3000 factum
1401 2938 1514 3000 Plinius
1538 2938 1694 3015 celebrat3
1719 2942 1821 3004 iterum

472 3024 582 3088 accidit
604 3045 682 3087 anuo
702 3024 815 3092 Christi
830 3026 904 3103 837,
928 3030 984 3091 snb
1004 3029 1156 3091 Ludovico
1178 3028 1252 3102 Pio;
1276 3028 1411 3109 denique·
1427 3027 1517 3112 etiam
1540 3036 1647 3090 nostra
1671 3030 1819 3102 memoria

471 3115 666 3177 observatore
689 3117 830 3197 Tychone
854 3118 964 3189 Brahe,
988 3137 1065 3179 auno
1092 3114 1176 3181 1580
1196 3127 1226 3179 et
1250 3114 1344 3179 1585.
1372 3122 1457 3191 (ng.
1475 3124 1495 3183 l,
1514 3139 1539 3187 p.
1559 3121 1635 3185 ιιι.)
1656 3119 1731 3181 Fuit
1749 3118 1820 3182 euim

471 3204 567 3287 tribus
591 3204 637 3266 lris
668 3205 782 3267 vicibus
806 3205 860 3268 Sol
884 3208 913 3268 iu
937 3208 1074 3287 opposito
1105 3215 1307 3268 cometamm:
1338 3206 1439 3286 itaque
1472 3205 1558 3266 initio
1588 3225 1695 3275 cornus
1720 3227 1821 3272 ouma

392 3350 395 3359 .
471 3293 545 3356 Sole
572 3303 605 3354 et
627 3314 647 3354 a
669 3304 772 3356 nostro
805 3295 870 3357 risu
900 3304 1087 3369 averterent,
1121 3295 1223 3375 capita
1245 3296 1274 3355 iu
1307 3296 1402 3356 medio
1432 3314 1581 3356 comarum
1612 3306 1819 3370 ostentarunt;

469 3390 578 3465 postea
601 3383 722 3445 deserto
745 3383 825 3445 Solis
850 3384 988 3465 opposito
1014 3386 1078 3446 loco
1102 3403 1217 3446 comam
1233 3384 1387 3464 paulatim
1410 3368 1448 3445 ab
1472 3404 1509 3444 ea
1530 3393 1619 3463 parte
1645 3389 1819 3465 explicuere,

415 3464 419 3471 ’
471 3473 549 3533 unde
574 3472 787 3534 discedebant.
817 3473 904 3535 simul
929 3484 1028 3535 antem
1056 3474 1172 3553 priores
1196 3473 1254 3535 duo
1278 3473 1368 3533 etiam
1395 3472 1562 3576 retrogradi
1593 3475 1718 3537 inerunt
1740 3480 1819 3558 plane

471 3569 503 3623 ιιι
525 3561 665 3641 planetae
691 3581 827 3663 quoque,
863 3582 928 3623 cnm
957 3562 1021 3625 Soli
1053 3572 1260 3642 opponuntur:
1292 3563 1376 3641 cnjus
1406 3564 1448 3623 rei
1482 3582 1603 3623 causam
1614 3559 1818 3667 Cuperuicus

469 3651 696 3754 pulcherrime
689 3671 717 3711 ιιι
742 3662 854 3713 motum
879 3652 1006 3713 Telluris
1040 3671 1094 3713 cou
1098 3652 1166 3712 ert
1213 3652 1329 3714 Nostra
1360 3651 1452 3729 igitur
1479 3671 1546 3713 cum
1569 3672 1625 3714 uec
1656 3655 1745 3717 initio
1776 3674 1819 3717 uec

470 3741 525 3800 fine
550 3741 680 3819 speciem
704 3740 796 3802 ullam
820 3741 989 3802 exhibuerit
1011 3760 1171 3814 comnmm,
1196 3748 1316 3802 cometa
1335 3741 1391 3802 dici
1416 3761 1603 3821 nequaquam
1630 3744 1749 3809 debuit.
1784 3749 1819 3807 At

470 3837 575 3890 contra
599 3848 655 3889 non
677 3831 831 3904 absonum,
857 3832 964 3891 stellae
985 3849 1087 3892 vocem
1103 3851 1121 3891 a
1136 3831 1241 3906 ςιλβιιι
1264 3830 1455 3898 descendere,
1480 3831 1557 3909 quod
1575 3841 1624 3892 est
1639 3834 1818 3896 scintillare:

470 3919 548 3999 quod
572 3938 636 3979 cunr
661 3929 693 3979 et
715 3928 837 3980 nostrae
861 3921 1030 3993 conveniat,
1055 3920 1123 3999 qnid
1149 3919 1274 3999 impedit
1298 3920 1417 3980 stellam
1442 3919 1565 3981 dicere?

558 4005 638 4077 Quid
661 4008 687 4068 si
711 4026 791 4084 reio,
816 4008 958 4089 inquiunt,
985 4009 1109 4071 caudam
1134 4009 1252 4070 omnino
1278 4009 1407 4088 aliquam
1432 4008 1617 4069 obtirmerit?
1641 4009 1725 4071 Nam
1750 4012 1819 4072 riam

470 4096 509 4157 ad
542 4116 608 4156 earn
633 4117 690 4159 uon
723 4098 848 4178 pertigit
879 4099 964 4169 ideo:
999 4098 1067 4177 qnia
1096 4106 1163 4158 tota
1190 4105 1261 4177 post
1290 4108 1381 4177 capnt
1412 4098 1499 4159 latuit
1528 4108 1589 4157 tarn
1618 4098 1648 4158 in
1680 4101 1819 4179 quadrato

469 4204 557 4265 quam
581 4184 609 4243 iu
634 4187 772 4266 opposito
796 4186 888 4250 Solis.
928 4189 1040 4249 iisdem
1065 4186 1142 4249 enirn
1173 4187 1356 4265 argumentis
1382 4187 1412 4248 id
1436 4188 1553 4248 adstrui
1575 4196 1695 4265 potest,
1722 4190 1818 4271 quibus

469 4274 569 4353 capite
593 4274 665 4337 XV.
700 4277 809 4338 stellae
842 4297 941 4338 annua
973 4275 1137 4356 parallarris
1166 4277 1223 4337 ιιιίι
1251 4277 1382 4338 ademta.
1429 4276 1559 4354 Respice
1589 4277 1714 4338 bacde
1738 4297 1820 4341 causa

470 4365 507 4423 ad
542 4362 663 4424 schema
687 4361 733 4440 4.,
763 4366 812 4429 ubi
842 4367 933 4427 stella
960 4366 1037 4427 hanc
1066 4367 1163 4444 ipsam
1197 4366 1234 4426 ob
1274 4365 1449 4427 instantiam
1481 4366 1566 4444 picta
1597 4376 1648 4426 est
1686 4372 1819 4431 caudata.

467 4451 615 4515 Nimirum
642 4452 706 4528 CO,
732 4455 883 4534 elongatio
908 4455 1036 4518 Telluris
1060 4454 1087 4517 0
1112 4477 1130 4516 a
1154 4454 1225 4515 Sole
1246 4451 1281 4528 C,
1306 4474 1492 4535 nequaquam
1518 4462 1605 4514 tanta
1628 4456 1696 4518 fieri
1721 4457 1819 4537 potnit,

468 4551 501 4602 ut
525 4543 601 4603 hauc
627 4544 735 4604 stellae
759 4544 787 4605 in
812 4544 841 4606 D
865 4545 989 4606 caudam
1016 4568 1033 4606 a
1057 4546 1152 4606 latere
1177 4544 1263 4605 nobis
1294 4545 1468 4623 detegeret,
1498 4544 1536 4605 ob
1560 4544 1688 4607 nimiam
1721 4548 1820 4609 stellae

468 4630 658 4693 distantiam.
705 4631 791 4706 Quae
822 4634 996 4713 conjectura
1024 4634 1230 4696 aMaestliuo
1264 4652 1379 4714 qnoque
1413 4634 1543 4695 tolerata
1575 4633 1634 4694 fuit
1669 4637 1710 4697 de
1739 4635 1822 4698 stella

469 4720 537 4781 anni
569 4718 661 4795 1572,
687 4721 787 4784 libello
812 4723 848 4783 de
870 4722 1001 4785 Corneto
1025 4724 1094 4786 anni
1122 4719 1216 4786 1580.

502 4842 586 4954 *q
609 4894 654 4947 ita
674 4891 740 4946 mihi
762 4891 907 4948 Pliniauae
928 4895 1034 4966 species
1055 4895 1265 4966 distinguendae
1287 4892 1422 4946 ridentur.
1451 4892 1552 4945 Verum
1574 4894 1705 4948 Achilles
1727 4896 1818 4951 aliter:

470 4967 505 5019 01
521 4983 577 5036 μιν
590 4983 641 5019 ουν
660 4983 733 5019 notor
747 4986 778 5020 ro
793 4987 853 5040 φως
866 4966 985 5037 ἔχοντες
1004 4989 1049 5022 και
1062 4988 1109 5029 roc
1121 4986 1310 5041 μαρμαρυγας
1322 4985 1395 5019 uarro
1408 4982 1534 5025 νευιισας
1550 4970 1689 5023 καιιινιαι
1702 4988 1821 5042 copem

468 5038 589 5103 (Achillea
608 5042 721 5090 ἰἰιιιιιι
714 5059 739 5092 ιιι
760 5043 982 5110 ,Prolegomouis'
975 5063 1000 5094 ιιι
1019 5048 1090 5096 Arati
1109 5044 1309 5099 Phaenomena,“
1331 5043 1391 5107 Cap.
1412 5040 1469 5103 34.)

554 5111 597 5180 **)
619 5114 743 5171 Achilles
765 5125 868 5202 contra,
890 5126 919 5172 ot
940 5120 1023 5173 aliter
1044 5136 1124 5218 quam
1141 5118 1262 5172 Plinius:
1285 5114 1355 5172 οῖ’
1338 5137 1396 5173 ανιιι
1415 5139 1447 5173 ro
1468 5139 1528 5216 φιιις
1551 5102 1689 5187 venenator
1707 5123 1820 5195 ἔχοντες.

467 5189 601 5243 καλειται
618 5190 784 5259 Αιιμιιαδις.
