4584 6192
963 614 988 663 rs
1005 612 1150 677 naaman
1169 609 1213 663 aa.
1661 548 1678 591 Ἰ
1696 604 1771 672 573·

410 787 496 837 dicem
524 787 636 837 dubitare
665 787 695 837 de
722 788 769 837 illis
788 796 813 838 et
838 790 871 839 ad
889 788 1019 856 Maginum
1044 790 1119 841 dubia
1144 804 1191 840 sua
1215 790 1331 838 referens.
1371 786 1455 837 Obiter
1472 787 1512 835 hic
1530 790 1659 845 notamus,
1678 784 1761 836 Zuek·

411 871 546 909 messerum
566 856 733 921 (styrensem)
760 874 834 926 aegre
857 862 941 911 tulisse
961 862 1066 913 Galilaei
1091 863 1178 918 verba,
1204 861 1291 925 quibus
1315 858 1518 908 Zuckmessemm
1544 872 1593 905 uon
1612 857 1762 907 Germanum

408 930 452 979 sed
471 929 577 994 Belgam
594 932 772 992 pronunciavit.

498 1007 545 1069 20)
564 1026 589 1074 p.
609 1008 668 1058 520.
706 1012 776 1060 Haec
802 1012 889 1062 Pena
916 1015 940 1063 in
969 1013 1007 1062 ed.
1032 1013 1087 1062 Par.
1119 1011 1203 1061 1557:
1232 1011 1363 1061 Concludit
1388 1024 1427 1059 ars
1451 1010 1533 1071 optica
1559 1008 1666 1071 spatium
1692 1006 1761 1065 illud,

410 1081 475 1146 quod
501 1081 566 1130 inter
583 1080 681 1130 Lunam
707 1090 733 1131 et
755 1083 805 1132 fixa
831 1085 913 1134 sidera
937 1085 1044 1135 medium
1073 1091 1125 1139 est,
1150 1084 1198 1132 hac
1227 1084 1289 1131 aeris
1318 1083 1401 1131 anima
1423 1080 1521 1144 plenum
1549 1094 1611 1128 esse.
1648 1076 1704 1127 Nec
1722 1092 1762 1128 me
1829 1124 1834 1133 ,

409 1158 491 1202 movet
516 1152 623 1217 vulgaris
651 1153 799 1209 credulitas,
828 1171 873 1204 nec
904 1172 943 1205 me
975 1158 1050 1205 etiam
1081 1161 1157 1204 temet
1187 1154 1326 1202 Vitellionis
1357 1152 1493 1217 gravissimi
1524 1152 1597 1213 optici
1628 1150 1761 1206 sententia,

409 1237 459 1288 qua
487 1225 593 1285 corporis
623 1225 735 1273 coelestis
763 1227 866 1275 nitorem
891 1229 1006 1276 rariorem
1032 1233 1060 1275 et
1081 1227 1242 1289 limpidiorem
1271 1226 1359 1273 asserit
1387 1224 1451 1272 aeris
1478 1221 1668 1284 perspicuitate,
1696 1222 1762 1270 unde

410 1295 527 1359 sequitur,
548 1299 608 1343 aera
626 1309 642 1343 a
661 1296 728 1344 coelo
748 1297 872 1360 distingui.
903 1298 932 1346 ld
951 1300 1016 1347 enim
1035 1314 1064 1347 ex
1083 1313 1112 1346 eo
1131 1299 1299 1346 demonstrare
1317 1296 1411 1350 nititur,
1431 1293 1495 1357 quod
1514 1293 1616 1341 duarum
1635 1291 1762 1341 stellarum

409 1367 441 1415 ab
459 1366 585 1414 horizonte
605 1368 781 1430 emergentium
801 1368 927 1427 distantia,
948 1385 992 1432 per
1010 1371 1198 1417 instrumentum
1218 1374 1307 1429 capta,
1327 1367 1423 1414 diversa
1442 1370 1561 1427 appareat
1580 1364 1611 1412 ab
1630 1377 1669 1418 ea,
1688 1376 1763 1425 quarn

409 1437 503 1486 habent
522 1437 625 1485 eaedem
644 1437 731 1486 stellae
750 1453 793 1502 per
818 1442 933 1488 verticem
960 1446 1133 1489 transeuntes:
1165 1439 1228 1501 quod
1247 1438 1319 1485 facilc
1346 1435 1520 1489 concederem.
1549 1434 1595 1482 nisi
1615 1434 1719 1482 Gemma
1736 1434 1762 1483 in

411 1508 574 1572 explicatione
593 1507 656 1556 radii
675 1511 831 1558 astronomici
851 1512 957 1565 doceret,
978 1512 1110 1560 distantias
1128 1511 1243 1563 siderum,
1262 1511 1287 1557 in
1300 1508 1409 1572 qualibet
1428 1506 1558 1556 altitudine
1570 1505 1703 1567 positorum
1719 1518 1763 1569 per

410 1581 600 1628 instrumentum
619 1580 769 1636 observatas,
790 1583 889 1630 easdem
909 1597 1004 1644 semper
1023 1596 1150 1645 apparere.

498 1665 544 1726 21)
563 1684 586 1731 p.
609 1665 669 1716 521.
707 1669 809 1717 Pena:
839 1669 916 1718 Vetus
941 1672 1051 1734 quaestio
1076 1677 1115 1719 est
1133 1671 1164 1718 de
1183 1667 1293 1722 Tellure,
1318 1667 1462 1729 quiescatne
1481 1678 1513 1713 au
1532 1663 1658 1713 stellarum
1684 1664 1764 1713 instar

409 1739 534 1788 volvatur:
561 1747 586 1787 et
604 1740 669 1788 sitne
688 1753 720 1788 ea
737 1741 820 1790 mundi
846 1742 968 1797 medium,
989 1756 1021 1791 an
1039 1756 1055 1791 a
1073 1742 1158 1790 mundi
1178 1748 1262 1789 centro
1281 1745 1348 1786 certo
1367 1737 1448 1799 aliquo
1472 1736 1599 1785 intervallo
1623 1734 1762 1784 dissideat?

408 1809 503 1858 Horum
521 1812 641 1873 posterius
660 1825 676 1859 a
694 1812 772 1873 priore
790 1813 895 1875 pendet:
924 1815 981 1876 quia
1000 1815 1020 1861 si
1040 1814 1141 1861 Terram
1164 1812 1256 1859 moveri
1282 1808 1469 1864 monstraveris,
1498 1808 1582 1855 statim
1604 1820 1660 1855 eam
1678 1806 1762 1855 mundi

410 1887 522 1930 centrum
541 1896 590 1930 uon
609 1896 663 1930 esse
682 1885 861 1931 monstraveris.
901 1883 958 1943 Qua
976 1886 1006 1933 de
1024 1899 1050 1933 re
1068 1884 1147 1932 habeo
1172 1882 1270 1946 quidem
1288 1880 1345 1944 quid
1369 1880 1475 1926 sentiam
1494 1893 1524 1927 ex
1543 1877 1642 1940 opticis,
1661 1877 1706 1925 sed
1723 1892 1763 1927 me

407 1951 518 2001 nonnihil
538 1953 635 2001 cohibet
654 1953 760 2017 vulgaris
779 1956 873 2018 opinio,
901 1963 1080 2020 contraquam
1099 1955 1120 2002 si
1139 1955 1234 2008 dixero,
1259 1959 1345 2001 contra
1364 1949 1511 1999 clarissimos
1534 1955 1648 1997 auctores
1674 1947 1763 1998 dixisse

408 2023 574 2078 existimabor,
594 2030 620 2072 et
633 2031 718 2072 tamen
730 2027 755 2073 in
774 2029 890 2075 utramvis
906 2033 1002 2088 partem
1021 2027 1187 2088 pronuntiem,
1206 2039 1248 2086 pro
1263 2022 1402 2072 clarissimis
1416 2022 1491 2070 etiam
1512 2021 1652 2069 auctoribus
1664 2019 1762 2077 dixero;

407 2093 471 2144 adeo
491 2095 555 2142 euim
575 2102 732 2144 controversa
749 2112 787 2145 res
807 2104 857 2152 est,
876 2105 971 2146 utnon
996 2098 1076 2146 desint
1099 2098 1212 2159 utrinque
1231 2109 1290 2157 quos
1314 2093 1432 2156 sequaris.
1470 2092 1600 2141 Ceusuerit
1618 2090 1771 2140 Aristoteles·

407 2165 530 2214 Tellurem
549 2166 690 2228 quiescere:
713 2176 815 2216 censeat
833 2185 912 2217 rerum
932 2169 1073 2217 coelestium
1093 2167 1340 2230 experimentissimus
1358 2162 1529 2212 Ptolemaeus:
1549 2169 1651 2211 censeat
1669 2162 1763 2216 Theon,

406 2236 532 2286 censuerit
550 2236 614 2285 idem
634 2237 740 2301 vulgaris
761 2239 901 2289 credulitas.
939 2242 973 2287 At
991 2239 1084 2288 nobiles
1107 2239 1142 2287 illi
1160 2237 1327 2300 Pythagoram
1354 2235 1426 2283 aliter
1451 2240 1599 2283 censuerunt
1618 2239 1644 2283 et
1662 2233 1764 2282 Terram

405 2308 498 2356 moveri
523 2309 724 2369 pronunciatum.
762 2310 831 2358 ldem
859 2319 972 2360 asserunt
997 2310 1108 2359 Platonis
1133 2310 1267 2363 Timaeus,
1285 2306 1427 2365 Philolaus,
1448 2305 1607 2369 Euphantes,
1628 2302 1763 2353 Seleucus:

406 2379 474 2427 idem
493 2378 583 2426 docent
597 2380 754 2428 Aristarchus
768 2381 875 2437 Samius,
895 2381 1054 2431 Archimedes
1069 2388 1094 2430 et
1105 2381 1153 2430 hac
1173 2385 1322 2442 tempestate
1342 2377 1491 2426 clarissimus
1510 2375 1668 2438 Copemicus.
1695 2374 1763 2435 Quos

405 2451 427 2498 si
440 2449 566 2498 Aristoteli
580 2458 606 2498 et
618 2449 761 2499 Ptolemaeo
774 2454 830 2499 viris
844 2454 983 2502 clarissimis
994 2468 1135 2517 opposuero,
1150 2465 1231 2501 nonne
1243 2450 1417 2499 auctoritatem
1435 2448 1583 2497 auctoritate
1604 2444 1764 2509 oppressero?

405 2520 457 2571 Sed
475 2519 669 2569 mathematicae
690 2523 891 2586 magnificentiae
904 2526 1022 2589 gravitas,
1041 2524 1166 2573 hominurn
1186 2523 1335 2571 auctoritato
1355 2519 1480 2582 despecta,
1499 2519 1608 2567 rationes
1627 2524 1725 2566 tantum
1738 2522 1765 2566 et

406 2604 497 2641 causas
517 2592 681 2654 amplectitur.
708 2593 741 2642 Ut
760 2596 834 2657 igitur
851 2597 963 2657 sepositis
983 2597 1092 2658 personis
1110 2610 1149 2645 res
1168 2606 1257 2657 perse
1276 2592 1427 2651 aestimetur,
1448 2594 1497 2651 ajo,
1517 2590 1572 2638 luce
1592 2596 1618 2638 et
1635 2588 1764 2651 splendore

405 2664 500 2725 optices
519 2669 571 2710 tam
591 2663 724 2725 ancipitem
744 2668 935 2714 controversiam
954 2667 1023 2723 solvi,
1044 2667 1178 2730 etquidem
1197 2665 1301 2719 brevius,
1321 2676 1395 2726 quam
1413 2676 1452 2711 res
1471 2668 1544 2711 tauta
1561 2660 1674 2710 videatur
1692 2665 1764 2722 posse

409 2733 532 2784 concludi.
570 2733 670 2782 Possem
689 2734 785 2785 adfeme
805 2737 930 2786 stellarum
950 2739 1052 2786 fixarum
1073 2739 1104 2786 ab
1123 2738 1229 2800 antiquis
1248 2740 1386 2797 compertas
1405 2733 1538 2781 diametros
1556 2733 1671 2787 minores,
1690 2743 1765 2795 quarn

409 2821 426 2854 a
444 2806 620 2854 recentioribus
643 2807 814 2866 inveniantur,
840 2824 869 2856 ex
889 2810 974 2871 quibus
994 2809 1094 2858 doceret
1113 2810 1208 2871 optice,
1228 2806 1329 2855 Terram
1355 2805 1491 2868 propiorem
1509 2818 1563 2853 esse
1582 2817 1676 2851 summo
1696 2801 1764 2851 coelo

408 2891 477 2925 nunc
496 2890 570 2939 quam
589 2876 653 2924 olim.
692 2876 742 2926 Sed
759 2887 857 2941 propter
875 2882 1038 2943 suspicionem
1057 2881 1161 2928 vitiatae
1181 2877 1356 2926 observationis
1374 2875 1477 2924 liberum
1495 2877 1539 2933 sit,
1560 2874 1625 2923 banc
1643 2874 1764 2923 rationem

408 2948 520 3009 rejicere.
547 2947 668 2995 Feruntur
679 2949 817 2998 inerrantes
830 2951 918 3000 stellae
937 2952 1060 3015 aequabili
1080 2952 1216 3005 celeritate,
1236 2947 1400 3011 inaequaliter
1413 2953 1498 2995 autem
1511 2945 1624 3011 progredi
1641 2943 1763 3001 videntur,

409 3024 438 3067 ut
457 3023 593 3080 temporum
612 3019 749 3068 observatio
770 3021 849 3070 docet.
882 3022 918 3070 Ex
937 3038 983 3086 quo
1002 3029 1080 3085 patet,
1101 3021 1205 3070 Telluris
1223 3020 1321 3084 globum
1340 3018 1477 3066 Ptolemaei
1495 3025 1604 3079 tempore
1623 3016 1764 3080 longissime

410 3105 427 3138 a
446 3088 514 3139 coelo
533 3089 650 3149 abfuisse,
671 3090 807 3139 Mohameti
826 3108 881 3141 vero
901 3100 1010 3156 tempore
1033 3094 1141 3155 proxime
1161 3092 1193 3141 ad
1212 3091 1307 3141 coelum
1325 3090 1478 3138 accessisse:
1502 3096 1587 3137 nostra
1605 3102 1661 3137 vero
1680 3091 1765 3137 aetate

408 3160 567 3209 mediocriter
586 3162 617 3209 ab
637 3168 739 3225 utroque
759 3178 861 3212 excessu
880 3166 973 3213 abesse.
1012 3164 1053 3213 lta
1071 3165 1137 3213 vides
1159 3180 1188 3212 ex
1208 3163 1293 3225 opticis
1313 3161 1435 3216 concludi,
1455 3174 1630 3209 necesseesse
1649 3165 1677 3207 ut
1689 3157 1767 3207 Terra
1817 3191 1820 3198 -

409 3232 518 3296 aliquem
537 3239 630 3280 motum
649 3233 750 3290 habeat,
771 3250 816 3296 quo
841 3235 922 3284 locum
949 3241 1037 3284 mutet.
1075 3234 1102 3284 Si
1121 3235 1197 3284 Terra
1225 3235 1306 3282 locum
1331 3238 1424 3288 mutat,
1451 3232 1570 3294 quomodo
1590 3232 1637 3279 erit
1655 3235 1766 3279 centrum

408 3301 515 3352 mundi?
534 3302 574 3351 lta
592 3310 662 3351 vetus
681 3306 915 3367 sapientissimorum
934 3307 1058 3355 hominum
1078 3307 1244 3355 controversia
1262 3305 1317 3353 luce
1332 3304 1425 3366 optices
1443 3302 1604 3351 illustrabitur
1623 3307 1649 3350 et
1666 3301 1766 3365 negotio

408 3375 511 3422 minimo
532 3382 699 3437 componetur.
714 3400 748 3407 —-
767 3377 821 3432 llis,
841 3392 905 3441 quae
919 3379 1005 3427 dubius
1024 3378 1115 3439 profert
1127 3378 1198 3427 Pena
1217 3377 1247 3425 de
1266 3382 1334 3424 motu
1347 3374 1447 3430 Terrae,
1468 3374 1608 3423 addendum
1627 3385 1765 3426 censemus,

406 3446 503 3495 Pensm
524 3446 611 3494 vixisse
630 3462 677 3508 quo
697 3453 805 3510 ternpore
825 3447 953 3512 Copernici
973 3464 1033 3512 opus
1050 3449 1147 3512 prodiit.
1186 3448 1267 3497 Natus
1286 3461 1309 3495 a.
1334 3443 1408 3495 1518.
1428 3446 1541 3501 Parisiis,
1565 3459 1654 3493 munus
1671 3443 1766 3506 profes·

407 3518 469 3566 soris
498 3518 558 3581 regii
586 3517 727 3566 matheseos
754 3522 863 3582 suscepit
885 3534 977 3569 annum
1003 3535 1080 3585 agens
1101 3518 1142 3567 27.
1180 3520 1247 3569 Petri
1265 3516 1338 3567 liami
1366 3532 1425 3566 usus
1452 3517 1629 3572 familiaritate,
1658 3514 1723 3565 hurso
1741 3513 1766 3560 in

407 3588 592 3637 mathematicis
612 3589 749 3646 emdiebat,
770 3597 796 3639 ot
814 3593 866 3641 vice
885 3606 957 3641 versa
976 3593 1007 3641 ab
1026 3591 1072 3642 hoc
1092 3592 1124 3640 ad
1144 3591 1269 3642 literamm
1288 3598 1315 3638 et
1332 3590 1472 3653 linguarum
1490 3588 1574 3637 studia
1592 3587 1700 3636 imbutus
1719 3589 1765 3633 est.

406 3659 521 3710 Mortuus
541 3668 579 3708 est
598 3674 663 3708 anno
684 3658 760 3710 1558.

499 3744 545 3806 22)
565 3763 590 3810 p.
604 3745 663 3795 521.
690 3748 794 3797 Pena:
814 3749 971 3797 Ptolemaeus
985 3750 1072 3799 Lunae
1085 3764 1100 3798 a
1113 3749 1190 3798 Terra
1203 3751 1362 3798 remotionem
1375 3750 1507 3798 maximam
1520 3746 1618 3811 quidem
1632 3741 1665 3792 61
1679 3742 1766 3792 semid.

407 3821 510 3874 Terrae,
529 3820 656 3867 minimam
675 3834 731 3867 vero
752 3817 784 3867 33
805 3835 859 3869 esse
885 3822 997 3869 assumit.
1036 3826 1070 3870 At
1089 3821 1253 3883 Copemicus,
1278 3823 1314 3869 vir
1332 3827 1398 3869 certe
1417 3820 1477 3868 mire
1496 3832 1587 3881 sagax,
1613 3816 1702 3865 sedin
1719 3814 1767 3864 hoo

404 3891 488 3941 minus
507 3890 632 3944 oculatus,
658 3905 714 3939 cum
733 3891 778 3939 has
797 3892 932 3940 Ptolemaei
959 3893 1091 3941 distantias
1111 3893 1278 3948 examinaret,
1300 3907 1343 3941 eas
1361 3892 1418 3940 inde
1437 3889 1606 3953 reprehendit,
1633 3887 1767 3951 quiscum

405 3962 531 4011 maximae
550 3962 582 4009 ad
601 3963 728 4010 minimam
742 3964 805 4010 ratio
827 3963 901 4025 dupla
915 3965 965 4011 fere
979 3965 1019 4019 sit,
1040 3964 1187 4012 diametrum
1206 3979 1301 4027 quoque
1315 3964 1402 4012 Lunae
1416 3964 1550 4026 perigaeae
1564 3960 1636 4023 duplo
1648 3960 1767 4019 majorem

406 4033 484 4083 videri
506 4036 640 4096 oportuerit
658 4033 777 4082 diametro
796 4034 884 4083 Lunae
905 4049 1041 4099 apogaeae.
1077 4035 1149 4095 Quae
1169 4035 1297 4098 Copernici
1316 4035 1497 4099 argumentatio
1517 4032 1593 4080 fallax
1611 4037 1665 4079 ost:
1686 4042 1766 4093 neque

405 4106 473 4157 enim
492 4105 513 4152 si
532 4105 597 4154 duae
615 4104 665 4152 sint
685 4105 802 4168 aequales
822 4106 1014 4169 magnitudines,
1035 4121 1136 4169 quarum
1156 4107 1236 4155 altera
1260 4113 1367 4162 centum,
1388 4105 1467 4154 altera
1486 4104 1600 4152 ducentis
1619 4100 1732 4165 passibus
1751 4114 1767 4149 a

406 4185 433 4227 te
453 4175 536 4236 distet,
556 4190 658 4226 necesse
678 4184 716 4225 est
735 4177 807 4239 duplo
827 4180 944 4237 majorem
959 4179 1025 4225 cerni
1044 4179 1180 4240 propiorem
1200 4178 1395 4242 magnitudinem
1409 4190 1483 4239 quarn
1496 4176 1668 4225 remotiorem:
1687 4186 1767 4236 neque

404 4249 431 4298 id
451 4246 502 4295 ulla
521 4249 613 4311 optices
633 4250 815 4311 geometriacvc
835 4248 1012 4298 demonstratio
1027 4250 1112 4298 dccet:
1132 4251 1249 4298 imovero
1265 4250 1344 4299 dictat
1363 4250 1446 4311 optica
1465 4261 1513 4307 ars,
1534 4246 1651 4310 aequales
1670 4245 1767 4308 magui·

404 4317 505 4369 tudiues
524 4319 556 4367 ab
579 4320 649 4368 oculo
677 4319 842 4382 inaequaliter
870 4319 991 4369 distantes
1019 4321 1110 4369 habere
1129 4322 1248 4369 minorem
1277 4322 1396 4369 rationem
1425 4318 1579 4383 angulorum,
1606 4317 1653 4366 sub
1681 4315 1767 4379 quibus

404 4394 555 4449 cernuntur,
586 4405 659 4454 quam
684 4391 865 4440 distantiarum.
904 4391 975 4440 Unde
1003 4393 1078 4441 etiam
1098 4392 1235 4456 colligitur,
1264 4393 1316 4440 fieri
1336 4406 1406 4455 posse
1427 4398 1455 4439 ut
1473 4389 1611 4439 Ptolemaei
1630 4386 1767 4437 distantiae

404 4474 481 4511 verae
500 4461 550 4509 sint
569 4468 594 4511 et
613 4470 696 4511 tamen
716 4463 828 4511 diametri
848 4464 934 4511 Lunae
954 4463 1021 4514 haud
1039 4478 1191 4528 magnopere
1211 4465 1358 4526 discrepent.

497 4546 543 4609 23)
563 4567 585 4614 p.
608 4548 666 4598 523,
705 4551 814 4600 Libellus
843 4553 1004 4602 Germanicus
1037 4553 1183 4614 inscriptus:
1215 4550 1416 4609 „Ausfirhrlicher
1443 4548 1559 4598 Bericht“
1589 4546 1653 4601 dte,
1681 4544 1771 4609 prodiit

404 4622 490 4673 Halae
517 4622 642 4670 Saxonum
670 4636 735 4671 anno
759 4621 833 4670 1608,
872 4624 939 4685 Opus
970 4623 1073 4673 latinum
1102 4624 1191 4685 prodiit
1218 4626 1347 4687 Augustae
1373 4622 1447 4671 Viud.
1476 4620 1594 4670 sumtibus
1623 4618 1679 4667 Seb.
1699 4616 1769 4679 Mylii
1844 4656 1848 4672 ,

404 4709 473 4743 auno
494 4688 571 4753 1619,
595 4696 755 4756 inscriptum:
784 4695 821 4742 De
851 4695 958 4743 Cernetis
983 4695 1057 4743 libelli
1081 4703 1138 4743 tres.
1177 4695 1205 4743 lu
1233 4695 1307 4743 literis
1334 4695 1356 4743 d.
1385 4694 1409 4743 1.
1429 4694 1493 4758 Aug.
1515 4689 1591 4740 1619.
1611 4690 1644 4739 ad
1663 4688 1769 4738 Remum

404 4774 473 4825 datis
491 4774 727 4836 scribitKeplerust
757 4769 856 4820 haeret
887 4769 956 4820 liber
986 4785 1063 4820 meus
1092 4770 1124 4820 de
1154 4769 1273 4822 Cernetis
1304 4785 1436 4822 annorum
1470 4765 1673 4821 leot—1619.
1706 4763 1769 4831 jam

406 4840 537 4920 quartum
559 4849 586 4901 in
607 4864 726 4900 mensem
747 4853 910 4919 Augustae,
933 4847 961 4899 in
982 4864 1035 4917 quo
1056 4855 1120 4901 sunt
1140 4850 1314 4902 theoremata
1336 4851 1370 4900 ad
1393 4849 1439 4912 30,
1462 4847 1560 4918 quibus
1582 4845 1672 4914 posito
1693 4850 1766 4897 motu

405 4930 512 4983 Terrae
535 4945 627 4981 omnes
649 4928 832 4996 apparentiae
854 4935 1029 4990 cometarum,
1052 4929 1134 4981 etiam
1150 4930 1196 4981 via
1216 4930 1350 4991 flexuosa,
1368 4946 1418 4997 per
1433 4944 1577 4983 ascensum
1598 4924 1769 4978 rectilineum

406 5008 638 5063 ordinatissimum
661 5004 698 5075 (si
720 5008 862 5078 quisquam
883 5007 1041 5061 rectilineus
1063 5016 1153 5062 motus
1174 5009 1202 5061 in
1224 5009 1398 5062 naturalibus
1420 5008 1561 5062 ordinatus
1580 5000 1637 5073 est)
1659 5006 1768 5057 demon·

408 5094 545 5144 strantur.
586 5088 731 5141 Pollicitus
752 5097 797 5142 est
817 5091 954 5142 excudere
976 5088 1039 5143 Seb.
1060 5090 1177 5159 Mylius,
1199 5091 1246 5142 sed
1268 5089 1313 5143 diu
1333 5090 1403 5143 nihil
1424 5086 1543 5157 scripsit.
1592 5090 1692 5154 (Mense
1720 5089 1768 5142 Oo-

406 5166 473 5217 tobri
491 5166 517 5215 in
536 5166 650 5231 catalogo
670 5166 835 5216 nundinarum
854 5166 968 5216 Francof.
988 5166 1124 5217 indicatum
1143 5173 1182 5217 est
1201 5164 1282 5229 opus.)
