4584 6192
466 627 511 698 9⁰
889 633 1393 700 'Madd-imm

466 812 575 891 pedum
602 807 790 874 lelllffld.
844 814 890 873 Da
921 813 1049 874 hominis
1082 816 1260 893 longitudini
1293 814 1386 892 pedes
1418 813 1455 885 ἶ,
1488 830 1561 892 ergo
1593 810 1696 871 tricies
1729 808 1823 870 semel

465 915 596 962 centena
618 900 769 961 hominurn
792 902 888 962 milhn
910 902 1036 979 deni-{ue
1060 923 1080 961 a
1102 904 1259 982 superficie
1284 904 1395 963 Terrae
1419 905 1457 961 ad
1485 911 1622 961 centrum
1644 896 1825 959 continuata

469 989 547 1051 serie
569 989 753 1067 pertingent.
791 988 869 1050 Esto
883 992 935 1063 ita,
960 986 1192 1070 600m5riades
1210 992 1362 1052 bominum
1385 991 1546 1051 metiantur
1564 988 1683 1066 globum
1699 986 1822 1059 Terrae,

467 1077 579 1158 myrias
611 1096 671 1137 una
693 1078 741 1148 (et
769 1079 859 1156 paulo
891 1079 974 1157 plus)
1004 1080 1160 1157 globorum
1188 1080 1299 1140 Terrae
1328 1080 1471 1140 metiatur
1502 1078 1663 1155 sphaeram
1689 1073 1824 1153 regionis

471 1164 636 1236 mobilium,
659 1184 782 1244 quorum
805 1166 948 1228 extimum
963 1166 1132 1229 Satnmns:
1158 1168 1341 1229 millenarius
1356 1187 1432 1229 unus
1446 1166 1565 1227 mobilis
1583 1163 1684 1225 muudi
1707 1162 1823 1242 sphae-

468 1272 567 1314 rarum
606 1253 748 1315 metiatur
785 1256 945 1333 sphaeram
983 1258 1108 1317 lisanum
1140 1276 1195 1317 sen
1228 1256 1453 1335 quiescentium.
1512 1254 1568 1316 Dic
1598 1253 1687 1325 mibi,
1724 1261 1823 1314 utrum

467 1341 665 1404 credibilius?
688 1342 916 1421 Proportionem
939 1344 1069 1405 hominis
1087 1346 1126 1405 ad
1146 1346 1268 1422 globum
1286 1345 1416 1405 Telluris
1436 1345 1579 1414 fatentur,
1603 1340 1826 1419 proportionem

469 1431 600 1491 mobilis
621 1431 720 1490 muudi
754 1433 793 1490 ad
826 1435 901 1493 lixas
934 1447 1062 1511 negant,
1096 1452 1174 1513 quae
1208 1434 1287 1495 illius
1326 1432 1528 1512 proportionis
1559 1430 1610 1489 cis
1642 1441 1691 1490 est
1723 1428 1825 1490 sexies

468 1518 627 1580 millesima
650 1520 808 1596 particula.
855 1522 900 1581 At
922 1522 1033 1588 sideas,
1050 1522 1241 1600 analogium,
1275 1521 1325 1582 ubi
1348 1530 1472 1599 superat
1494 1518 1690 1598 magnitudo,
1722 1517 1826 1579 deficit

467 1605 620 1678 diuinitas,
646 1606 674 1666 iu
697 1607 785 1668 mulis
807 1608 1033 1671 diminutionem
1057 1612 1190 1671 succedit
1220 1610 1373 1671 nobilitas.
1411 1608 1608 1688 Amplissima
1629 1615 1677 1666 est
1699 1606 1825 1668 fixarum

470 1694 609 1773 sphaera,
636 1705 719 1755 motu
742 1696 835 1772 nullo,
859 1699 950 1760 iners.
973 1695 1122 1776 ‘Sequitur
1136 1700 1263 1760 mundus
1285 1697 1416 1771 mobilis,
1439 1698 1487 1758 hic
1501 1697 1567 1774 jam
1591 1707 1704 1774 quanto
1717 1694 1824 1767 minor,

471 1794 558 1843 tauto
580 1783 719 1854 divinior,
743 1787 820 1863 quod
844 1797 957 1848 motum
980 1789 1098 1865 accepit
1122 1801 1185 1848 tam
1210 1786 1435 1855 admirabilem,
1465 1797 1527 1844 tam
1553 1783 1733 1844 ordinatum.
1781 1781 1827 1844 Ac

471 1891 528 1932 uon
553 1870 694 1932 discurrit
714 1873 797 1933 locus
812 1875 881 1944 istc,
904 1895 961 1936 non
986 1877 1191 1948 ratiocinatur,
1215 1883 1338 1936 nonest
1360 1875 1515 1953 praeditus
1539 1873 1685 1933 facultate
1700 1870 1825 1933 animali

471 1969 642 2038 vegetante,
667 1962 745 2039 quod
760 1961 824 2038 ugit
843 1982 901 2023 non
925 1965 1040 2036 didicit,
1064 1966 1118 2024 sed
1142 1966 1319 2042 impressum
1334 1964 1456 2034 retinet,
1480 1962 1557 2041 quod
1573 1968 1704 2034 nonest,
1729 1979 1826 2041 neque

467 2049 536 2120 erit,
562 2050 719 2127 necquod
743 2063 801 2124 est,
825 2075 842 2110 a
866 2070 900 2110 so
925 2056 1118 2113 factumest.
1160 2054 1243 2113 ldem
1267 2062 1378 2123 manet,
1402 2052 1451 2131 qui
1475 2051 1615 2111 conditus
1638 2057 1696 2109 est.
1743 2047 1826 2109 Suc-

469 2137 552 2198 cedit
579 2156 651 2215 crgo
678 2138 772 2217 pilula
803 2139 878 2201 haec
910 2157 1031 2214 nostra,
1067 2142 1244 2220 tuguriolum
1276 2155 1428 2214 nostrum,
1461 2139 1570 2200 matrix
1601 2136 1825 2215 vegetamrium.

469 2225 535 2304 ipsa
565 2225 645 2286 intus
677 2227 839 2288 informata
871 2249 930 2289 una
962 2231 1081 2303 anima,
1122 2230 1300 2291 mirabilium
1340 2248 1462 2307 operum
1498 2224 1762 2298 architectatrice,
1794 2235 1825 2285 et

468 2314 637 2375 accendens
661 2314 698 2374 de
725 2334 758 2375 se
783 2316 849 2394 ipsa
872 2328 919 2378 tot
951 2318 1102 2397 stirpium,
1136 2329 1183 2379 tot
1205 2319 1350 2396 piscium,
1384 2324 1430 2378 tot
1464 2317 1644 2376 insectorum
1677 2313 1826 2375 animulas

468 2402 621 2480 quotidie:
656 2411 689 2463 nt
727 2404 814 2465 facile
845 2407 953 2467 molem
987 2406 1132 2485 reliquam
1170 2425 1223 2486 pro
1260 2406 1317 2467 hac
1354 2426 1410 2466 sua
1446 2404 1603 2465 nobilitate
1639 2409 1825 2464 contemnat.

466 2491 604 2569 Denique
636 2490 706 2549 uide
735 2492 806 2553 mibi
837 2495 1035 2555 animalcula!
1085 2495 1130 2556 At
1160 2495 1201 2556 ibi
1230 2495 1295 2571 jam
1319 2514 1425 2554 seusus
1459 2502 1489 2554 et
1522 2490 1683 2552 uoluntarii
1715 2498 1826 2563 motus,

470 2578 673 2639 architectura
706 2598 861 2659 corpomm
892 2583 1026 2644 infinita:
1060 2584 1130 2645 ride
1153 2584 1223 2644 mihi
1248 2585 1327 2644 inter
1349 2582 1403 2643 illa
1432 2580 1615 2660 pulvisculus
1647 2580 1717 2653 hos,
1751 2598 1827 2659 quos

469 2666 605 2726 homines
629 2666 743 2738 dicunt,
767 2670 796 2730 in
821 2670 927 2749 quibus
950 2662 1006 2731 Dei
1031 2672 1140 2750 imago,
1160 2672 1210 2750 qui
1228 2671 1348 2732 Domini
1363 2681 1433 2731 sunt
1448 2670 1542 2731 totius
1563 2669 1658 2729 molis.
1694 2667 1735 2728 Et
1758 2665 1827 2747 quis

383 2765 395 2786 ·
471 2763 520 2814 est
543 2765 697 2828 uostmm,
723 2758 770 2835 qui
800 2770 885 2838 optet
907 2760 965 2820 sibi
996 2780 1103 2840 corpus
1135 2761 1235 2821 nrurrdi
1270 2759 1485 2838 amplitudine,
1520 2766 1553 2817 ut
1576 2775 1630 2835 pro
1654 2775 1690 2817 eo
1722 2763 1828 2817 careat

468 2842 589 2903 anima?
635 2844 795 2906 Discamus
836 2848 927 2927 igitur
971 2850 1117 2910 creatoris
1155 2848 1321 2927 ingenium,
1362 2867 1418 2907 non
1463 2845 1620 2925 gloriantis
1656 2845 1734 2906 molo
1772 2843 1827 2904 sed

467 2933 656 2992 attenuantis
680 2952 731 3005 ea,
760 2954 836 3013 qnae
859 2937 925 2998 vult
949 2938 1070 2998 nobilia
1121 2938 1190 2998 ¹Non
1215 2947 1262 2997 est
1286 2936 1413 2996 mundus
1437 2936 1503 2996 Deo
1526 2953 1671 3012 magnus,
1693 2933 1747 2994 sed
1772 2951 1828 2993 nos

466 3039 569 3081 sumus
602 3022 711 3082 mundo
742 3026 836 3101 parvi.
884 3026 1021 3103 Denique
1052 3044 1106 3104 per
1137 3027 1212 3086 haec
1246 3044 1337 3103 supra
1365 3024 1447 3084 dicta
1482 3021 1641 3083 interualla
1673 3022 1827 3083 discamus

465 3110 667 3169 conscendere
687 3110 725 3171 ad
745 3114 965 3174 aestimandam
980 3114 1098 3174 divinae
1123 3115 1277 3192 potentiae
1301 3112 1537 3192 amplitudinem.

560 3196 699 3258 Remotis
721 3198 814 3277 igitur
837 3202 1075 3278 objectionibus,
1109 3222 1184 3281 quae
1207 3212 1348 3281 poterant
1368 3220 1435 3261 esse
1459 3199 1634 3267 obstaculo,
1660 3196 1726 3274 jam
1750 3215 1828 3257 con-

468 3284 641 3346 siderentur
669 3286 813 3349 rationcs.
860 3291 961 3351 Prima
985 3304 1033 3350 cst
1057 3291 1085 3351 in
1110 3289 1230 3371 Opticis
1253 3309 1319 3368 cap.
1349 3290 1370 3349 l.
1416 3289 1543 3349 Ducitur
1565 3308 1584 3346 a
1613 3283 1723 3346 nature
1752 3286 1829 3348 lucis

468 3374 496 3432 iu
521 3391 637 3434 omnem
670 3376 772 3437 orbem
802 3396 835 3438 se
868 3380 1050 3459 spargentis.
1095 3378 1149 3440 Sol
1173 3389 1222 3439 est
1245 3380 1311 3439 loris
1336 3378 1420 3440 lucis.
1468 3377 1549 3454 Ergo
1583 3376 1611 3436 in
1645 3383 1761 3447 centro,
1795 3383 1831 3435 ut

467 3469 596 3539 spargat
618 3472 649 3521 et
674 3464 872 3543 dispertiatur
896 3469 990 3528 lucem
1014 3467 1101 3529 lineis
1125 3468 1312 3547 aequalibus.

558 3550 660 3611 italici
693 3554 863 3633 philosophi
899 3557 977 3634 apud
1003 3557 1099 3617 Arist.
1125 3558 1161 3616 l..
1187 3557 1226 3617 ll.
1259 3556 1296 3615 de
1330 3555 1431 3626 coelo,
1464 3571 1490 3611 c.
1519 3549 1568 3613 13.
1594 3551 1683 3629 paulo
1717 3549 1827 3611 aliter:

468 3639 578 3711 pulice
600 3661 757 3717 προσηκω
779 3646 985 3715 coincrcodar
1008 3666 1240 3723 conopeorum
1266 3666 1320 3704 roo
1347 3663 1466 3711 nuncc-
1503 3640 1581 3701 Esse
1605 3648 1707 3699 auteur
1730 3639 1829 3702 locum

468 3728 818 3805 praestantissimorum
849 3756 961 3805 penos,
994 3734 1064 3813 quia
1098 3735 1264 3805 internum,
1298 3733 1399 3811 itaque
1432 3751 1466 3790 ro
1500 3748 1599 3803 pauor
1634 3727 1830 3805 appellarunt

468 3818 704 3893 ciceronianus.
744 3818 795 3880 Sic
820 3821 907 3900 ignis,
933 3822 996 3894 Sol,
1021 3823 1050 3882 in
1075 3830 1189 3896 centro,
1214 3821 1368 3882 custodiae
1392 3839 1494 3880 causa.
1533 3817 1565 3877 Si
1589 3838 1624 3876 ro
1646 3837 1741 3889 pauor
1755 3819 1829 3887 Λιος

466 3908 590 3981 coram,
615 3925 686 3985 ergo
710 3930 745 3967 ro
762 3931 820 3987 nup
841 3913 913 3979 daeg
937 3909 1108 3986 ὀφθαλμος,
1132 3921 1166 3971 ut
1184 3909 1237 3971 Sol
1262 3919 1311 3969 est
1335 3913 1407 3978 Aaou
1431 3907 1602 3982 ὀφθαλμος,
1626 3913 1729 3965 custos
1754 3904 1828 3984 uigil

467 4005 499 4053 et
521 3996 694 4073 speculator
713 3998 823 4059 mundi.
862 3998 943 4075 Ergo
964 4021 999 4059 ro
1016 4022 1074 4076 nvp
1099 4000 1312 4061 intellexerunt
1331 3997 1444 4057 Solem.
1483 3994 1630 4063 Quamuis
1654 3994 1710 4053 hoc
1733 4012 1828 4071 argu·

468 4097 599 4143 mentum
630 4083 707 4144 infra
730 4087 796 4164 plus
820 4088 978 4147 conveniat
1003 4108 1070 4148 cum
1094 4088 1154 4147 alio
1178 4095 1363 4164 argumento,
1388 4084 1482 4145 Arist.
1509 4083 1589 4160 ipsos
1618 4081 1709 4151 ridet,
1740 4080 1829 4143 osen

469 4167 581 4240 ‹cdrooc
594 4176 638 4232 dec
659 4176 864 4251 doputismdm
882 4197 947 4252 repr
965 4199 999 4235 ro
1017 4198 1083 4249 nor,
1104 4175 1173 4236 oribe
1192 4176 1315 4254 eiouysrs
1332 4177 1462 4251 polanus
1480 4170 1525 4232 im
1543 4191 1579 4230 ro
1594 4191 1722 4248 aenpor,
1742 4169 1830 4249 quasi

467 4275 523 4336 pro
547 4279 644 4321 rerum
670 4263 866 4324 universitate
890 4264 1042 4345 trepident
1064 4275 1095 4325 ct
1117 4263 1301 4343 praesidium
1322 4263 1361 4322 od
1381 4271 1516 4323 centrum
1540 4259 1708 4320 collocent:
1733 4278 1828 4339 quare

468 4365 574 4425 nempe
603 4348 705 4410 ridet?
736 4349 817 4421 Quia
841 4352 900 4412 etsi
930 4353 1047 4413 medius
1075 4362 1107 4414 et
1134 4351 1414 4432 praestantissimus
1443 4351 1526 4410 locus
1560 4348 1621 4425 igni
1655 4346 1827 4420 deberetur,

467 4435 596 4496 medium
621 4447 653 4498 et
675 4441 869 4517 praestantia
892 4439 993 4502 tamen
1018 4452 1068 4503 cst
1092 4442 1260 4521 multiplex.

557 4525 620 4587 lmo
645 4528 856 4602 uAristotelc,
881 4530 958 4609 quod
981 4550 1038 4590 uon
1059 4531 1150 4591 estin
1171 4530 1271 4608 spatio
1296 4525 1436 4598 medium,
1461 4524 1490 4584 id
1510 4522 1671 4602 improprie
1697 4522 1830 4586 medium

467 4621 514 4674 cst
538 4623 568 4675 ct
591 4633 645 4694 per
669 4616 756 4693 hujus
780 4619 961 4696 analogiam.
997 4620 1075 4680 Nam
1099 4626 1287 4697 agrroierunt
1307 4614 1508 4695 l'ythagoraei
1534 4611 1722 4672 verissimam
1749 4612 1828 4674 hano

467 4704 658 4776 sententiam,
684 4704 712 4764 iu
737 4708 904 4785 geometria
927 4726 996 4767 esse
1020 4708 1217 4787 archetypum
1242 4705 1336 4765 totius
1368 4702 1479 4762 mrmdi.
1528 4699 1604 4762 Cum
1628 4719 1701 4778 ergo
1726 4700 1830 4763 muudi

466 4790 655 4870 sphaericum
679 4792 720 4854 sit
744 4813 801 4854 non
825 4803 942 4856 tantum
974 4796 1070 4857 locale
1100 4797 1154 4856 sed
1186 4794 1323 4854 rrutumle
1356 4790 1566 4869 sphaericum,
1597 4789 1667 4869 quia
1699 4790 1832 4851 mundus

467 4878 544 4941 banc
568 4881 693 4958 liguram
727 4884 879 4961 suscepit,
913 4904 983 4958 crgo
1015 4894 1046 4944 et
1077 4884 1165 4962 hujus
1196 4880 1344 4959 sphaerici
1378 4879 1508 4940 medium
1538 4878 1755 4956 geometricum
1781 4885 1832 4939 est

466 4967 558 5029 etiam
588 4990 622 5028 co
646 4990 696 5045 cpe
730 4990 849 5045 φνσεως
880 4993 980 5042 precor.
1028 4972 1062 5033 si
1087 4971 1248 5040 anirualia,
1281 4988 1357 5047 «puae
1382 4967 1568 5028 Aristoteles
1600 4984 1655 5044 pro
1688 4967 1830 5047 exemplo

467 5056 601 5132 adducit,
626 5057 756 5118 rotunda
780 5075 847 5117 esse
871 5060 1050 5138 potuissent,
1076 5081 1128 5122 cor·
1152 5059 1252 5137 utique
1278 5058 1305 5117 in
1330 5065 1433 5116 centro
1457 5054 1645 5116 habuissent.

1031 5303 1052 5332 Ο
