4584 6192
974 583 1057 649 Caput
1075 585 1119 635 lll.
1141 583 1165 635 l.
1363 595 1367 600 '
1688 587 1749 656 165

385 753 489 820 'Multa
511 759 595 823 enim
618 760 787 841 hujusmodi
811 770 881 823 sunt
905 763 993 823 aliter
1016 761 1045 822 in
1070 763 1213 842 imagine,
1245 784 1332 844 quam
1357 764 1385 826 in
1410 784 1451 827 re.
1499 766 1616 828 Deinde
1639 778 1747 848 postn-

393 850 484 910 latum
509 850 589 929 quod
615 870 652 911 ex
676 853 772 913 fronte
797 852 864 912 libri
888 852 1000 931 repetit
1024 853 1161 931 equidem
1186 873 1243 913 non
1268 853 1421 932 intelligo,
1451 854 1507 915 uisi
1532 864 1674 935 quantum
1702 858 1748 919 lric

393 937 465 998 lucis
489 939 668 1001 Alhazenus
691 940 793 1001 Arabs
823 943 957 1020 praefert
981 940 1030 1001 lib.
1057 938 1087 1012 5,
1111 941 1149 1003 Ν.
1174 939 1204 1008 9.
1234 939 1282 1003 10.
1307 944 1385 1003 unde
1410 943 1536 1005 Vitellio
1561 966 1616 1006 sua
1645 955 1748 1008 trans-

393 1026 471 1088 tulit.
488 1024 531 1100 Η)
948 1039 951 1044 ’

478 1117 657 1178 Alhazenus
682 1117 768 1179 initio
792 1118 907 1196 prolixe
932 1117 969 1177 ab
994 1118 1181 1196 experientia
1202 1119 1319 1196 probat,
1347 1119 1443 1180 locum
1469 1120 1607 1199 imaginis
1632 1141 1750 1202 semper

392 1223 458 1264 esse
484 1205 515 1267 iu
540 1207 780 1285 perpendiculari
804 1227 841 1267 ex
861 1226 892 1266 re
916 1226 1008 1285 supra
1031 1207 1216 1286 superficiem
1241 1208 1365 1286 speculi.
1403 1209 1520 1270 Deinde
1543 1211 1582 1273 N.
1608 1206 1627 1273 9
1652 1220 1683 1273 et
1709 1209 1749 1274 10

393 1293 497 1354 nititur
530 1295 619 1370 hujus
643 1296 685 1356 rei
709 1315 817 1356 causas
849 1296 985 1356 reddere.
1033 1294 1175 1356 Ceterum
1208 1313 1270 1372 ego.
1292 1316 1329 1357 ne
1362 1297 1408 1357 lric
1440 1299 1558 1378 quidem
1592 1301 1748 1380 quicquam

393 1383 498 1443 melius
533 1384 688 1461 intelligo,
724 1385 781 1445 nisi
806 1385 882 1445 hauc
907 1385 1043 1446 ultimam
1072 1385 1263 1447 sententiam.
1310 1397 1419 1460 Rerum,
1443 1386 1547 1465 inquit,
1579 1400 1764 1454 naturalium*

394 1480 482 1526 status
496 1474 613 1544 respicit
627 1475 696 1527 situs
712 1492 822 1529 suorum
836 1476 1040 1544 principiorum,
1063 1481 1092 1528 et
1107 1474 1242 1545 principia
1256 1494 1346 1529 rerum
1367 1479 1535 1531 naturalium
1550 1486 1615 1532 sunt
1629 1481 1746 1534 occulta.

394 1549 508 1620 Quibus
537 1553 638 1614 verbis
667 1553 724 1613 duo
753 1554 845 1614 dicit:
879 1554 1006 1633 primum
1030 1554 1140 1631 repetit
1165 1554 1194 1613 id
1221 1555 1331 1632 ipsum,
1367 1557 1444 1633 quod
1473 1565 1540 1616 erat
1561 1558 1747 1637 propositum

395 1640 477 1711 (nibil
503 1641 584 1702 enirn
616 1642 697 1702 aliud
730 1644 874 1717 sonant),
907 1643 1014 1702 deinde
1050 1662 1173 1702 causam
1206 1644 1417 1722 subjuncturus
1456 1645 1530 1705 dicit
1558 1646 1639 1706 illam
1679 1665 1747 1708 ease

399 1729 555 1792 occultam.
601 1732 646 1791 At
671 1731 725 1791 hoc
750 1750 808 1792 non
833 1741 881 1792 est
905 1732 1120 1792 demonstrare.

483 1819 616 1880 Videtur
639 1828 739 1879 tamen
762 1820 818 1882 hnc
834 1821 977 1891 alludere,
993 1820 1070 1881 hanc
1093 1819 1234 1898 imaginis
1254 1820 1282 1880 in
1306 1821 1544 1898 perpendiculari
1569 1822 1747 1885 locationem

392 1906 450 1984 jam
475 1907 549 1969 olim
573 1928 593 1969 a
616 1908 681 1968 Deo
706 1909 859 1970 conditore
883 1910 926 1970 sic
956 1928 1022 1968 esse
1055 1909 1265 1981 constitutam,
1301 1910 1378 1987 qnod
1407 1910 1451 1971 sic
1480 1918 1563 1971 esset
1592 1912 1747 1990 optimum,

399 2014 449 2056 nec
474 1995 595 2075 dignior
628 1997 749 2076 imagini
775 1999 858 2059 locus
891 1997 1016 2059 attribui
1047 1998 1159 2076 possit,
1193 1998 1272 2075 quod
1294 1997 1404 2075 probat
1428 2020 1446 2059 a
1468 2000 1544 2060 situs
1575 1998 1746 2063 idemtitate

398 2091 446 2145 ant
478 2086 634 2146 contraria
666 2087 843 2147 variatione.
899 2087 1025 2147 Vitellio
1059 2087 1155 2165 ipsum
1191 2094 1311 2146 secutus
1346 2087 1437 2148 etiam
1470 2088 1507 2148 de
1539 2088 1640 2149 anima
1671 2110 1747 2168 equae

399 2173 503 2235 risioni
527 2175 700 2253 praesidet,
730 2176 917 2254 suspiciones
941 2175 1083 2253 concipit,
1118 2175 1205 2254 quasi
1228 2175 1303 2234 haec
1327 2183 1410 2236 certo
1440 2177 1569 2257 quodam
1594 2197 1647 2238 suo
1671 2198 1746 2240 con-

400 2261 460 2323 silio
486 2264 674 2341 speculariae
698 2266 833 2325 rationes
857 2266 1025 2325 constituat
1048 2265 1098 2324 lib.
1125 2263 1154 2337 5,
1181 2284 1210 2342 p.
1239 2261 1286 2325 18.
1308 2260 1347 2336 ¹⁸)

483 2353 580 2431 Atqui
600 2354 657 2413 hae
673 2353 847 2414 affectiones
863 2372 966 2414 omnes
985 2353 1081 2413 visum
1097 2372 1134 2412 ex
1151 2353 1299 2413 materiali
1316 2352 1500 2414 necessitate
1515 2363 1745 2434 consequuntur,

400 2438 445 2499 ubi
468 2441 552 2501 nulla
575 2442 642 2502 linis
666 2450 719 2503 aut
741 2442 972 2521 pulchritudinis
996 2442 1196 2502 consideratio
1220 2442 1318 2503 locum
1342 2441 1442 2502 habet.

476 2530 643 2591 Praeterea
670 2531 843 2592 Alhazenus
872 2531 901 2591 in
935 2532 1024 2609 plano
1058 2532 1181 2609 speculo
1210 2531 1248 2590 ad
1281 2532 1440 2592 veritatem
1473 2531 1595 2609 propius
1629 2533 1746 2613 quidem

398 2615 504 2692 alludit,
527 2618 572 2679 sic
588 2627 697 2693 tamen,
719 2620 870 2680 utstatim
887 2619 1034 2680 instantia
1049 2620 1150 2699 aliqua
1164 2620 1260 2697 ipsum
1280 2620 1408 2692 refellat,
1430 2620 1508 2692 dum,
1527 2619 1630 2699 inquit,
1646 2621 1746 2702 imago

400 2707 522 2767 cernitur
541 2708 570 2767 in
595 2708 816 2786 perpendiculo,
838 2708 953 2787 justam
969 2717 1000 2769 et
1019 2709 1063 2769 rei
1087 2708 1181 2786 ipsius
1196 2707 1289 2769 habet
1312 2709 1559 2786 magnitudinem.
1597 2710 1642 2770 At
1665 2711 1745 2772 iusto

401 2811 464 2871 ego:
490 2815 548 2856 nou
574 2816 642 2856 esse
667 2816 800 2866 necesse,
825 2806 858 2857 ut
877 2798 993 2875 justam
1017 2798 1154 2858 obtineat
1177 2797 1420 2876 magnitudinem,
1445 2805 1550 2876 patere
1574 2800 1745 2873 excurris,

401 2882 442 2943 ubi
463 2903 584 2963 semper
608 2895 741 2946 mutatur
764 2886 927 2965 quantitas.
975 2884 1096 2956 Quaero
1121 2904 1203 2964 ergo,
1228 2886 1297 2965 quid
1322 2905 1431 2947 causae
1452 2885 1493 2947 sit
1516 2905 1568 2948 cur
1590 2887 1691 2965 potius
1714 2888 1745 2950 in

402 2969 481 3047 plano
505 2992 579 3034 vera
603 2974 758 3053 quantitas
782 2974 938 3048 habeatur,
965 2994 1053 3055 quam
1076 2976 1106 3036 in
1130 2993 1231 3035 curvo.

476 3060 537 3123 Sed
563 3063 636 3123 illud
660 3065 781 3142 insuper
804 3064 997 3125 vehementer
1012 3063 1111 3142 arguit
1130 3062 1256 3141 opticus,
1282 3062 1360 3143 quod
1375 3065 1434 3122 uon
1457 3063 1583 3125 eandem
1607 3071 1746 3127 statuunt

405 3165 515 3211 causam
540 3152 629 3228 hujus
653 3154 706 3226 rei,
732 3172 797 3212 curn
822 3153 850 3212 in
875 3153 1100 3230 repercussione
1124 3161 1187 3214 turn
1211 3153 1240 3213 in
1265 3151 1455 3213 refractione.

476 3239 604 3301 Vitellio
629 3238 757 3302 lib-10.
782 3260 827 3319 pr.
856 3238 894 3301 13
919 3243 1189 3314 demonstraturus,
1215 3241 1374 3320 imaginem
1394 3261 1413 3300 a
1428 3240 1607 3301 refractione
1632 3242 1744 3303 iactam

403 3323 527 3389 similiter
559 3330 587 3389 in
622 3330 860 3408 perpendiculari
894 3331 1077 3402 consistere,
1113 3349 1189 3410 quae
1222 3350 1241 3389 a
1267 3349 1299 3390 re
1329 3328 1357 3389 in
1392 3329 1577 3409 superficiem
1611 3330 1745 3408 corporis
1811 3373 1814 3380 -

405 3412 538 3478 densioris
564 3418 691 3492 ducitur,
715 3419 971 3480 verbaalllrazeni
995 3421 1123 3480 fideliter
1146 3421 1249 3491 refert,
1275 3419 1374 3487 credo,
1400 3419 1550 3497 quianon
1575 3419 1745 3482 consultum

404 3520 458 3564 esse
480 3507 613 3584 putavit,
649 3508 813 3569 buculcus
844 3516 968 3586 tangere
1000 3517 1050 3569 aut
1080 3526 1137 3568 non
1166 3508 1256 3587 plane
1289 3507 1445 3569 intellecta
1475 3515 1588 3569 temere
1617 3516 1743 3570 mutare.

405 3590 651 3671 Argumentantur
681 3617 717 3657 ex
750 3596 966 3675 compositione
1001 3604 1100 3658 motus
1134 3596 1264 3675 obliqui,
1300 3597 1377 3674 quod
1408 3598 1434 3657 is
1466 3598 1507 3658 sit
1536 3616 1574 3657 ex
1605 3606 1689 3658 recto
1713 3606 1745 3658 et

403 3683 532 3755 parallelo
562 3685 601 3744 ad
630 3687 815 3764 superficiem
849 3685 1006 3747 densioris.
1054 3684 1277 3746 Connexionem
1311 3684 1471 3746 difficulter
1501 3686 1619 3759 videas,
1654 3704 1742 3763 quam

406 3770 451 3830 etsi
473 3772 618 3834 admittas
642 3793 699 3833 non
724 3784 826 3834 tamen
849 3775 984 3853 prodibit
1014 3775 1166 3835 conclusio
1191 3773 1406 3834 mathematica
1429 3776 1509 3852 ejus,
1544 3775 1622 3852 quod
1645 3792 1741 3853 poue-

406 3853 500 3920 batur:
536 3879 632 3943 neque
657 3865 776 3930 statim,
812 3864 836 3922 si
866 3872 999 3934 constet,
1033 3864 1168 3923 alludere
1200 3862 1358 3940 imaginem
1388 3863 1427 3921 ad
1455 3862 1741 3942 perpendicularem,

408 3948 510 4020 patebit
532 3950 600 4012 ideo
625 3962 656 4011 et
679 3952 707 4011 in
733 3953 800 4030 ipsa
823 3951 1061 4030 perpendiculari
1086 3951 1261 4013 consistere.

481 4038 607 4100 Vitellio
636 4040 789 4119 subjungit
817 4041 965 4101 Albazeni
998 4041 1167 4107 sententiae
1191 4041 1222 4101 id
1251 4039 1329 4118 quod
1362 4038 1555 4117 impertinens
1580 4044 1611 4097 et
1634 4038 1743 4100 falsum

409 4121 474 4185 circa
495 4129 752 4207 repercussioneru
778 4148 868 4207 supra
892 4129 919 4189 in
940 4130 1065 4190 Euclide
1090 4138 1311 4190 notaveramus.
1354 4138 1399 4201 Si,
1422 4127 1526 4206 inquit,
1555 4122 1687 4207 pnno'tum
1718 4137 1744 4191 in

408 4218 529 4281 superficie
551 4219 696 4287 diaphani‚
720 4220 762 4271 eui
784 4219 880 4272 incidit
903 4219 1138 4288 perpendicularis
1161 4237 1198 4272 ex
1219 4237 1249 4272 re
1270 4220 1342 4280 visa,
1369 4218 1516 4288 contingat
1541 4218 1673 4271 abscondi
1693 4234 1745 4288 per

408 4297 623 4373 interpositionem
646 4309 725 4378 opaci
746 4308 834 4360 risum
856 4309 929 4386 iuter
951 4315 980 4361 et
1002 4308 1078 4371 illud,
1104 4326 1148 4360 res
1170 4308 1221 4361 illa
1241 4326 1294 4361 non
1315 4307 1460 4359 ridebitur.
1485 4298 1607 4362 Falsum
1622 4297 1744 4376 inquam

409 4388 453 4446 tat
491 4384 568 4446 Nam
600 4387 757 4446 dummodo
792 4388 916 4447 liberum
950 4387 990 4446 sit
1022 4396 1184 4465 punctum,
1222 4408 1240 4445 a
1269 4405 1325 4465 quo
1358 4385 1460 4445 radius
1485 4404 1522 4444 ex
1551 4405 1583 4446 re
1617 4385 1683 4446 visa
1706 4385 1744 4445 ad

409 4469 505 4532 oculum
529 4474 724 4553 refringatur,
751 4476 870 4535 omnino
894 4476 992 4553 imago
1017 4476 1058 4535 rei
1085 4476 1111 4534 in
1137 4476 1283 4554 profundo
1318 4472 1464 4534 radiantis
1497 4473 1655 4535 videbitur.
1702 4473 1745 4534 Et

411 4555 506 4631 quidem
529 4562 626 4641 prima
654 4572 744 4643 atque
776 4562 943 4624 evidentior
975 4571 1112 4624 occurret
1145 4565 1244 4642 imago
1274 4562 1375 4641 opaci,
1411 4562 1488 4643 quod
1519 4562 1584 4641 jam
1617 4561 1743 4622 dicimus

409 4652 543 4719 panasei
567 4652 597 4712 in
627 4672 734 4732 aquam
768 4652 901 4729 demergi
926 4662 958 4713 et
986 4651 1149 4731 interponi,
1184 4673 1221 4713 ex
1250 4651 1622 4729 repercussuconstituta
1652 4651 1743 4729 (quae

409 4749 448 4792 rea
466 4738 590 4801 sortasse
615 4741 812 4802 Vitellionem
846 4742 984 4814 fefellit),
1020 4742 1119 4801 altera
1142 4761 1213 4803 vero
1238 4750 1269 4802 et
1301 4740 1397 4802 minus
1431 4740 1554 4802 evidens
1578 4740 1677 4817 imago
1701 4738 1743 4800 rei

410 4817 434 4880 in
451 4829 587 4902 profundo
612 4830 774 4903 radiantis,
808 4849 862 4908 per
886 4830 1096 4891 refractionem
1125 4830 1308 4901 constituta,
1343 4830 1447 4890 eodem
1471 4830 1537 4890 loco
1561 4847 1627 4890 cnm
1650 4826 1742 4906 priori

411 4915 481 4987 opaci
501 4916 628 4997 imagine
654 4920 781 4979 contusa
804 4927 856 4979 aut
879 4921 969 4998 paulo
994 4928 1079 4979 trans
1104 4919 1185 4980 illam
1211 4918 1378 4997 apparebit.

425 5094 431 5106 ⁴
480 5012 524 5074 Ex
554 5016 702 5078 hocloco
733 5017 824 5077 etiarn
858 5018 930 5080 illud
965 5018 1129 5091 refutatur,
1160 5017 1238 5096 quod
1272 5016 1360 5076 modo
1395 5014 1523 5076 diximus
1556 5012 1744 5082 Alhazenuru

408 5111 475 5161 cuca
493 5104 573 5181 plani
596 5105 711 5185 speculi
736 5106 1008 5168 considerationem
1033 5125 1215 5186 usurpasse:
1241 5124 1277 5165 ex
1301 5103 1441 5183 imaginis
1464 5101 1635 5182 quantitate
1658 5102 1743 5183 sequi
