4584 6192
544 597 612 664 m
1012 596 1201 662 Paralipomena
1218 598 1245 647 in
1262 571 1430 649 Vitellimem.

545 775 637 838 riales
674 774 811 836 obtinent
848 772 1063 846 latitudinem),
1097 784 1227 837 videlicet
1253 784 1366 837 inferior
1386 790 1417 836 et
1435 776 1568 853 'superior
1600 774 1663 846 (vei
1698 773 1842 836 australis
1872 781 1906 835 et

545 863 690 937 borealis)
726 890 745 928 a
774 873 838 927 Sole
871 863 953 941 (jam
992 861 1162 935 occidente)
1194 873 1350 942 aequaliter
1385 873 1626 936 illuminabantur,
1658 876 1788 928 nrcvendo
1819 873 1904 927 etiam

545 954 676 1008 circulum
705 952 859 1008 latitudinis
890 970 1031 1022 quousque
1061 952 1145 1005 etiarn
1172 954 1270 1005 ambae
1290 959 1385 1021 partes
1417 953 1569 1022 superficiei
1600 953 1738 1007 interioris
1769 953 1903 1023 ejusdem,

544 1044 675 1098 videlicet
694 1046 795 1097 dexesa
814 1058 847 1095 ac
863 1042 976 1096 sinisera
997 1033 1065 1103 (seu
1089 1030 1244 1091 orientalis
1267 1040 1298 1101 et
1319 1031 1530 1103 occidentalis)
1552 1044 1697 1112 aequalem
1719 1060 1736 1095 a
1756 1044 1820 1098 Sole
1841 1044 1904 1097 illn-

546 1133 722 1188 minationem
743 1137 917 1199 acceperant.
961 1130 1051 1191 Quare
1080 1131 1102 1183 si
1124 1132 1192 1184 radii
1214 1131 1325 1185 Salaros
1356 1132 1500 1184 irretracte
1521 1134 1555 1184 ad
1582 1132 1668 1185 visum
1696 1124 1763 1193 (sen
1789 1124 1904 1183 instru-

548 1214 694 1283 mentum)
726 1220 882 1273 venissent:
909 1219 1026 1272 circulus
1053 1219 1206 1273 latitudinis
1228 1211 1378 1281 (sectione
1402 1211 1447 1270 sui
1471 1210 1690 1287 eteelipticae)
1717 1223 1806 1274 locum
1832 1221 1905 1275 Solis

505 1359 507 1364 .
552 1299 617 1381 (qni
645 1299 728 1378 prius
752 1299 780 1359 in
805 1297 927 1358 meridie
952 1299 1105 1372 iuventus,
1136 1309 1168 1358 et
1192 1298 1345 1359 additione
1369 1308 1467 1359 motus
1491 1299 1602 1360 horarii
1626 1299 1719 1361 debiti
1750 1309 1905 1361 correctns

549 1389 631 1460 erat)
654 1399 751 1469 utique
772 1398 946 1452 ostendisset.
989 1399 1042 1453 Sed
1064 1398 1244 1451 differentiam
1266 1399 1415 1452 notabilem
1440 1399 1540 1468 reperi.
1584 1388 1670 1459 (Alio
1694 1388 1760 1450 loco
1778 1388 1832 1450 Sol
1857 1389 1906 1449 in-

548 1476 725 1538 veniebatur
742 1495 780 1536 ex
804 1477 969 1537 meridiana
995 1476 1216 1550 observatione,
1241 1478 1301 1538 alio
1325 1479 1391 1538 loco
1417 1496 1452 1537 ex
1477 1477 1665 1556 vespertina)
1694 1494 1724 1541 ec
1750 1488 1823 1541 hanc
1844 1488 1905 1558 qui·

517 1618 522 1627 .
548 1580 609 1631 dem
632 1565 860 1637 (diberentiam)
880 1576 1037 1630 differenter
1062 1570 1134 1638 (non
1151 1584 1270 1645 semper
1289 1566 1449 1638 eandem):
1469 1575 1600 1643 majorem
1616 1577 1722 1645 quidem
1737 1578 1800 1630 dnm
1820 1577 1906 1632 decli·

552 1657 628 1711 natio
650 1655 721 1709 Solis
743 1656 874 1708 modicum
897 1664 1023 1710 creverat
1045 1664 1094 1710 aut
1115 1657 1284 1721 decreverat,
1307 1656 1436 1710 minorem
1456 1672 1530 1719 vero,
1552 1674 1612 1708 cum
1634 1656 1795 1710 notabiliter
1815 1666 1907 1711 muta·

549 1735 643 1800 batur,
667 1743 699 1790 nt
720 1736 747 1788 in
768 1736 894 1789 solstitiis
915 1737 1071 1801 maximam,
1094 1737 1120 1789 iu
1142 1737 1322 1806 aequinoctiis
1343 1754 1409 1789 vero
1430 1736 1583 1789 minimam:
1618 1737 1691 1808 (non
1716 1737 1793 1815 quod
1818 1744 1909 1797 tanta

550 1824 691 1887 fueritin
718 1824 792 1902 ipsis
816 1823 1048 1885 retractionibus
1073 1823 1216 1895 varietas,
1241 1825 1294 1884 sed
1315 1826 1384 1903 quia
1403 1825 1460 1885 etsi
1485 1823 1646 1884 declinatio
1662 1823 1742 1885 Solis
1767 1824 1908 1905 utrinqne

549 1913 718 1994 aequaliter
764 1912 1005 1974 adulteraretur:
1030 1912 1100 1992 quia
1122 1920 1222 1972 tamen
1248 1932 1286 1973 ex
1309 1913 1510 1975 declinatione
1539 1913 1667 1973 babetur·
1696 1911 1852 1990 longitudo
1877 1921 1910 1973 et

549 2023 586 2065 ex
614 2002 726 2063 vitiosa
758 2000 959 2062 declinatione
989 2001 1100 2062 vitiosa
1124 2002 1295 2078 longitudo,
1330 2003 1397 2080 plus
1429 2002 1520 2080 igitur
1550 2002 1625 2062 baec
1648 2000 1678 2060 in
1703 2001 1907 2063 declinatione

549 2090 701 2154 aberratio
726 2089 819 2164 fallit,
852 2089 900 2150 ubi
925 2091 974 2150 uni
1004 2091 1108 2168 gradui
1143 2089 1338 2168 longitudinis
1367 2091 1483 2151 unicum
1515 2089 1726 2151 declinationis
1759 2091 1907 2153 minutum

550 2178 727 2260 respondet,
758 2178 836 2257 quod
858 2178 892 2239 lit
916 2199 1021 2240 versus
1052 2179 1201 2251 solstitia,
1227 2199 1315 2258 quam
1339 2180 1388 2240 ubi
1417 2179 1466 2240 uni
1494 2179 1600 2257 gradui
1629 2178 1828 2257 longitudinis
1853 2176 1909 2241 24¹

551 2267 761 2330 declinationis
785 2268 978 2346 respondent,
1003 2268 1085 2328 utin
1110 2268 1351 2346 aequinoctiiS.)‘
1370 2279 1437 2332 Cum
1458 2295 1526 2349 ergo
1548 2278 1575 2331 in
1597 2295 1696 2331 occasu
1717 2276 1790 2332 Solis
1812 2279 1909 2331 ambos

549 2369 665 2423 circulos
682 2356 868 2435 (eclipticam
883 2365 914 2417 et
929 2357 1113 2429 latitudinis)
1134 2383 1151 2419 a
1172 2366 1254 2429 Sole,
1285 2376 1317 2419 ut
1343 2368 1514 2435 praedictum
1544 2376 1604 2431 est,
1637 2368 1805 2422 illuminatos
1837 2367 1908 2420 vidi:

551 2463 725 2519 nequaquam
748 2446 819 2501 Solis
840 2442 929 2517 neque
950 2466 987 2501 ex
1008 2464 1041 2500 eo
1063 2447 1178 2500 Veneris
1200 2448 1289 2500 locum
1310 2464 1404 2501 rerum
1424 2449 1521 2502 habui.
1559 2447 1644 2520 (Jam
1676 2447 1753 2507 enim
1784 2446 1909 2519 dictum,

550 2538 576 2599 si
600 2538 655 2598 hoc
679 2537 773 2607 fieret,
798 2535 895 2595 visum
919 2553 987 2595 esse
1011 2534 1130 2595 differre
1153 2553 1255 2595 verum
1283 2545 1314 2594 et
1333 2536 1410 2596 hunc
1429 2536 1661 2607 refractorinm.)
1690 2545 1725 2599 Si*
1741 2552 1836 2599 autem
1857 2545 1909 2598 cir·

549 2629 612 2683 culo
634 2625 789 2681 latitudinis
819 2642 903 2694 super
931 2626 990 2678 loco
1012 2625 1083 2680 Solis
1111 2625 1215 2694 posito,
1246 2642 1297 2694 per
1327 2626 1548 2681 observationem
1578 2626 1757 2679 meridianam
1786 2633 1909 2694 reperto,

552 2715 637 2779 atque
659 2723 709 2776 per
737 2704 902 2759 additionem
924 2712 1013 2758 motus
1035 2704 1096 2773 ejus
1124 2705 1278 2758 intermedii
1305 2708 1431 2770 reducto,
1458 2707 1486 2760 in
1508 2723 1605 2760 occasu
1628 2707 1699 2760 Solis
1720 2707 1837 2759 eundern
1857 2705 1909 2758 cir·

550 2789 640 2843 eninm
661 2802 756 2840 versus
778 2784 869 2839 Solem
891 2786 1013 2849 exhibui,
1039 2785 1109 2855 (hoc
1130 2792 1186 2857 est,
1207 2785 1335 2863 siquem
1353 2786 1450 2845 locum
1468 2784 1549 2846 Solis
1569 2785 1598 2845 in
1618 2785 1740 2846 meridie
1766 2783 1909 2845 methodo

551 2875 614 2938 alia
637 2882 669 2935 et
692 2882 776 2934 certa
799 2872 995 2950 reperiebam,
1022 2881 1052 2933 et
1076 2872 1230 2933 additione
1253 2874 1410 2952 portionis,
1436 2892 1511 2953 quae
1536 2874 1662 2952 tempori
1686 2872 1846 2934 ameridie
1871 2871 1909 2933 ad

551 2981 691 3026 occasum
715 2962 924 3041 competebat,
949 2980 1155 3035 correxeram,
1190 2962 1215 3022 si
1248 2962 1274 3021 ei
1308 2962 1429 3040 inquam
1463 2964 1527 3024 loco
1565 2962 1707 3024 circulum
1739 2960 1910 3023 latitudinis

551 3051 742 3135 applicarem,
768 3050 865 3111 etsie
890 3051 997 3111 affixos
1020 3051 1151 3112 invicem
1176 3051 1214 3110 ad
1240 3049 1341 3111 Solem
1370 3051 1556 3112 occidentem
1587 3052 1793 3124 devolverem)
1817 3062 1909 3132 quoad

550 3153 611 3223 ejus
630 3140 749 3214 (circuli
764 3139 948 3211 latitudinis)
968 3150 1125 3219 superficies
1141 3149 1255 3203 interior
1264 3151 1342 3203 modo
1352 3151 1494 3220 praedicto
1506 3150 1727 3212 illuminabatur;
1744 3139 1909 3219 (neglecta

551 3241 584 3294 ut
608 3232 686 3293 idem
707 3229 735 3289 in
757 3229 898 3306 ecliptica
916 3230 1026 3302 lieret),
1052 3239 1164 3292 veritati
1185 3239 1364 3309 propinquius
1387 3240 1511 3314 accessi,¹
1529 3229 1573 3300 (iu
1599 3228 1833 3308 investigatione
1853 3228 1908 3289 inci

552 3318 749 3399 longitudinis
768 3315 861 3378 Solis.
900 3317 979 3378 Nam
1004 3318 1173 3379 latitudinis
1198 3318 1324 3379 circulus
1348 3319 1525 3396 praesertim
1550 3319 1579 3378 in
1604 3318 1793 3397 aequinoctio
1817 3335 1909 3378 vemo

552 3408 625 3471 Sole
649 3406 805 3467 occidente
829 3424 904 3484 pene
929 3405 1082 3467 incidebat
1104 3408 1134 3467 in
1155 3407 1347 3468 verticalern:
1373 3407 1473 3484 itaque
1497 3407 1648 3480 retractio,
1674 3425 1751 3485 quae
1775 3407 1859 3467 solet
1880 3406 1909 3466 iu

553 3496 690 3558 verticali
715 3494 787 3565 fieri,
811 3512 887 3571 pene
912 3496 1007 3555 onmis
1032 3496 1218 3555 concedebat
1240 3495 1270 3555 in
1295 3495 1485 3556 latitudinem
1513 3515 1617 3575 parum
1641 3495 1749 3555 vitiata
1773 3496 1908 3574 longitu-

553 3587 649 3659 dine).
691 3595 788 3664 Neque
813 3583 944 3655 (tamen)
965 3594 1016 3647 illa
1037 3595 1083 3647 via
1104 3594 1261 3647 sufficiebat
1286 3584 1447 3663 (quodnon
1463 3585 1553 3663 plane
1569 3584 1910 3647 coinciderentcirculus

552 3673 721 3737 latitudinis
755 3681 786 3734 et
819 3671 972 3733 verticalis
996 3692 1048 3732 seu
1073 3673 1293 3745 refractorius).
1342 3684 1384 3736 Ob
1413 3701 1494 3753 qnam
1521 3702 1578 3738 rem
1606 3703 1643 3738 ex
1673 3683 1807 3738 foramine
1837 3684 1909 3752 apud

553 3775 671 3836 oculum,
696 3761 789 3841 (quod
813 3761 1065 3839 repraesentabat
1088 3763 1186 3822 locum
1211 3760 1292 3822 Solis
1326 3765 1495 3840 oppositum
1525 3782 1646 3837 verum,
1681 3764 1835 3824 inventum
1858 3778 1911 3841 per

552 3852 798 3916 observationem
822 3849 1018 3911 meridianam
1035 3859 1066 3910 et
1089 3850 1243 3911 reductum
1259 3851 1296 3910 ad
1317 3851 1419 3912 horam
1440 3852 1661 3913 observationis
1677 3851 1763 3929 hujus
1783 3868 1909 3929 vesper-

553 3944 650 4015 tinae)
679 3949 811 4022 pinnulae
834 3951 953 4019 appendi
983 3950 1222 4019 perpendiculum,
1254 3949 1368 4017 speciali
1395 3950 1507 4021 ingenio
1538 3941 1631 4020 (quod
1664 3939 1909 4019 perpendiculum

552 4031 808 4112 repraesentabat
835 4029 1010 4090 verticalem
1034 4029 1191 4101 circulum)
1215 4040 1425 4102 considerando,
1455 4042 1525 4109 quod
1553 4045 1696 4108 punctum,
1723 4039 1802 4108 cnjus
1823 4040 1911 4092 forma

553 4132 727 4201 refringitur,
754 4118 852 4196 (cujus
870 4118 966 4179 vicem
985 4117 1041 4178 hoc
1060 4117 1126 4178 loco
1144 4116 1223 4194 gerit
1239 4118 1334 4178 sectio
1354 4118 1457 4178 circuli
1481 4118 1649 4178 latitudinis
1669 4137 1734 4179 cnm
1754 4117 1909 4196 ecliptica)

551 4226 675 4273 centrum
691 4219 774 4281 visus,
794 4210 828 4278 (a
851 4206 931 4267 dicto
957 4205 1098 4266 foramine
1123 4209 1398 4285 repraesentatum)
1418 4226 1536 4285 punctus
1559 4206 1603 4278 (iu
1623 4208 1701 4267 aeris
1726 4207 1910 4284 superficie),

554 4315 572 4352 a
594 4315 647 4369 qno
668 4298 701 4351 tit
720 4297 859 4360 refractis,
882 4306 912 4351 et
932 4296 1168 4366 perpendicularis
1190 4314 1208 4350 a
1221 4304 1324 4365 puncto
1345 4297 1527 4359 retractionis,
1549 4297 1577 4349 in
1596 4313 1652 4351 una
1672 4303 1736 4350 sunt
1757 4296 1910 4365 superficie,

552 4384 658 4457 (quam
672 4376 720 4437 hio
742 4374 940 4453 imaginamur
953 4376 1074 4454 planum
1095 4374 1196 4435 circuli
1218 4375 1396 4447 verticalis).
1426 4388 1464 4439 Et
1488 4386 1630 4450 videbam,
1661 4389 1723 4439 dum
1749 4385 1911 4440 intersectio

554 4475 702 4546 eclipticae
723 4492 757 4529 ac
777 4474 871 4527 circuli
892 4474 1046 4527 latitudinis
1068 4467 1184 4536 (verum
1205 4465 1300 4524 locum
1317 4462 1397 4524 Solis
1421 4467 1669 4542 repraesentans)
1691 4478 1725 4528 ad
1754 4482 1911 4530 contactum

550 4565 702 4621 horizontis
731 4571 846 4618 venerat
873 4554 937 4632 (qui
968 4552 1045 4613 situs
1073 4553 1276 4631 respondebat
1299 4572 1370 4613 vero
1401 4553 1520 4613 occasui
1546 4553 1658 4628 Solis),
1689 4565 1760 4632 quod
1785 4563 1833 4617 Sol
1862 4580 1912 4633 per

551 4656 674 4710 foramen
697 4653 812 4707 alterius
833 4652 966 4722 pinnulae
992 4643 1112 4712 (versus
1137 4640 1255 4716 Solem,
1282 4662 1338 4722 quo
1363 4640 1441 4702 alias
1465 4644 1581 4702 tantum
1606 4642 1636 4703 in
1665 4641 1763 4703 stellis
1787 4642 1928 4714 utebar)·

549 4745 626 4799 iilum
645 4741 834 4814 perpendiculi
856 4741 946 4795 adhuc
965 4740 1140 4794 illuminavit.
1186 4731 1279 4803 (Dedi
1303 4748 1444 4808 operam,
1475 4731 1539 4792 vult
1568 4730 1685 4806 dicere,
1711 4740 1745 4792 nt
1769 4729 1825 4791 Sol
1853 4750 1911 4792 nou

551 4823 693 4885 circulum
726 4820 915 4893 latitudiuis,
947 4838 1006 4881 non
1039 4820 1229 4898 eclipticam,
1263 4820 1316 4879 sed
1345 4819 1425 4879 filum
1459 4819 1664 4898 perpendiculi
1697 4838 1735 4880 ex
1765 4820 1911 4881 foramine

550 4911 637 4973 unius
661 4908 824 4989 pinnacidii
848 4926 1024 4986 suspensum
1049 4907 1259 4986 perforamen
1285 4907 1415 4986 oppositi
1440 4927 1456 4966 e
1481 4909 1628 4969 diametro
1652 4908 1815 4987 pinnacidii
1840 4908 1911 4969 illu-

551 5001 681 5063 minaret
695 4997 897 5078 aequalitati:
922 5008 964 5060 ita
978 5009 1049 5077 quod
1070 5015 1255 5075 praenarrata
1270 5008 1296 5060 in
1311 5025 1367 5061 nna
1381 5016 1463 5062 erant
1483 5008 1636 5078 superficie,
1660 5008 1767 5062 scilicet
1788 5006 1912 5062 centrum

550 5098 624 5151 Solis
645 5098 712 5160 veri,
735 5096 762 5149 id
783 5102 835 5160 ert,
857 5102 976 5165 punctus
998 5094 1077 5163 cujus
1099 5094 1188 5149 forma
1209 5096 1390 5167 refrangitur,
1413 5104 1536 5151 centrum
1558 5096 1632 5151 visus
1651 5086 1721 5158 (boe
1740 5087 1807 5176 loco
1828 5087 1910 5147 fora-
