4584 6192
938 610 969 661 de
987 612 1059 662 rebus
1077 611 1180 676 Opticie.
1691 616 1735 685 57

460 785 664 865 Keplerus:
688 788 791 867 Negas
817 788 999 850 densitatem
1016 798 1187 870 competere
1211 792 1393 871 superficiei:
1421 796 1520 856 refuta
1542 796 1634 875 igitur
1647 816 1732 878 prop.

376 870 424 935 l3.
450 891 520 953 cap.
537 875 562 936 l.
587 876 646 936 mei
670 876 750 938 libri.
797 877 862 939 Nec
886 879 982 939 omnis
1006 880 1143 941 densitas
1168 889 1215 941 est
1239 900 1332 942 eausa
1355 882 1555 955 retractionis,
1579 887 1632 946 sed
1657 884 1733 947 d'en-

372 962 450 1023 sitas
473 970 625 1043 quatenus
650 965 805 1045 superficie
829 966 1005 1041 terminata,
1031 968 1109 1029 alias
1134 969 1210 1029 radii
1234 971 1263 1030 in
1289 971 1381 1031 denso
1407 981 1510 1033 essent
1534 975 1630 1049 curvi,
1656 975 1733 1054 quod

374 1050 517 1113 facillime
539 1053 692 1115 refutatur
716 1054 911 1138 experientia.

459 1139 509 1202 De
533 1160 631 1221 aquae
654 1144 819 1221 profundae
839 1146 938 1205 colore
963 1145 1111 1205 saturiore
1136 1146 1243 1223 scripsi
1268 1166 1333 1226 cap.
1350 1150 1374 1209 Ι.
1399 1168 1444 1227 pr.
1462 1145 1516 1223 16;
1542 1150 1630 1211 aliter
1653 1151 1737 1212 color

374 1227 468 1290 aflicit
492 1231 589 1291 locem
606 1231 695 1293 aliter
710 1232 859 1308 densitas,
884 1233 935 1294 ille
958 1251 1012 1311 per
1026 1234 1243 1313 corpulentiam
1260 1236 1332 1296 baec
1347 1256 1401 1316 per
1420 1237 1617 1316 superficiem.
1649 1237 1734 1300 Can-

374 1336 424 1378 sas
448 1319 724 1399 experimentorum
748 1322 860 1384 tradidi
883 1330 917 1382 nt
939 1322 1034 1400 potui.

460 1406 509 1469 De
528 1408 710 1471 refractione
735 1418 766 1470 et
789 1430 907 1472 nummo
933 1412 1051 1472 elevato
1071 1430 1117 1472 me
1138 1412 1250 1489 premis
1266 1412 1376 1473 acriter
1384 1432 1392 1485 ;
1418 1415 1623 1493 experimenta
1648 1416 1734 1488 eninr,

374 1514 448 1573 quae
472 1497 580 1572 affers,
620 1517 691 1559 vera
721 1506 804 1573 sunt,
839 1500 973 1560 rationes
1002 1518 1073 1560 vero
1098 1521 1117 1560 a
1140 1500 1321 1562 refractione
1359 1501 1504 1563 deductae
1547 1504 1665 1564 omnino
1699 1503 1736 1563 de

376 1583 471 1646 forma
495 1585 675 1648 infundibuli
700 1588 891 1651 concludunt.
937 1590 1014 1650 Puto
1039 1588 1129 1667 igitur
1153 1589 1196 1650 sic
1221 1609 1305 1650 esse:
1331 1610 1388 1650 uno
1413 1592 1498 1652 oculo
1522 1611 1581 1653 non
1607 1592 1735 1652 discerni

376 1672 576 1736 elevationem
600 1676 712 1737 directe
727 1677 863 1738 intuente
884 1677 1232 1756 etperpendiculariter;
1258 1678 1372 1739 duobus
1399 1699 1468 1740 nero
1494 1680 1601 1753 oculis,
1629 1680 1735 1759 quibus

378 1769 406 1822 et
421 1763 523 1843 imago
537 1764 682 1840 situatur,
707 1765 890 1845 impossibile
906 1775 951 1827 est
969 1767 1093 1827 eandem
1116 1786 1177 1827 rem
1194 1768 1481 1847 perpendiculariter
1501 1769 1618 1842 intueri,
1644 1788 1736 1848 quare

380 1869 480 1914 omnes
504 1854 581 1914 radii
606 1854 816 1933 refringantur.
842 1856 936 1915 Totus
962 1856 1061 1934 itaque
1086 1856 1186 1916 discus
1210 1856 1319 1916 nummi
1337 1856 1482 1917 elevatur.
1530 1857 1654 1936 Absque
1679 1858 1735 1918 boc

380 1940 479 2002 ridere
504 1960 562 2002 uon
586 1961 723 2022 possum,
749 1944 826 2024 quod
850 1951 941 2023 putas
966 1944 1069 2022 negari
1093 1963 1150 2004 non
1167 1963 1271 2023 posse:
1298 1944 1345 2023 qui
1361 1943 1617 2023 perpendicularis
1633 1946 1734 2006 radius

380 2028 473 2091 citra
496 2031 708 2092 refractionem
733 2031 867 2110 patiatur
883 2053 931 2105 ea,
958 2052 1033 2112 quae
1049 2032 1154 2112 reliqui
1170 2032 1322 2110 patiuntur
1336 2044 1488 2112 propter
1513 2033 1732 2096 refractionem.

464 2118 687 2184 Brenggerus:
705 2120 791 2180 Rides,
811 2121 875 2185 quod
894 2123 987 2184 scripsi,
1008 2121 1088 2170 radios
1108 2120 1171 2169 Solis
1189 2128 1241 2169 tum
1262 2121 1358 2171 demum
1378 2122 1526 2177 calefacere,
1549 2128 1678 2186 postquam
1696 2122 1736 2171 rel

383 2189 556 2240 ramesiam
579 2191 618 2240 rel
636 2192 793 2240 reflexionem
817 2194 884 2255 passi
901 2201 958 2241 sunt
977 2190 1012 2255 (p.
1032 2190 1087 2252 tu).
1125 2193 1180 2253 fija,
1210 2194 1242 2239 mi
1261 2192 1378 2255 Keplere.
1402 2194 1498 2241 utinam
1525 2208 1621 2256 semper
1639 2194 1733 2242 babeas

382 2260 442 2324 quod
461 2261 554 2310 rideas.
592 2260 643 2311 Sed
661 2264 779 2326 numquid
796 2262 902 2326 lepidum
922 2272 998 2327 caput
1010 2264 1047 2312 Tu
1067 2279 1101 2320 es,
1121 2265 1162 2327 qui
1181 2270 1307 2326 serpentes
1326 2264 1384 2312 mihi
1403 2272 1429 2312 et
1447 2264 1581 2313 crocodilos
1600 2264 1684 2326 obiicit
1704 2264 1736 2313 ad

386 2329 465 2381 Solem
485 2334 628 2396 apricantes
647 2334 700 2383 siue
719 2334 840 2398 speculis:
859 2336 929 2399 qnasi
948 2336 1046 2383 reflexio
1064 2335 1133 2383 nulla
1151 2335 1202 2383 fieri
1216 2338 1293 2397 possit
1310 2336 1402 2399 absque
1415 2335 1529 2397 speculis.
1567 2337 1606 2383 An
1625 2337 1736 2399 ignoras.

382 2411 476 2466 praeter
494 2403 588 2453 Terrae
606 2404 708 2468 planum
726 2420 797 2468 rupes
816 2420 919 2470 quoque,
948 2420 1017 2461 sexa,
1047 2406 1129 2462 colles,
1149 2407 1256 2468 parietes
1276 2413 1301 2454 et
1319 2407 1419 2469 quaeris
1438 2420 1540 2469 corpora
1555 2404 1605 2454 Soli
1624 2408 1737 2468 opposita

382 2476 428 2536 elne
446 2473 533 2523 radios
551 2484 708 2537 repercutere
726 2483 752 2526 et
771 2476 876 2525 calorem
896 2478 1053 2526 accumulare
1073 2475 1163 2540 pessel
1200 2476 1273 2526 Talia
1290 2479 1365 2542 igitur
1390 2478 1543 2539 serpentibus
1562 2483 1588 2524 et
1605 2476 1733 2525 crocodilis

382 2545 477 2608 macula
495 2545 632 2596 sufficiunt.
671 2548 742 2596 Adde
767 2548 831 2611 quod
849 2549 911 2597 radii
932 2547 1040 2602 Solares.
1069 2550 1126 2597 dum
1153 2549 1259 2610 ipsomm
1278 2562 1380 2611 corpora
1403 2548 1494 2597 feriunt
1512 2554 1538 2597 et
1556 2554 1638 2596 eutem
1657 2562 1733 2611 pene·

383 2622 451 2673 mat,
471 2616 648 2668 refractionem
666 2620 794 2682 patiuntur
813 2626 839 2667 et
857 2620 956 2668 refracti
975 2620 1134 2668 calefaciunt.

463 2688 663 2768 Keplerus:
697 2690 862 2770 Serpentes
886 2701 976 2770 putas
1001 2690 1129 2771 apricari
1154 2690 1192 2750 ob
1215 2690 1317 2751 radios
1336 2690 1418 2762 illos,
1450 2691 1499 2767 qui
1524 2710 1542 2750 a
1565 2689 1733 2769 circumpo-

384 2777 443 2838 sitis
467 2776 593 2856 rupibus
616 2779 866 2862 repercutinntnr.
913 2782 958 2841 At
980 2779 1163 2841 contrarium
1188 2786 1339 2840 testantur
1362 2779 1444 2839 edita
1467 2787 1622 2857 petentes,
1657 2798 1735 2859 qnae

384 2875 544 2936 ceterarum
568 2868 699 2946 partium
723 2868 946 2946 comparatione
971 2877 1041 2929 sunt
1066 2868 1195 2929 liberaa
1218 2868 1412 2945 repercussis.
1468 2868 1546 2928 Pnto
1571 2866 1642 2927 nibil
1666 2868 1735 2929 illos

384 2955 433 3015 nisi
456 2954 552 3016 ictum
567 2954 650 3018 Solis
666 2976 823 3035 quaerere,
849 2957 926 3018 ictus
943 2957 1009 3031 ille,
1034 2957 1157 3036 scripsi,
1184 2956 1273 3017 fricat
1288 2957 1369 3035 ipsos
1384 2976 1441 3017 non
1466 2958 1503 3017 ob
1529 2956 1629 3017 nescio
1646 2974 1733 3035 qnam

385 3044 593 3106 refractionem
617 3045 645 3105 in
671 3065 773 3124 opaco,
800 3066 887 3125 quam
912 3066 978 3107 curn
994 3044 1067 3125 Cap.
1084 3048 1107 3106 l.
1133 3064 1177 3124 pr.
1197 3043 1246 3107 15.
1263 3046 1492 3106 introduxissent
1509 3045 1538 3106 in
1554 3045 1633 3106 notis
1657 3044 1734 3105 titu-

384 3131 484 3194 banter
507 3132 652 3213 increpui.
700 3132 792 3195 Calor
815 3144 913 3195 cutem
938 3143 1088 3213 penetrat,
1117 3154 1176 3194 nou
1201 3135 1292 3205 radii,
1326 3134 1434 3213 qnippe
1458 3153 1516 3193 non
1540 3133 1606 3202 lux,
1641 3132 1767 3194 radiis·

385 3222 454 3283 enim
478 3231 512 3283 et
537 3222 587 3282 lux
611 3222 691 3284 inest
714 3232 744 3283 et
768 3224 860 3283 calor.
909 3221 1027 3283 Caloris
1051 3224 1183 3302 speciem
1210 3222 1383 3301 imprimunt
1410 3223 1555 3283 materiae
1579 3223 1731 3303 physicae,

383 3307 431 3410 boc
455 3310 491 3372 fit
514 3328 574 3372 non
599 3312 713 3391 optice,
739 3313 775 3372 de
799 3331 857 3391 qno
881 3329 964 3391 prop.
980 3309 1023 3374 32
1042 3334 1101 3386 ss,
1136 3312 1184 3372 ubi
1210 3312 1259 3373 lux
1284 3313 1312 3372 in
1341 3320 1490 3372 momento
1515 3312 1616 3385 adest,
1651 3312 1734 3373 calor

383 3417 405 3459 ru
425 3408 572 3479 tempore.

462 3488 686 3553 Breaggerus:
714 3489 767 3544 Ais,
791 3503 830 3537 me
850 3488 981 3550 deceptum
1007 3486 1153 3552 aMagino,
1179 3487 1243 3550 quod
1270 3488 1350 3537 focum
1378 3487 1470 3551 speculi
1490 3488 1592 3536 concavi
1611 3486 1732 3550 sphaerici
1816 3509 1818 3513 ¹

381 3561 443 3622 pani
461 3560 488 3609 in
508 3566 601 3623 quarta
617 3564 689 3622 parte
708 3559 821 3608 diametri
841 3558 875 3622 (p.
896 3556 950 3619 tt).
989 3559 1042 3624 Ego
1061 3574 1100 3607 me
1119 3559 1250 3621 deceptum
1268 3574 1318 3607 non
1336 3566 1403 3622 pute,
1426 3558 1546 3621 siquidem
1565 3565 1632 3607 recte
1651 3558 1734 3608 docuit

382 3629 425 3690 ille,
444 3630 510 3694 quod
530 3629 656 3693 speculam
676 3644 746 3679 suurn
765 3630 797 3679 ibi
816 3632 899 3680 radios
918 3629 1016 3679 Solares
1036 3629 1138 3693 colligat
1159 3637 1184 3678 et
1202 3631 1285 3693 ignem
1304 3631 1429 3679 incendat.
1468 3630 1525 3679 Feci
1545 3632 1598 3692 ejus
1616 3629 1651 3677 rei
1668 3631 1721 3691 peri

382 3702 457 3750 talam
477 3701 610 3766 aliquoties
638 3702 670 3750 ad
690 3700 784 3757 Solem,
811 3702 865 3750 foco
883 3702 1010 3765 praedicto
1028 3702 1120 3763 petiam
1139 3701 1206 3749 telae
1225 3701 1317 3749 linteae
1341 3701 1491 3761 adhibendo,
1519 3714 1584 3765 quae
1609 3701 1658 3748 fere
1677 3710 1734 3762 post

382 3774 483 3835 spatium
501 3774 575 3821 anius
593 3772 682 3820 minuti
701 3772 790 3821 horarii
809 3774 903 3822 fumum
922 3773 1041 3830 emittere,
1062 3772 1151 3820 deinde
1170 3787 1226 3820 mox
1245 3772 1332 3821 ardere
1351 3774 1440 3835 coepit.
1480 3777 1514 3821 At
1532 3778 1616 3821 centro
1639 3769 1733 3834 speculi

382 3845 491 3908 apposita
509 3858 543 3892 ne
560 3844 689 3892 minimum
712 3842 830 3893 indicium
853 3844 925 3892 ullius
950 3843 1057 3892 incendii
1084 3843 1115 3891 de
1134 3858 1161 3892 ae
1188 3843 1257 3892 dedit
1274 3844 1370 3907 integro
1397 3844 1472 3892 borae
1496 3845 1642 3907 quadrante.
1679 3840 1733 3891 Nec

382 3915 477 3970 ninam
509 3914 588 3978 digito
608 3915 673 3963 enim
701 3914 734 3962 ibi
760 3917 838 3977 posito
862 3915 921 3963 nihil
941 3914 1029 3963 caloris
1057 3916 1135 3971 sensi;
1164 3922 1191 3963 at
1213 3915 1238 3963 ia
1262 3924 1351 3978 quarta
1376 3915 1493 3964 diametri>
1517 3914 1625 3962 locatum
1647 3914 1731 3961 statim

384 3993 475 4050 prepter
493 3987 599 4035 nstioms
618 3984 726 4034 dolorem
746 4001 869 4035 removere
888 3993 989 4034 coactus
1009 3986 1051 4034 fui.

460 4055 667 4136 Keple'rus:
701 4055 820 4134 Repeto
845 4057 913 4130 tibi,
948 4056 1103 4135 Maginum
1137 4066 1191 4117 aut
1218 4057 1376 4135 deceptum
1400 4063 1454 4116 aut
1476 4054 1643 4133 decepisse.
1690 4055 1732 4116 Et

384 4143 453 4207 eiin
479 4152 589 4225 quarta
612 4145 750 4206 diametri
775 4146 859 4207 locus
890 4145 961 4219 fuit,
994 4145 1059 4223 ipse
1092 4164 1164 4224 ergo
1194 4145 1347 4224 speculum
1377 4164 1461 4205 suum
1486 4163 1544 4204 non
1568 4152 1651 4204 recte
1676 4145 1732 4203 de-

385 4234 512 4314 scripsit,
539 4234 698 4296 rotundum
724 4234 827 4295 dicens
853 4235 930 4314 quod
955 4244 1022 4293 erat
1044 4234 1260 4311 parabolicum.

461 4321 682 4387 Brenggerue:
711 4321 829 4382 Quaeris,
849 4337 892 4371 cur
910 4322 941 4371 de
960 4322 1074 4371 incendio
1094 4322 1173 4371 cerdis
1199 4322 1268 4371 aTe
1291 4322 1316 4369 in
1335 4319 1532 4381 Paralipomenis
1551 4318 1611 4367 nibil
1629 4321 1730 4384 scripse·

387 4390 420 4439 r‘m
437 4391 473 4457 (p.
495 4390 552 4455 ta).
592 4392 662 4442 Scias
688 4394 776 4457 igitur.
803 4393 853 4442 alia
872 4408 967 4457 quoque
990 4393 1070 4441 malta
1088 4408 1127 4441 me
1153 4393 1282 4449 habuisse,
1312 4405 1375 4455 qnae
1394 4390 1525 4440 scribenda
1543 4391 1660 4447 fuissent,
1688 4391 1733 4441 sed

388 4463 494 4525 epistolae
513 4464 578 4513 ratio
596 4464 621 4512 id
640 4478 689 4512 nou
708 4465 832 4512 sustinuit.
871 4463 937 4524 Quia
960 4470 1046 4512 tamen
1070 4464 1100 4512 de
1126 4464 1174 4513 bac
1200 4479 1226 4512 re
1254 4464 1405 4512 sententiam
1429 4475 1511 4510 meam
1530 4462 1644 4524 requiris,
1676 4476 1733 4511 eam

389 4529 480 4585 breviter
497 4536 616 4598 aperiam.
655 4534 682 4584 si
701 4535 731 4584 de
750 4537 808 4600 igne
828 4535 958 4599 allegorico
977 4534 1032 4583 Tibi
1051 4550 1129 4583 senno
1149 4541 1195 4590 est,
1215 4535 1288 4583 laudo
1308 4541 1333 4582 et
1351 4534 1433 4596 probo.
1471 4531 1536 4582 llam
1563 4537 1589 4580 et
1607 4532 1733 4581 femellas

390 4598 466 4668 imp.
486 4605 543 4655 Vol.
556 4605 573 4654 1,
594 4621 618 4669 p.
632 4603 695 4668 662)
716 4605 822 4655 calidum
847 4608 958 4655 maurum
981 4606 1098 4655 flammae
1121 4608 1277 4668 proportione
1305 4605 1452 4667 respondere
1476 4603 1559 4652 uadit.
1599 4601 1732 4665 Discrepas

390 4679 460 4726 lanea
477 4677 511 4726 ab
529 4691 569 4727 eo.
587 4677 651 4740 quod
669 4678 753 4742 ignem
770 4677 836 4727 hunc
855 4680 880 4726 in
899 4677 950 4725 solo
970 4677 1042 4726 corde
1061 4677 1146 4740 ponis,
1170 4676 1211 4725 ille
1230 4677 1255 4724 in
1274 4683 1326 4724 toto
1346 4689 1461 4737 corpore;
1485 4674 1604 4739 siqnidem
1624 4673 1733 4723 calidum

391 4742 510 4809 Raditum
529 4747 671 4797 substantia
689 4755 728 4797 est
746 4749 885 4811 spirituosa,
905 4748 1007 4811 singulis
1026 4748 1137 4810 partibus
1156 4748 1239 4796 solidis
1257 4748 1334 4795 insita
1353 4753 1379 4795 et
1397 4748 1539 4810 congenita,
1558 4759 1608 4792 non
1626 4744 1733 4794 influens

392 4815 424 4865 ttf
437 4832 584 4881 permenam
612 4819 696 4883 eisque
714 4833 811 4882 semper
828 4819 968 4868 inhaerens.
1008 4820 1042 4866 At
1066 4819 1087 4867 si
1116 4819 1147 4868 de
1174 4832 1232 4866 vera
1260 4825 1286 4866 et
1312 4816 1373 4866 reali
1396 4817 1499 4865 flamma
1526 4816 1569 4864 tibi
1595 4829 1674 4864 sermo
1694 4822 1733 4865 est

394 4878 453 4948 (flod
469 4897 514 4939 tua
542 4888 620 4938 verba
651 4901 707 4952 cap.
725 4889 747 4945 1.
767 4886 808 4938 32.
828 4889 942 4938 videntur
958 4885 1087 4949 inuuere),
1116 4904 1166 4937 non
1193 4903 1293 4953 possum
1320 4888 1366 4937 tibi
1395 4888 1523 4936 assentire.
1560 4885 1606 4934 Est
1631 4886 1734 4937 flamma

394 4952 456 5008 hut
474 4973 595 5010 aecem
613 4959 750 5009 seeundum
767 4959 896 5024 physicos,
922 4961 947 5009 iu
966 4974 1061 5022 summo
1080 4961 1160 5025 gradu
1180 4960 1273 5009 calidus
1293 4965 1319 5009 et
1337 4961 1432 5014 siccus,
1452 4959 1572 5013 adurens,
1602 4957 1732 5006 uestraene

395 5030 560 5081 «eamear
587 5031 672 5080 emnia
689 5031 844 5081 comburtilia
870 5044 935 5095 quae
964 5032 1074 5096 attingit,
1101 5032 1206 5095 ideoque
1234 5031 1465 5094 improportionatns
1493 5030 1586 5091 corpori
1614 5027 1732 5086 humano,

396 5098 449 5158 wita
465 5102 617 5151 eemerratie
637 5102 751 5152 ooasbtit
767 5103 793 5151 in
812 5102 894 5153 calore
912 5101 1019 5163 humido,
1043 5115 1093 5151 non
1111 5102 1232 5155 adurente
1250 5101 1294 5150 sed
1311 5102 1419 5149 fovente.
1456 5098 1532 5150 Nulla
1549 5113 1607 5163 para
1625 5100 1732 5163 corporis

396 5173 431 5226 “b
452 5185 514 5240 quae
537 5171 576 5224 rei
593 5186 647 5225 aaa
662 5173 725 5226 bera
741 5174 790 5224 dm
808 5173 924 5226 &ramae
941 5174 1064 5226 maduere
1086 5174 1164 5238 poerit
1188 5178 1215 5224 et
1232 5186 1281 5223 noa
1307 5171 1461 5223 dematur:
1487 5171 1546 5239 qaid
1563 5171 1639 5238 igitur
1664 5169 1731 5222 cordi
