4584 6192
550 546 619 616 sto
1073 551 1255 599 W
1274 548 1381 598 iffi·

551 721 895 804 *anaspia-u.
919 722 1309 787 mean-rma
1333 720 1528 785 man
1551 714 1910 770 manaseas·

552 805 790 927 Wffi.
813 864 868 912 cu
893 843 1037 913 nonnas
1060 866 1107 913 vor
1127 865 1200 918 rur.
1225 881 1248 927 p.
1269 863 1311 911 ss.
1339 864 1438 911 ems«
1456 862 1584 925 emam
1602 860 1704 924 uepres
1726 859 1760 909 su
1777 857 1911 907 suum

553 936 665 987 mitet
682 934 720 996 (ὢ
740 935 797 985 Oct.
818 932 898 994 ¹6¹0)
916 937 941 983 irr
960 951 1009 999 qua
1027 937 1092 984 hane
1110 937 1222 985 ulunam
1243 936 1464 986 ,Μ’
1483 945 1579 996 partem
1597 935 1632 979 sic
1651 932 1767 994 φα,
1785 928 1913 979 11οᾶ-

552 1019 580 1057 st
595 1008 682 1057 literas
699 1021 766 1062 suas,
784 1020 846 1070 quas
864 1007 895 1054 de
913 1007 955 1054 illo
973 1008 1007 1055 ad
1024 1008 1164 1056 Galilaeum
1183 1008 1295 1060 dederat
1315 1017 1430 1069 spectans
1448 1003 1484 1065 (r.
1504 1020 1524 1052 a
1543 1020 1568 1066 p.
1587 1002 1670 1062 450:

644 1098 715 1167 legi
737 1098 858 1150 Galilaei
880 1097 977 1149 literas
992 1101 1026 1149 ad
1041 1099 1257 1150 Illustrissimam
1273 1097 1492 1149 Dominationern
1507 1097 1644 1154 Vestram,
1666 1105 1695 1146 et
1709 1095 1787 1147 sslum
1802 1094 1912 1163 praeci·

554 1196 609 1250 pue
630 1179 728 1238 locum,
749 1179 796 1229 ubi
818 1177 973 1237 existimat,
1000 1195 1042 1229 me
1063 1179 1145 1231 nimio
1171 1178 1337 1247 properandi
1360 1177 1448 1228 studio
1475 1175 1640 1227 transiliisse
1662 1176 1750 1227 locum
1771 1175 1912 1246 insignem

554 1259 582 1311 in
603 1258 651 1309 illo
671 1257 766 1309 hostili
787 1257 891 1326 scripto
911 1258 1062 1309 adversarii
1084 1258 1134 1316 sui,
1156 1259 1203 1308 ubi
1226 1259 1252 1309 in
1274 1257 1409 1326 palpabili
1431 1255 1607 1324 perversione
1627 1256 1704 1323 scopi
1726 1255 1780 1307 mei
1801 1256 1911 1324 praeci·

555 1354 639 1407 puum
661 1338 866 1390 fundamentum
888 1354 966 1389 suum
987 1338 1081 1405 ponit:
1111 1339 1189 1406 quasi
1212 1355 1266 1406 ego
1292 1352 1422 1389 erroneas
1448 1336 1621 1397 occasiones,
1642 1336 1741 1404 quibus
1763 1336 1911 1389 Galilaens

553 1418 593 1471 sit
611 1419 753 1485 deceptus,
773 1433 842 1487 pag.
864 1416 902 1469 34
923 1418 1125 1469 dissertationis
1146 1434 1224 1469 meae
1244 1429 1277 1470 tr.
1291 1439 1311 1471 s.
1331 1440 1354 1486 p.
1375 1420 1436 1482 506,
1454 1417 1604 1468 clarissime
1625 1416 1803 1469 detexissem.

643 1515 686 1567 Ad
706 1514 778 1565 baec
798 1515 969 1581 respondeo:
992 1514 1058 1565 Cum
1079 1516 1114 1565 ad
1136 1515 1293 1566 Galilaeum
1315 1515 1469 1575 scriberem,
1491 1514 1621 1582 ignarus,
1644 1529 1679 1565 an
1701 1514 1750 1565 ille
1771 1514 1912 1581 publicam

554 1596 647 1650 faeere
676 1594 764 1645 vellet
792 1593 939 1662 epistolam
969 1610 1071 1654 meam,
1102 1595 1195 1646 nullus
1226 1594 1363 1654 dubitari,
1394 1594 1460 1662 quin
1488 1594 1617 1645 Galilaeo
1644 1593 1696 1660 ipsi
1724 1594 1795 1645 citra
1822 1610 1913 1647 meam

555 1674 762 1729 instuctionem
784 1673 866 1725 facile
889 1675 1054 1743 apparitura
1068 1685 1142 1725 esset
1165 1674 1275 1725 sinistra
1297 1674 1422 1742 acceptio
1436 1674 1488 1725 mei
1510 1681 1623 1730 textus;
1645 1675 1745 1725 ceteris
1767 1690 1836 1726 rero
1858 1690 1913 1726 nou

554 1756 690 1826 putabam
709 1770 752 1805 me
773 1753 901 1814 scribere,
923 1763 953 1819 et
974 1755 996 1805 si
1018 1755 1101 1805 etiam
1123 1755 1252 1806 ederetur
1272 1755 1400 1822 epistola,
1423 1770 1476 1805 non
1498 1753 1653 1805 defuturum
1675 1753 1727 1805 sibi
1741 1754 1912 1813 Galilaeum,

556 1836 604 1889 red
625 1844 694 1887 nota
715 1834 857 1885 lumlenta
872 1834 1020 1885 lectoribus
1035 1833 1116 1886 facile
1131 1837 1301 1886 detecturum
1316 1835 1440 1885 fraudem
1455 1850 1504 1884 seu
1518 1832 1687 1886 commissam
1708 1850 1758 1885 seu
1773 1833 1913 1893 amissam.

556 1932 644 1985 eoque
664 1913 750 1967 deleri
781 1923 869 1965 totam
894 1913 971 1965 illam
1001 1913 1105 1966 bandis
1135 1914 1317 1966 detectionem
1338 1931 1375 1967 ex
1396 1913 1532 1981 epistolae
1560 1930 1639 1965 meae
1664 1921 1818 1982 concepto;
1850 1930 1914 1966 oon·

556 2003 650 2049 tentus
671 1993 748 2046 illam
769 1993 942 2062 absorptione
968 1994 1061 2046 serbis
1082 1994 1175 2046 hisce:
1206 1995 1251 2053 ,in
1271 1994 1378 2062 reliqua
1399 1995 1505 2052 rideo:
1529 2003 1558 2045 et
1585 2007 1685 2062 postes
1712 1994 1913 2066 paragrapho:

560 2074 686 2137 „larenit
706 2085 800 2127 tamea
819 2073 892 2126 ista
912 2074 1165 2143 sycophantia*
1189 2073 1245 2136 dc,
1268 2074 1350 2126 item:
1375 2074 1430 2136 ,Et
1451 2073 1614 2141 imperabit·
1639 2072 1687 2127 dc.

646 2171 700 2225 Sed
715 2171 780 2241 quia
799 2170 905 2223 marult
919 2170 1063 2223 Galilaeus
1077 2173 1144 2225 meis
1159 2187 1241 2241 quam
1255 2172 1310 2223 suis
1333 2172 1423 2223 verbis
1438 2177 1535 2239 patere
1550 2172 1647 2224 lectori
1668 2186 1778 2223 sensnm
1791 2187 1915 2224 mearam

560 2252 706 2305 verborum
726 2266 793 2321 pag.
808 2249 847 2303 34
868 2250 1078 2314 dissertationis,
1101 2269 1156 2322 age
1171 2270 1207 2304 ex
1221 2269 1282 2304 meo
1303 2263 1436 2319 concepto
1457 2252 1613 2303 exscribam
1634 2252 1752 2303 delecta.
1782 2250 1915 2305 Sicenim

557 2339 622 2386 erat
642 2332 772 2400 scriptum
792 2330 888 2383 initio:
915 2331 1036 2390 „Exstat
1056 2332 1178 2400 epistola
1199 2349 1267 2394 mea
1290 2332 1340 2384 illa
1361 2332 1518 2401 loquatur.“
1562 2332 1624 2400 lpse
1650 2330 1773 2385 transilit
1794 2331 1916 2402 triginta

559 2421 617 2466 tres
636 2412 757 2482 paginas
777 2420 807 2463 et
827 2410 856 2463 in
876 2410 974 2463 ultima
994 2412 1092 2479 arripit
1120 2412 1212 2464 nescio
1233 2412 1309 2481 quid,
1339 2430 1392 2481 quo
1417 2411 1602 2464 infelicissime
1627 2412 1772 2465 intellecto
1798 2411 1915 2481 stupidi-

560 2501 647 2546 tatem
667 2492 759 2561 prodit
779 2491 894 2561 ingeuii.
935 2491 1086 2544 Existimat
1111 2509 1154 2544 me
1175 2492 1241 2544 disci
1268 2492 1382 2560 planum
1407 2492 1459 2544 boc
1485 2491 1590 2554 dicere,
1621 2494 1692 2561 quod
1713 2492 1785 2544 alias
1811 2492 1917 2545 lentem

559 2573 654 2625 dicunt
673 2571 840 2624 exteriorem
861 2572 945 2623 etad
966 2572 1065 2623 stellas
1086 2588 1254 2625 conrersam.
1296 2573 1380 2634 Toto,
1407 2582 1437 2623 ut
1457 2571 1542 2632 rides,
1564 2572 1642 2624 coelo
1666 2585 1752 2625 errat.
1792 2572 1859 2643 Ego
1880 2588 1917 2625 ex

560 2653 638 2706 soris
658 2651 780 2721 planetis
809 2651 898 2702 discos
925 2651 1060 2714 feceram,
1082 2670 1136 2704 non
1157 2669 1194 2704 ex
1220 2651 1316 2712 ritris;
1343 2651 1452 2703 illorum
1479 2650 1592 2719 planum
1614 2652 1679 2715 (non
1700 2651 1765 2704 vitri
1786 2646 1917 2721 planum)

560 2734 596 2785 ad
616 2732 713 2783 Jorem
733 2746 893 2783 conversum
907 2747 969 2782 esse
990 2733 1123 2784 dixeram.
1152 2732 1197 2784 Sic
1221 2746 1323 2800 ,supra
1335 2743 1367 2783 et
1380 2732 1453 2783 infra
1473 2731 1598 2784 irradian·
1621 2732 1916 2800 perpendiculariter',

561 2810 697 2881 intelligit
717 2810 765 2863 ille
786 2811 929 2863 surdaster
949 2811 982 2862 de
1004 2812 1088 2874 vitro,
1111 2814 1182 2881 quod
1197 2812 1265 2863 duas
1286 2812 1373 2864 babet
1394 2811 1559 2879 superficies,
1582 2812 1749 2881 superiorem
1771 2819 1802 2865 et
1824 2812 1916 2865 inferi·

561 2907 653 2953 orem3
675 2906 735 2943 cum
747 2908 802 2961 ego
817 2892 850 2942 de
870 2890 992 2959 planetis
1013 2891 1153 2945 irradiatis
1168 2892 1274 2961 loquar,
1296 2894 1405 2961 quando
1419 2906 1504 2959 supra
1517 2892 1616 2944 Jorem
1636 2898 1747 2944 currunt
1762 2901 1792 2944 et
1807 2875 1916 2963 quan&

562 2971 643 3025 infra.
670 2971 709 3024 Et
730 2972 799 3040 quod
821 2971 945 3033 irradiat,
967 2972 1139 3025 intellectum
1160 2980 1204 3024 est
1217 2971 1329 3039 Jupiter
1349 2972 1483 3024 irradians
1505 2971 1613 3032 ritrum,
1635 2989 1695 3024 cum
1709 2971 1737 3023 in
1752 2988 1814 3025 meo
1835 2988 1917 3025 sensu

561 3049 611 3106 sot
631 3050 715 3104 fuerit
735 3050 871 3104 irradians
891 3050 1030 3119 planetas.
1059 3051 1105 3105 Sic
1118 3052 1240 3104 dirersos
1261 3052 1377 3117 colores,
1399 3051 1521 3104 diversas
1540 3052 1681 3121 planities,
1703 3052 1795 3105 omnia
1810 3052 1918 3122 accepit
1943 3049 1952 3070 ⁹

560 3132 594 3184 dc
614 3131 695 3194 vitro,
716 3148 771 3201 ego
792 3133 826 3184 de
846 3131 968 3199 planetis
990 3131 1037 3184 dc.

648 3212 727 3264 Haeo
747 3229 784 3264 ex
814 3212 901 3264 reteri
932 3221 1064 3280 concepto
1086 3212 1113 3264 in
1138 3211 1260 3282 gratiam
1281 3211 1416 3273 Galilaei,
1447 3211 1493 3280 qui
1519 3228 1555 3264 ea
1578 3212 1675 3265 maluit
1705 3212 1822 3265 edisseri
1851 3212 1918 3266 meis

562 3307 644 3363 quam
665 3292 722 3344 suis
743 3291 844 3345 rerbis.
884 3291 939 3344 Per
960 3308 990 3344 se
1011 3291 1082 3344 enim
1112 3292 1227 3362 indigna
1254 3301 1331 3354 sunt,
1364 3308 1435 3362 quae
1464 3290 1629 3345 referantur.
1670 3291 1827 3359 Repudiari
1848 3292 1919 3345 enim

562 3372 590 3425 iu
608 3372 777 3425 Narratione
807 3387 869 3424 mea
898 3370 940 3424 his
972 3371 1098 3424 nundinis
1128 3389 1235 3425 excusa
1262 3380 1318 3425 tam
1349 3373 1422 3425 banc
1450 3387 1555 3434 meam,
1586 3387 1668 3443 quam
1697 3371 1776 3424 illam
1798 3372 1918 3426 Galilaei

562 3452 795 3520 speculationem:
818 3462 847 3504 et
868 3451 921 3504 buc
942 3451 1052 3513 inclino,
1075 3463 1105 3503 ut
1127 3455 1243 3514 credam,
1266 3469 1326 3504 cum
1346 3452 1491 3506 Medicaea
1513 3461 1576 3504 sunt
1597 3451 1721 3522 proxime
1742 3453 1841 3506 Jorem
1863 3462 1918 3505 tam

562 3532 703 3584 evidentia
722 3532 791 3593 risu,
814 3548 923 3600 semper
943 3548 1005 3583 esse
1031 3549 1116 3599 supra
1136 3534 1250 3591 Jorem;
1277 3549 1337 3584 cum
1359 3550 1423 3584 rero
1450 3545 1513 3583 sunt
1543 3532 1732 3599 inconspicua,
1760 3543 1827 3585 tuno
1849 3533 1919 3584 inira

561 3628 641 3673 esse;
664 3614 734 3681 quod
756 3613 778 3663 si
799 3628 893 3663 verum
918 3622 1008 3673 esset,
1035 3621 1198 3680 sequeretur
1217 3614 1314 3665 Jorem
1340 3613 1428 3680 ipsum
1453 3629 1527 3673 esse,
1557 3612 1602 3681 qui
1624 3612 1675 3666 illa
1695 3612 1781 3665 etiam
1802 3613 1920 3682 globosa

562 3692 715 3744 existentia
735 3691 878 3754 illuminet,
901 3698 930 3742 et
951 3691 1042 3761 potius
1065 3692 1200 3745 illuminet
1215 3696 1249 3744 de
1270 3693 1431 3761 propinquo,
1454 3704 1535 3760 quam
1550 3692 1595 3744 Sol
1618 3693 1651 3742 de
1673 3692 1836 3762 longinquo.
1868 3692 1919 3745 Sed

563 3772 755 3840 exspectanda
775 3780 839 3823 sunt
859 3771 942 3840 plura
963 3772 1164 3841 experimenta.

649 3852 728 3905 Haec
749 3853 783 3904 ad
805 3851 1074 3904 communicationem
1095 3852 1239 3905 literarum
1261 3852 1382 3905 Galilaei
1408 3852 1513 3920 scripta
1544 3849 1734 3903 illustrissima
1762 3851 1920 3905 Dominstio

563 3932 665 3986 Vestra
685 3931 750 3985 boni
771 3933 906 3994 consulat,
929 3931 972 3984 cui
993 3948 1034 3984 me
1056 3934 1220 3987 commendo.

654 4025 697 4087 11)
716 4042 740 4089 p.
761 4023 820 4074 tus.
860 4027 1004 4076 Galilaeus:
1033 4026 1138 4091 fulgor,
1167 4028 1251 4090 quiin
1271 4027 1382 4091 deliquiis
1402 4032 1518 4088 apparet,
1545 4025 1571 4073 in
1590 4025 1663 4074 Luna
1680 4023 1755 4089 longe
1778 4026 1860 4075 minor
1877 4034 1921 4081 est,

563 4098 677 4147 subtutus
697 4096 818 4161 aequasi
846 4110 948 4153 aenens,
977 4097 1016 4147 bic
1045 4113 1101 4147 rero
1130 4096 1221 4160 (partis
1240 4096 1328 4146 Lunae
1355 4093 1513 4154 tenebrosae)
1541 4097 1630 4145 clarior
1654 4105 1680 4145 et
1705 4096 1843 4145 candidior.
1880 4097 1922 4145 Est

562 4170 663 4231 iusuper
681 4169 722 4216 ille
734 4169 859 4217 mutabilis
872 4183 902 4217 ac
914 4168 968 4217 loco
981 4169 1085 4223 mobilis,
1104 4178 1211 4231 vagatur
1223 4185 1248 4216 n.
1262 4185 1306 4232 per
1318 4169 1405 4217 Lunae
1424 4168 1556 4216 taciem...
1571 4183 1600 4216 ex
1613 4183 1660 4231 quo
1673 4169 1738 4215 omni
1752 4168 1839 4230 procul
1852 4168 1921 4217 dubio

564 4240 591 4289 id
610 4239 724 4288 accidere
750 4240 913 4304 intelligimus
933 4255 962 4287 er
981 4241 1103 4288 radiorum
1128 4240 1251 4289 Solarium
1277 4242 1420 4291 vicinitate.
1448 4241 1603 4304 tangentium
1630 4241 1775 4287 truciorem
1799 4240 1922 4302 quandam

563 4312 698 4376 regionem,
717 4325 781 4374 quse
794 4310 893 4360 Lunam
912 4311 1080 4359 orbiculariter
1098 4311 1183 4369 ambit,
1203 4328 1234 4360 er
1247 4327 1294 4375 quo
1308 4318 1427 4359 contactu
1445 4324 1535 4358 aurora
1553 4310 1676 4373 quaedam
1688 4311 1715 4357 iu
1728 4311 1826 4358 vicinas
1839 4310 1923 4360 Lunae

562 4381 653 4446 plagas
671 4381 813 4438 effunditur,
842 4397 892 4431 non
911 4396 983 4429 setus
1002 4396 1032 4429 ao
1051 4384 1075 4429 in
1096 4381 1177 4429 Terris
1196 4391 1248 4432 tum
1267 4397 1356 4439 mane,
1385 4390 1438 4431 tum
1456 4383 1552 4444 vesperi
1576 4381 1774 4443 crepusculinum
1801 4384 1924 4447 spargitur

561 4452 666 4509 lumem
693 4467 742 4516 qua
760 4453 791 4501 de
809 4467 835 4501 re
854 4454 933 4501 fusius
952 4454 977 4500 in
1002 4452 1062 4502 libro
1083 4452 1113 4500 de
1132 4451 1323 4514 systemate
1351 4453 1462 4502 mundi
1490 4454 1696 4514 pertractabimus
1715 4450 1761 4500 dte.
1801 4453 1850 4502 His
1869 4468 1922 4502 oon·

563 4525 641 4576 cludit
658 4524 786 4573 Galilaeae
805 4523 870 4573 banc
888 4523 979 4573 Nuntii
998 4532 1094 4586 partem
1123 4524 1154 4572 de
1175 4525 1263 4573 Luna:
1291 4525 1332 4581 „ls
1350 4527 1415 4572 inter
1433 4524 1494 4571 duos
1513 4523 1588 4572 hosce
1611 4524 1696 4586 globos
1714 4532 1830 4573 servatur
1847 4531 1922 4576 tenor,

563 4597 697 4660 atquibus
720 4596 871 4657 temporibus
896 4597 1002 4643 maxime
1022 4610 1037 4644 a
1056 4595 1129 4644 Luna
1155 4595 1291 4645 illustratur
1309 4595 1407 4651 Tellus,
1433 4594 1520 4643 iisdem
1546 4596 1626 4642 minus
1650 4596 1704 4642 rice
1721 4607 1797 4644 versa
1816 4610 1834 4646 a
1852 4595 1923 4645 Tm

563 4667 714 4717 illuminetur
731 4667 813 4721 Luna,
834 4674 860 4715 et
878 4681 891 4714 e
911 4674 1005 4714 contra.

653 4740 736 4801 Atque
754 4736 818 4785 haec
836 4750 920 4800 pauca
938 4737 968 4786 de
986 4736 1035 4790 hac
1053 4751 1079 4786 re
1098 4738 1123 4784 in
1142 4739 1266 4799 praesenti
1286 4738 1340 4787 loco
1365 4738 1433 4785 dicta
1457 4736 1596 4790 sufficient,
1616 4735 1692 4783 insius
1712 4736 1780 4785 enim
1797 4738 1827 4786 in
1845 4743 1923 4786 nostru

564 4806 755 4871 Syrtemate
769 4806 889 4867 Mundi,
908 4789 954 4856 ubi
963 4808 1126 4870 compluribus
1139 4817 1166 4856 et
1178 4810 1312 4857 rationibus
1326 4815 1352 4857 et
1365 4809 1537 4870 experimentis
1556 4806 1709 4855 validissima
1721 4805 1817 4856 Solaris
1830 4808 1923 4858 luminis

564 4894 579 4930 a
597 4878 676 4929 Terra
693 4879 793 4941 reflexio
813 4879 950 4928 ostenditur
968 4879 1024 4933 illis,
1043 4880 1084 4941 qui
1102 4892 1160 4927 eam
1179 4894 1195 4927 a
1212 4880 1340 4928 stellarum
1359 4879 1451 4928 chorea
1473 4877 1608 4927 arcendam
1627 4892 1682 4926 esse
1697 4880 1831 4939 jactitant,
1851 4895 1881 4929 ex
1897 4892 1923 4926 oo

563 4952 733 5015 podisimom,
761 4950 862 5012 quoda
887 4958 955 4999 motu
984 4957 1010 4998 et
1027 4950 1153 4998 alumine
1176 4952 1210 4998 sit
1236 4964 1324 5001 vacua
1363 4951 1463 5014 Vagam
1481 4964 1506 4998 n.
1534 4949 1603 4998 illam
1621 4963 1652 4998 ao
1671 4948 1771 4998 Lunam
1798 4950 1923 5014 splendor·

564 5029 738 5085 superantem,
762 5035 812 5070 non
832 5027 917 5071 autem
940 5020 1048 5069 sordium
1070 5020 1299 5083 mundanarumque
1325 5022 1424 5072 laecum
1442 5022 1568 5070 sentim
1587 5034 1642 5069 esse
1660 5019 1885 5072 demomuabinas
1901 5024 1923 5069 st

564 5093 719 5144 naturabbus
737 5105 833 5156 quoque
851 5091 987 5143 rationibus
1005 5092 1129 5143 umentis
1147 5089 1355 5143 contimsbtmns
