4584 6192
994 565 1077 633 caput
1092 568 1137 620 lv.
1163 565 1205 618 tu.
1707 573 1773 641 '22¹

422 737 613 815 Guilielmns,
639 742 669 803 in
692 740 748 803 illa
773 761 829 803 sua
856 742 1011 805 recondita
1039 743 1190 823 magnetis
1218 729 1481 824 contemplatione,
1511 749 1639 811 concisis
1671 752 1773 815 verbis

420 829 472 892 lib.
497 829 553 891 vl.
577 849 644 910 cap.
671 827 702 892 2.
750 831 807 892 Vir
830 832 967 911 equidem
990 832 1070 904 talis,
1106 832 1191 909 cujus
1219 833 1328 894 divinis
1356 835 1488 897 inventis
1517 855 1621 898 omnes
1645 847 1772 902 naturae

421 918 573 980 studiosos
596 918 754 998 plurimum
777 921 923 981 delectari
946 920 1093 982 convenit.
1126 919 1220 1001 Cujus
1246 922 1490 997 familiaritatem,
1513 926 1572 986 nisi
1596 929 1667 988 mihi
1685 948 1773 1008 pon·-

421 1024 496 1087 posa
518 1007 573 1068 illa
596 1008 712 1089 Tethys
735 1009 898 1083 invideret,
924 1009 1057 1072 discendi
1082 1010 1188 1070 ardore
1220 1030 1267 1071 me
1291 1013 1437 1073 demereri
1461 1014 1525 1074 sine
1554 1034 1663 1094 magna
1690 1017 1772 1079 ditii-

421 1095 534 1157 cultate
556 1115 658 1176 posse,
683 1107 796 1158 utnon
821 1108 869 1160 est
892 1100 1022 1178 superba
1045 1098 1246 1177 philosophia,
1271 1101 1465 1178 speraverim.
1485 1098 1526 1175 ³l)
1769 1127 1772 1132 ⁴

508 1182 596 1256 Quae
621 1205 658 1247 ex
680 1186 788 1247 Proeto
813 1187 903 1248 attuli
931 1188 975 1250 eis
1005 1187 1116 1249 similia
1138 1207 1177 1247 ex
1201 1186 1362 1250 Cleomede
1393 1191 1514 1269 adjungi
1547 1198 1685 1270 possunt,
1723 1193 1774 1273 qui

421 1292 457 1334 ea
478 1292 568 1353 porro
593 1294 630 1335 ex
653 1274 814 1337 Posidonio
839 1276 970 1351 adducit,
1003 1276 1056 1337 sed
1080 1284 1111 1337 et
1134 1275 1172 1336 ab
1203 1278 1308 1338 eodem
1332 1278 1439 1338 Proclo
1473 1278 1501 1340 in
1536 1281 1592 1340 line
1617 1278 1773 1359 Sphaerae

421 1363 607 1424 referuntur:
633 1362 763 1443 itemque
787 1373 819 1424 et
842 1385 861 1425 a
882 1364 969 1426 Plino
993 1365 1044 1426 lib.
1062 1366 1102 1426 ΙΙ.
1130 1363 1285 1445 Canopum
1310 1366 1338 1428 in
1351 1368 1491 1448 Aegypto
1517 1368 1545 1428 in
1561 1369 1684 1429 meridie
1699 1370 1773 1432 alti-

421 1450 553 1512 tudinem
584 1448 644 1529 ἰ”Ι2
680 1454 825 1532 graduum
854 1453 1014 1531 praeferre,
1049 1454 1077 1514 in
1107 1454 1216 1515 Rhodo
1247 1453 1432 1517 horizontem
1461 1456 1619 1535 stringere,
1655 1457 1683 1518 iu
1715 1478 1774 1538 qua

421 1539 518 1601 insula
540 1541 639 1602 noctis
664 1542 799 1603 aestivae
833 1544 870 1603 ad
896 1542 974 1603 diem
996 1542 1152 1621 proportio
1176 1543 1305 1604 traditur
1329 1563 1373 1615 ca,
1409 1555 1557 1624 quaeest
1593 1543 1628 1607 19
1652 1547 1691 1606 ad
1716 1544 1770 1611 29.

422 1626 494 1690 Cum
518 1630 597 1690 enim
622 1630 690 1691 hinc
714 1632 827 1692 existat
851 1632 979 1692 altitudo
1002 1631 1187 1693 Rhodiorum
1212 1633 1345 1693 civitatis
1370 1629 1445 1707 36⁰,
1470 1634 1676 1696 Alexandriae
1701 1655 1772 1697 vero

420 1718 461 1778 sit
481 1701 552 1792 31⁶,
579 1720 726 1798 quomodo
751 1719 901 1799 Canopus,
927 1720 976 1799 qui
1001 1720 1030 1780 in
1053 1719 1160 1780 Rhodo
1184 1720 1235 1780 vix
1259 1741 1277 1780 a
1300 1722 1423 1782 summis
1447 1723 1597 1783 montibus
1622 1731 1671 1783 est
1694 1744 1769 1785 cou-
1878 1739 1880 1741 ’

419 1806 537 1886 spicuus
561 1815 642 1868 teste
665 1808 782 1876 Proclo,
808 1809 886 1870 idem
910 1808 940 1868 iu
964 1810 1107 1889 Aegypto
1133 1803 1218 1887 772⁰
1241 1830 1293 1869 seu
1317 1819 1424 1889 quarta
1447 1819 1534 1888 parte
1558 1811 1635 1889 sigui
1664 1822 1770 1874 extare

419 1895 542 1974 potest?
588 1897 676 1957 Hanc
700 1898 779 1959 enirn
804 1898 992 1958 altitudinem
1016 1906 1191 1958 constanter
1215 1906 1246 1958 et
1269 1898 1374 1959 iisdem
1408 1900 1508 1959 verbis
1536 1900 1668 1978 produnt
1689 1900 1768 1962 Pro-

418 1984 481 2045 olus
504 1992 537 2045 et
561 1982 739 2046 Cleomedes
764 1995 794 2047 et
813 1987 937 2060 Plinius,
964 1986 1148 2065 astipulante
1174 1986 1266 2048 etiam
1290 1987 1474 2062 Ptolemaeo,
1504 1990 1553 2067 qui
1579 1988 1769 2051 latitudinem

419 2072 446 2133 ei
468 2073 577 2135 stellae
601 2074 707 2136 tribuit
730 2070 799 2138 75⁰.
847 2077 911 2136 Aut
939 2074 1030 2154 igitur
1056 2074 1234 2135 hallucinari
1262 2094 1386 2136 necesse
1420 2088 1467 2137 est
1494 2096 1596 2138 ornnes
1631 2086 1769 2139 auctores

418 2179 475 2223 uno
498 2182 560 2237 ore,
587 2172 640 2224 aut
664 2162 692 2223 in
717 2164 859 2245 Aegypto
882 2182 988 2224 versus
1012 2164 1109 2224 fontes
1134 2164 1206 2237 Nili,
1240 2184 1345 2225 versus
1369 2174 1486 2226 montes
1510 2166 1615 2226 Lunae
1645 2175 1677 2226 et
1699 2165 1769 2227 illas

418 2251 565 2330 regiones,
591 2270 666 2331 quae
691 2253 838 2314 continuis
853 2252 962 2332 pluviis
982 2252 1110 2313 infestae
1135 2261 1214 2325 sunt,
1241 2272 1364 2314 necesse
1388 2262 1437 2315 est
1455 2253 1544 2334 objici
1561 2254 1770 2333 spectantibus

417 2339 445 2400 in
460 2341 650 2402 Alexandria
673 2348 782 2410 aerem,
807 2342 856 2421 qui
869 2340 1072 2421 prodigiosam
1097 2341 1212 2420 aliquot
1225 2342 1370 2419 graduum
1385 2352 1525 2403 causetur
1539 2339 1767 2405 refractioriem:
1817 2356 1824 2369 ·

417 2429 464 2507 qni
488 2448 546 2491 uon
571 2430 613 2490 sit
635 2431 679 2491 ita
701 2430 839 2509 praecise
864 2430 978 2491 insulae
1003 2430 1103 2491 Rhodi
1132 2431 1169 2490 ad
1199 2431 1360 2505 meridiem,
1391 2432 1433 2491 uti
1465 2450 1540 2492 sane
1572 2441 1620 2493 est
1643 2432 1768 2494 Rhodus

417 2517 529 2599 aliquot
553 2517 696 2597 gradibus
721 2519 936 2581 occidentalior
959 2519 1155 2580 Alexandria.
1712 2546 1716 2549 ·

502 2607 605 2669 Minus
639 2608 769 2669 fortasse
800 2608 951 2669 firmitatis
983 2609 1109 2681 obtinet,
1149 2607 1226 2686 quod
1260 2607 1338 2667 idem
1368 2605 1546 2668 Cleomedes
1586 2608 1769 2671 confidenter·

414 2696 553 2771 affirmat,
580 2697 655 2758 duas
680 2716 746 2758 esse
770 2698 877 2758 stellas
902 2698 1050 2758 diametro
1074 2697 1234 2765 distantes,
1261 2697 1378 2757 oculum
1393 2697 1483 2757 Tauri
1508 2700 1547 2758 et'
1563 2716 1614 2758 cor
1638 2695 1768 2777 Scorpi,

414 2805 539 2866 quarum
562 2805 755 2867 quaecuuque
779 2786 906 2859 oriatur,
940 2786 1056 2865 reliqua
1084 2786 1203 2846 occidat
1226 2785 1372 2865 simulque
1398 2786 1426 2844 in
1458 2786 1610 2847 horizonte
1642 2786 1766 2867 conspi-

412 2875 537 2937 ciantur.
584 2872 618 2936 Si
643 2876 698 2937 hoc
722 2894 791 2937 vere
819 2876 977 2955 quisquam
1010 2894 1139 2955 unquam
1164 2872 1249 2946 vidit,
1277 2893 1331 2952 per
1361 2874 1573 2935 retractionem
1611 2882 1768 2956 utramque

412 2983 504 3045 supra
526 2963 714 3026 horizontem
737 2965 888 3025 elevatam
912 2963 1004 3025 luisse
1020 2983 1144 3025 necesse
1169 2974 1226 3037 est,
1251 2982 1317 3023 cum
1342 2982 1374 3023 re
1393 2982 1466 3023 vera
1484 2981 1542 3024 non
1556 2964 1655 3042 possit
1678 2965 1768 3025 aliter

411 3052 490 3129 lieri,
515 3055 585 3135 quin
609 3053 639 3114 in
662 3053 719 3114 hac
742 3052 973 3132 septentrionali
996 3054 1097 3114 mnndi
1120 3060 1207 3132 parte
1227 3059 1279 3112 aut
1303 3052 1400 3112 altera
1423 3060 1476 3112 aut
1499 3060 1624 3131 utraque
1648 3071 1767 3132 semper

410 3143 488 3205 infra
509 3141 696 3204 horizontem
720 3142 769 3203 sit.
798 3143 877 3204 Nam
902 3142 1022 3202 etiamsi
1046 3143 1193 3202 diametro
1218 3141 1335 3201 distant
1357 3140 1493 3219 praecise
1518 3141 1614 3220 quoad
1630 3141 1765 3220 longitn-

409 3232 526 3293 dinem:
551 3239 678 3310 utraque
701 3238 802 3292 tamen
826 3231 855 3291 in
871 3231 976 3291 eodem
995 3231 1122 3292 australi
1137 3229 1356 3308 hemisphaerio
1381 3238 1437 3303 est,
1463 3231 1561 3291 altera
1576 3230 1765 3292 latitudinem

410 3321 523 3383 habeus
548 3314 588 3383 5⁰
610 3318 674 3394 31¹,
699 3320 796 3382 altera
819 3316 857 3379 4⁰
880 3317 944 3382 27‘.

494 3408 563 3472 Huc
587 3408 698 3489 aliquid
723 3408 860 3490 quamvis
884 3408 1040 3472 obscurum
1065 3426 1102 3468 ex
1125 3407 1227 3469 Procli
1250 3406 1397 3468 Diadochi
1427 3406 1501 3467 libro
1525 3407 1764 3489 Hypotyposeou

408 3498 679 3561 astronomicarum
712 3507 744 3557 et
781 3498 845 3577 ejus
874 3498 1054 3559 mirabilium
1089 3496 1256 3576 quaestion.
1282 3493 1313 3558 8.
1338 3494 1442 3557 rel'erri
1478 3496 1591 3574 possit:
1625 3497 1762 3576 quamvis

407 3587 525 3650 interim
548 3594 581 3648 et
603 3586 659 3648 hoc
678 3586 805 3661 videtur,
830 3587 910 3667 loqui
930 3587 1013 3647 illum
1036 3586 1074 3646 de
1092 3605 1217 3647 excessu
1237 3585 1305 3645 anui
1326 3594 1397 3646 tunc
1411 3584 1516 3645 crediti
1541 3604 1632 3665 supra
1649 3585 1764 3663 justum

406 3677 565 3739 modulum.
614 3675 719 3736 Verba
741 3684 842 3737 tamen
867 3675 932 3753 ejus
956 3695 994 3736 ex
1023 3673 1272 3755 interpretatione
1297 3674 1408 3735 Vallae
1436 3673 1481 3733 ita
1513 3683 1633 3746 sonant,
1672 3693 1708 3735 ac
1736 3673 1763 3735 si

405 3765 565 3827 miraretur
589 3764 702 3844 aliquid
717 3765 930 3826 retractionum
952 3763 1109 3825 occasione
1134 3764 1163 3824 in
1179 3762 1260 3824 Solis
1283 3771 1366 3823 motu
1387 3773 1658 3840 apparens3801em
1672 3773 1763 3840 ample

406 3866 535 3935 spectari,
559 3870 704 3935 ortumque
724 3864 818 3917 facere
840 3872 972 3933 tanquam
994 3862 1188 3916 considentem.
1226 3853 1306 3913 Nam
1331 3850 1436 3912 iisdem
1460 3869 1535 3930 pene
1560 3851 1660 3911 verbis
1691 3869 1763 3911 usus

406 3952 454 4005 est
475 3944 657 4006 wilhelmus
675 3942 806 4003 Hassiae
821 3941 1042 4021 Landgravius,
1068 3941 1099 4002 in
1122 3941 1220 4018 prima
1242 3960 1298 4001 sua
1321 3940 1358 4001 de
1382 3938 1471 4000 rebus
1494 3939 1703 4000 astronomicis
1723 3938 1763 4000 ad

406 4033 576 4115 Tychonem
600 4032 731 4112 epistola
754 4031 945 4092 retractionis
970 4030 1200 4091 animadversae
1224 4030 1407 4090 occasiones·
1422 4027 1587 4107 explicans.
1629 4027 1676 4089 Ac
1700 4026 1760 4089 etsi

405 4139 480 4203 quae
504 4121 545 4183 ibi
570 4121 698 4183 Proclus
721 4121 856 4195 miratur,
890 4119 928 4180 ob
951 4119 1056 4180 vitium
1081 4118 1189 4179 calculi
1221 4126 1291 4179 tunc
1316 4118 1420 4179 usitati
1454 4117 1591 4178 accidere
1614 4124 1760 4196 potuere:

405 4211 450 4272 ita
466 4219 569 4273 tamen
593 4211 624 4271 in
648 4208 814 4271 rationibus
848 4227 949 4269 eorum
978 4206 1138 4269 reddendis
1161 4206 1288 4268 Proolus
1317 4207 1464 4280 desudat,
1496 4214 1530 4266 ut
1562 4222 1619 4265 non
1653 4205 1763 4286 injuria

403 4299 579 4381 suspiceris,
613 4296 844 4360 retractionibus
872 4316 939 4358 sese
973 4295 1210 4357 immiscentibus
1239 4296 1392 4374 negotium
1424 4294 1574 4356 redditum
1599 4314 1666 4356 esse
1689 4313 1760 4374 per-

403 4388 534 4467 plexius3
559 4387 640 4468 quod
663 4386 741 4448 eitra
764 4405 817 4446 eas
840 4387 885 4447 illi
910 4385 998 4446 facile
1023 4384 1133 4446 fuisset
1155 4384 1308 4463 expedire.

488 4474 611 4540 Clarius
626 4475 780 4555 aliquanto
795 4474 965 4536 Martianus
982 4472 1118 4552 Capella,
1142 4471 1405 4553 Encyclopaediae
1421 4470 1497 4532 libro
1513 4472 1601 4532 Vlll.
1621 4470 1705 4551 cujus
1721 4472 1758 4533 de

401 4566 516 4628 zodiaci
527 4565 689 4627 latitudine
701 4564 791 4623 verba
802 4564 876 4623 haec
887 4574 971 4624 sunt:
993 4574 1041 4626 Sol
1063 4572 1134 4624 enlm
1155 4572 1183 4625 in
1203 4573 1307 4625 nullam
1327 4560 1472 4634 (zodiaci)
1488 4573 1624 4625 excedens
1639 4577 1756 4640 partem,

400 4657 428 4711 in
447 4657 535 4712 medio
557 4658 723 4710 libramento
744 4655 832 4708 fertur
855 4656 960 4722 absque
981 4652 1041 4722 ipso
1057 4651 1145 4705 librae
1161 4652 1287 4706 confinio.
1323 4652 1394 4705 Nam
1415 4651 1453 4704 ibi
1474 4669 1504 4704 se
1526 4650 1618 4705 autin
1633 4657 1756 4704 austrum

399 4748 592 4819 aquinaemve
613 4744 737 4799 deflectit
756 4746 790 4797 ad
812 4743 949 4797 dimidium
970 4742 1028 4795 fere
1049 4748 1223 4795 momentum.
1273 4729 1357 4792 Satis
1396 4730 1567 4809 scrupulose
1607 4727 1758 4808 expressit

399 4826 612 4889 refractionem
639 4822 872 4884 horizontalem:
907 4839 998 4900 quare
1032 4819 1205 4881 absurditas
1236 4827 1267 4881 et
1294 4819 1455 4880 insolentia
1488 4818 1644 4892 affirmati,
1678 4816 1757 4898 quod

398 4913 453 4977 Sol
485 4913 574 4976 unico
608 4911 723 4974 zodiaci
755 4911 821 4972 loco
849 4910 879 4972 in
908 4907 1100 4970 latitudinem
1127 4908 1244 4969 zodiaci
1273 4907 1419 4974 declinet,
1453 4906 1654 4987 suspicionem
1684 4904 1756 4967 mihi

398 5002 501 5082 injecit
532 5000 750 5083 hujuscemodi.
805 5000 885 5062 Dum
917 4996 1116 5076 aequinoctia,
1155 4997 1343 5077 potissimum
1379 4997 1561 5067 autumnale,
1594 4994 1756 5073 diligenter

397 5091 632 5155 obsanarentur
655 5098 689 5152 et
711 5088 830 5169 quidem
852 5089 882 5151 in
906 5085 1071 5162 horizonte,
1096 5083 1169 5147 Sole
1193 5084 1308 5148 oriente
1332 5085 1381 5146 vel
1404 5084 1569 5160 occidente,
1594 5093 1756 5164 propterea
