4584 6192
1072 549 1206 632 cmv.
1752 555 1815 627 tet

462 740 553 816 seria,
576 741 634 802 uisi
658 741 805 803 homiuem
829 759 953 817 nosses;
981 741 1123 822 quidquid
1155 742 1327 803 animalium
1359 741 1475 802 invenit
1497 740 1526 802 in
1550 739 1642 801 variis
1665 724 1819 800 nationum
1905 729 1911 739 ’

462 830 561 891 sacris
584 839 616 891 et
638 831 843 908 religionibus,
868 830 897 891 id
922 831 950 891 iu
976 830 1091 892 coelum
1114 830 1230 904 intulit;
1254 829 1396 909 quidquid
1420 830 1508 909 hujus
1531 829 1559 890 iu
1585 827 1669 890 coelo
1688 827 1818 901 oberrat,

464 919 503 980 ad
528 919 676 979 homiuum
700 918 929 998 superstitiones
953 918 1093 981 detraxit

553 1005 842 1069 constellationibus
866 1009 956 1085 igitur
980 1009 1114 1070 omnibus
1137 1027 1192 1088 per
1214 1006 1270 1067 has
1294 1027 1402 1068 causas
1426 1005 1624 1079 examinatis,
1648 1003 1699 1065 uhi
1723 1021 1820 1082 appa·

463 1096 572 1170 ruerit,
604 1096 715 1157 nullum
745 1096 831 1157 nobis
861 1098 987 1177 relinqui
1011 1092 1148 1172 haram,
1179 1116 1216 1156 au
1240 1115 1297 1156 nou
1322 1095 1433 1177 liquido
1456 1094 1588 1175 patebit,
1613 1092 1715 1173 figuris
1738 1091 1821 1153 hisee

463 1187 525 1247 vim
548 1184 736 1264 significandi
759 1204 817 1246 uon
842 1185 964 1247 inesse?
1000 1186 1068 1249 u'isi
1092 1187 1169 1247 forte
1192 1185 1279 1245 unius
1303 1185 1414 1263 figurae
1438 1182 1580 1245 coelestis
1603 1188 1731 1263 possunt
1754 1197 1822 1241 esse
1867 1188 1872 1210 ¹

463 1274 577 1337 multae
602 1292 721 1347 causae,
747 1273 870 1335 fortuito
894 1294 965 1334 casu
989 1282 1021 1336 et
1043 1294 1098 1354 per
1127 1275 1267 1335 accidens
1291 1274 1329 1334 ad
1349 1274 1473 1335 eundem
1496 1273 1633 1333 effectum
1648 1268 1741 1331 toties
1760 1276 1823 1330 tam

464 1362 595 1424 mirabili
619 1381 766 1423 consensu
790 1363 1008 1442 conspirantes.
1065 1363 1154 1434 Quod
1183 1364 1348 1443 quicunque
1372 1362 1459 1423 facile
1483 1361 1588 1432 credit,
1616 1357 1823 1420 imbecillitate

459 1451 567 1533 judicii
590 1450 717 1524 laborat,
743 1451 850 1530 diguus
874 1451 922 1531 qni
945 1452 1127 1514 Judaeorum
1152 1452 1261 1513 cabala
1283 1452 1435 1513 cerebrum
1461 1451 1590 1528 frangat.
1633 1446 1674 1508 Hi
1696 1463 1824 1525 namque

465 1540 505 1602 ad
529 1541 655 1602 eundem
679 1541 769 1618 plane
791 1541 924 1614 modum,
950 1543 1097 1621 neglectis
1121 1541 1354 1602 evidentissimis
1382 1539 1599 1601 derivationum
1623 1543 1656 1597 et
1676 1535 1824 1612 originum

465 1630 576 1703 causis,
601 1629 721 1690 divinae
744 1629 952 1709 prouidentiae
977 1631 1108 1710 linguam
1128 1649 1212 1692 suam
1229 1638 1377 1701 asserunt,
1400 1628 1547 1708 persuasi,
1572 1627 1629 1687 hoc
1648 1623 1741 1685 fuisse
1758 1623 1824 1684 Deo

464 1718 587 1797 linguae
621 1718 736 1779 auctori
765 1719 966 1798 propositum,
1000 1730 1033 1782 ut
1067 1739 1104 1780 ex
1137 1719 1291 1780 literarum
1323 1717 1558 1797 transpositione
1591 1731 1688 1777 rerum
1716 1719 1825 1775 natura

466 1807 681 1887 depingeretur
704 1817 735 1867 et
759 1808 884 1886 integris
908 1809 1066 1870 sententiis
1090 1808 1237 1888 mysteria
1260 1808 1362 1869 nescio
1390 1826 1467 1886 quae
1490 1804 1734 1867 reconderentur.
1780 1801 1826 1861 At

466 1896 559 1958 sobrii
579 1896 723 1969 homiues
749 1895 866 1957 divinae
890 1896 949 1957 vim
973 1898 1181 1978 providentiae
1205 1896 1399 1958 veneratione
1418 1895 1522 1956 debita
1541 1891 1681 1965 confessi,
1705 1890 1825 1969 liuguae

466 2004 521 2047 seu
545 1985 610 2046 Deo
634 2003 687 2045 seu
711 1984 879 2046 hominibus
903 1988 1034 2048 usitatas
1057 1987 1101 2047 ita
1123 1986 1169 2046 uti
1192 1994 1301 2047 sonant
1323 1984 1511 2064 intelligunt,
1542 1983 1670 2043 humano
1700 1977 1825 2040 arbitrio

466 2093 555 2138 suum
578 2074 656 2135 inter
678 2092 788 2134 causas
811 2075 908 2135 locum
932 2095 1061 2156 suosque
1085 2076 1230 2154 genuinos
1255 2076 1379 2136 effectus
1403 2074 1583 2152 relinquunt
1625 2069 1721 2130 iidem
1735 2067 1825 2128 etiam

465 2165 628 2243 figurarum
650 2163 681 2224 in
705 2163 788 2224 coelo
812 2182 920 2224 causas
945 2183 982 2225 ex
1005 2165 1132 2225 humano
1166 2163 1289 2225 arbitrio
1322 2163 1428 2224 obvias
1460 2159 1697 2240 amplectuntur,
1728 2154 1825 2220 subli-

467 2254 566 2314 miora
588 2252 626 2312 de
650 2251 776 2312 occultis
800 2252 961 2330 figurarum
983 2252 1235 2333 proprietatibus,
1269 2271 1345 2333 quae
1378 2270 1433 2331 per
1460 2248 1612 2329 genesium
1637 2244 1824 2324 contemple-

468 2342 581 2403 tionem
605 2340 716 2401 fuerint
739 2340 889 2414 iuventae,
915 2361 971 2403 uon
996 2342 1126 2422 sapiunt.

558 2428 620 2491 Sed
649 2429 791 2509 objicient
819 2428 906 2508 hujus
933 2430 1034 2509 pictae
1057 2427 1266 2508 philosophiae
1291 2427 1434 2501 studiosi,
1459 2425 1601 2488 credibile
1626 2442 1705 2492 esse,
1728 2418 1827 2481 Deum

467 2518 668 2591 conditorem,
694 2538 768 2597 quas
792 2518 933 2580 indiderit
957 2518 1237 2580 constellationibus
1260 2517 1480 2597 proprietates,
1504 2514 1665 2577 earundem
1687 2508 1827 2592 proprie-

467 2617 566 2670 tatum
590 2607 754 2686 participes
778 2607 948 2669 animantes
973 2608 1120 2687 elegisse,
1154 2627 1278 2688 quarum
1302 2608 1427 2685 figuram
1451 2603 1647 2684 dispositione
1671 2600 1828 2663 stellarum

468 2696 667 2774 exprimeret,
699 2706 731 2756 ut
763 2695 807 2755 ita
830 2696 925 2775 figura
948 2698 1096 2759 homiuem
1121 2697 1285 2757 admoneus
1319 2697 1355 2757 de
1384 2703 1467 2756 certo
1491 2694 1658 2766 animante,
1691 2689 1728 2751 de
1763 2686 1828 2767 ejus

468 2785 562 2847 etiam
586 2784 723 2844 animalis
745 2786 931 2864 proprietate
955 2786 1052 2847 stellis
1076 2784 1158 2846 hisce
1182 2785 1328 2847 communi
1353 2784 1439 2847 simul
1464 2783 1636 2844 admoueat.

560 2871 736 2952 Quicunque
760 2875 816 2936 hoc
840 2875 985 2948 affirmat,
1012 2883 1043 2935 et
1066 2875 1246 2935 confidentia
1265 2874 1359 2935 utitur
1380 2881 1411 2934 et
1430 2871 1612 2933 tomeritate.
1656 2866 1726 2930 Nou
1750 2862 1829 2925 enim

469 2963 571 3026 omnia
594 2962 713 3024 nomina
736 2974 806 3024 suut
830 2983 848 3023 a
871 2963 1067 3041 dispositione
1092 2963 1264 3037 stellarum,
1291 2969 1397 3024 contra
1420 2961 1541 3038 saepius
1565 2958 1686 3019 diversa
1708 2951 1830 3018 nomina

470 3053 510 3114 ab
534 3052 640 3112 eadem
664 3052 860 3130 dispositione
884 3060 955 3113 sunt
977 3060 1060 3113 urta:
1086 3070 1162 3131 quae
1186 3051 1245 3112 etsi
1270 3070 1327 3113 nou
1352 3059 1469 3123 essent,
1495 3068 1589 3129 aeque
1615 3054 1715 3108 tamen
1741 3040 1829 3103 facile

469 3142 548 3203 alius
574 3140 651 3202 hanc
676 3140 858 3221 theologiam
883 3142 1042 3222 negaverit
1064 3150 1154 3221 atque
1177 3140 1349 3221 hujusmodi
1373 3139 1483 3220 aliquis
1507 3137 1678 3200 affirmavit.

559 3232 628 3310 Age
652 3247 723 3289 vero
748 3230 859 3309 largior
883 3230 975 3292 etiam
990 3213 1118 3310 aliquid3
1142 3239 1209 3291 esto
1224 3239 1258 3291 ut
1275 3237 1341 3291 tota
1359 3236 1467 3290 natura
1487 3224 1667 3303 sublunaris,
1692 3222 1830 3307 quamvis

470 3318 702 3381 ratiocinatione
735 3339 792 3380 non
826 3338 895 3394 usa,
928 3319 1034 3381 iisdem
1063 3328 1165 3380 tamen
1190 3320 1226 3381 de
1250 3320 1351 3382 causis
1375 3321 1481 3401 quibus
1511 3321 1642 3382 humana
1668 3316 1832 3399 phantasia

469 3408 550 3471 idem
583 3407 641 3469 sibi
674 3408 711 3468 de
744 3408 790 3469 his
823 3409 971 3470 sideribus
1004 3409 1184 3488 imaginetur
1213 3410 1291 3489 quud
1324 3411 1422 3473 homo.
1469 3410 1535 3472 Hoc
1558 3408 1647 3470 'euim
1671 3408 1709 3470 de
1732 3407 1832 3468 colore

471 3497 629 3559 stellarum
662 3514 764 3558 vemm
798 3497 906 3577 dogma
938 3498 1009 3568 (nec
1033 3498 1190 3579 quicquam
1214 3499 1244 3559 iu
1269 3500 1451 3562 contrarium
1478 3497 1655 3578 proficiente
1675 3495 1766 3569 Pico)
1794 3493 1832 3553 de

469 3586 568 3664 figura
590 3604 648 3647 non
673 3584 850 3664 simpliciter
868 3587 994 3666 negabo,
1019 3606 1114 3667 neque
1130 3588 1299 3649 accuratius
1313 3588 1344 3649 in
1362 3587 1537 3668 praeseutia
1551 3585 1710 3648 excutiam.
1751 3579 1833 3652 Quid
1907 3590 1910 3596 ’

469 3675 528 3737 boc
552 3682 653 3735 tamen
678 3674 716 3735 ad
740 3674 824 3737 sidus
848 3675 946 3755 ipsum
969 3675 999 3738 in
1022 3676 1124 3750 coelo,
1157 3684 1211 3738 aut
1242 3694 1318 3755 quae
1351 3695 1430 3739 nova
1460 3676 1631 3755 proprietas
1655 3670 1714 3752 ipsi
1741 3667 1833 3730 sideri

472 3782 601 3827 revera
630 3762 785 3825 conciliari
806 3772 911 3843 potest
934 3784 969 3826 ex
994 3762 1145 3825 hominum
1170 3774 1354 3842 naturaeque
1377 3763 1520 3844 genitalis
1544 3756 1832 3838 imaginationibus?

564 3849 645 3922 Quid
668 3850 801 3913 dicemus
825 3853 862 3914 de
882 3853 1113 3933 perplexissima
1127 3852 1189 3927 lite,
1215 3871 1290 3932 quae
1305 3853 1384 3916 inter
1402 3852 1562 3915 hodiernus
1576 3851 1711 3931 agitatur
1729 3853 1831 3909 astro·

473 3941 561 4020 logos
584 3959 675 4021 super
698 3940 754 4003 hoc
777 3941 938 4020 figurarum
970 3942 1109 4021 negotio,
1143 3942 1212 4003 dum
1245 3942 1346 4004 sidera
1378 3961 1394 4003 e
1427 3938 1693 4014 dodecatemoriis,
1724 3935 1832 4020 quibus

472 4028 608 4092 indidere
629 4039 689 4091 'sua
711 4030 871 4109 figurarum
895 4030 1024 4104 nomina,
1047 4030 1165 4092 exactis
1184 4031 1250 4110 jam
1269 4030 1315 4092 bis
1333 4030 1413 4092 mille
1428 4029 1514 4092 anuis
1528 4027 1648 4109 penitus
1663 4043 1832 4100 excessere,

474 4118 735 4182 retrocedentibus
759 4117 966 4198 aequinoctiis,
991 4118 1069 4180 uude
1093 4119 1400 4183 dodecatemnriorum
1414 4118 1530 4181 zodiaci
1554 4116 1681 4180 sumitur
1696 4111 1833 4177 initium?

472 4205 555 4270 Nam
578 4214 613 4268 ut
636 4224 673 4267 ex
697 4215 800 4269 nostro
825 4207 958 4269 themate
988 4226 1141 4270 sumemus
1169 4210 1352 4288 exemplum
1379 4215 1479 4271 utrum
1501 4206 1616 4269 zodiaci
1632 4206 1750 4286 signum
1765 4218 1833 4263 esee

477 4294 622 4370 dicemus,
648 4295 726 4375 quod
750 4294 923 4375 congressui
948 4294 1071 4359 Saturni
1094 4305 1127 4357 et
1147 4293 1249 4372 Jovis,
1275 4305 1307 4359 et
1329 4297 1408 4379 quod
1429 4296 1536 4359 Novae
1555 4293 1672 4357 Stellae
1694 4289 1834 4373 praebuit

478 4383 667 4463 hospitium?
712 4380 911 4463 Sagittarium
944 4403 981 4446 au
1006 4382 1222 4463 Scorpionem?
1268 4384 1301 4448 Si
1335 4384 1524 4465 aequinoctia
1553 4382 1717 4462 respicias,
1750 4380 1833 4441 locus

476 4471 694 4552 conjunctionis
718 4480 766 4534 est
788 4469 834 4536 8⁰
856 4471 1033 4552 Sagittarii:
1058 4473 1142 4535 locus
1165 4474 1272 4536 Novae
1297 4470 1359 4537 18⁰
1381 4473 1517 4553 ejusdem
1540 4470 1629 4552 signi.
1675 4469 1710 4533 Si
1734 4468 1835 4529 sidera

475 4560 553 4641 ipsa,
577 4561 686 4622 stellae
701 4557 871 4641 Sagittarii,
897 4580 973 4641 quae
997 4562 1087 4624 tertio
1102 4561 1189 4640 siguo
1213 4563 1251 4624 ab
1274 4561 1464 4643 aequinoctio
1487 4580 1594 4624 nomeu
1610 4561 1707 4621 iecere
1725 4556 1833 4636 Sagit-

476 4649 558 4719 tarii,
577 4648 644 4727 jam
668 4649 696 4709 in
721 4650 893 4728 contiguum
917 4648 1046 4729 siguum,
1071 4650 1149 4730 quod
1173 4671 1191 4712 a
1214 4652 1320 4714 bruma
1342 4648 1449 4729 incipit
1471 4651 1506 4721 (a
1529 4648 1713 4729 Capricorno
1736 4646 1832 4707 deuo-

474 4738 635 4812 miuatum)
660 4738 854 4800 transierunt.
903 4738 1046 4800 Vicissim
1070 4757 1127 4800 uon
1151 4740 1254 4818 procul
1284 4760 1303 4801 a
1332 4739 1398 4800 loco
1431 4756 1610 4817 congressus
1642 4734 1750 4804 stella,
1782 4750 1834 4795 cnr

473 4824 596 4907 Scorpii
619 4825 717 4901 dicta,
742 4825 900 4889 invenitur.
948 4825 1055 4906 Itaque
1079 4825 1106 4888 si
1128 4827 1205 4889 fixae
1228 4826 1418 4907 respicimus,
1453 4826 1528 4888 haec
1551 4823 1736 4906 superiorum
1759 4840 1832 4885 cou-

468 4914 587 4995 junctio
611 4913 740 4977 ethaeo
762 4913 852 4977 Nova
874 4912 974 4977 Stella
996 4914 1025 4976 iu
1049 4913 1225 4996 Scorpionis
1249 4913 1509 4978 constellationem
1533 4913 1710 4976 inciderunt.

563 5001 626 5065 Sed
650 5001 728 5065 satie
751 5003 788 5064 de
812 5001 925 5084 origiue
949 5003 1108 5066 nominum.
1155 5004 1377 5068 concludamus
1399 5002 1477 5065 huuc
1505 5002 1602 5065 locutu
1633 5001 1834 5082 explicatione

471 5091 558 5155 vocis
581 5090 775 5155 zodiacus.
812 5088 917 5154 Latini
938 5109 1067 5171 namque
1090 5092 1296 5174 propriissime
1311 5088 1725 5172 verterunt-signiferum,
1750 5088 1833 5155 Ger-
