4584 6192
473 590 539 658 342
971 589 1145 641 Astronomiao
1163 588 1224 640 Para
1245 589 1343 654 Opticn

476 768 628 841 tabellae,
662 768 791 832 divisum
816 788 835 829 a
857 784 971 830 summo
1002 767 1041 829 ad
1068 773 1173 848 partes
1204 767 1319 829 medias
1343 768 1373 830 in
1397 768 1508 849 gradus
1532 765 1576 833 90
1599 768 1734 850 singulos
1757 770 1836 832 toti-

473 862 600 940 demque
623 858 762 941 utrinque
786 858 824 921 ab
848 858 917 920 imo.
949 857 1014 920 Aut
1037 856 1065 919 si
1086 857 1189 937 placet
1211 863 1296 918 utere
1311 857 1371 919 alia
1390 876 1578 921 nnmeromm
1592 857 1681 921 serie.
1712 857 1834 921 Deinde

472 948 591 1012 tabella
613 947 716 1027 capiat
738 948 768 1009 in
791 945 890 1009 medio
914 947 1027 1029 stylum
1056 946 1266 1010 brevissimum
1289 946 1319 1007 in
1345 956 1448 1009 centro
1472 965 1525 1009 seu
1549 946 1692 1010 sectione.
1741 945 1835 1011 Circa

467 1039 545 1101 huuc
568 1036 708 1099 volubilis
727 1045 849 1117 aptetur
871 1036 980 1110 rotula,
1004 1034 1033 1095 in
1050 1055 1109 1117 qua
1126 1036 1316 1116 postmodum
1338 1036 1476 1100 circellos
1495 1045 1662 1118 expuncto
1683 1036 1837 1099 affixiouis

469 1145 571 1190 sumus
595 1125 783 1207 descripturi.
826 1125 874 1186 Ex
896 1125 994 1186 altera
1017 1133 1103 1205 parte
1126 1125 1243 1187 rotulae
1266 1126 1438 1205 promineat
1461 1126 1561 1201 iudex,
1586 1126 1672 1205 cujus
1696 1134 1837 1190 extrema

472 1218 555 1280 linea
583 1233 621 1276 ex
649 1224 752 1277 centro
780 1215 897 1276 rotulae
926 1221 1030 1284 exeat,
1059 1214 1245 1295 longitudine
1279 1221 1383 1290 tauta,
1420 1221 1455 1276 nt
1477 1214 1506 1276 in
1529 1215 1671 1277 circulum
1700 1216 1837 1278 tabellae

472 1306 629 1385 pertingat
652 1311 684 1365 et
705 1304 822 1366 rotulae
847 1303 1040 1365 conversione
1064 1304 1156 1366 iudex
1178 1304 1209 1366 in
1232 1303 1288 1364 hoe
1313 1304 1425 1367 circulo
1448 1304 1683 1366 circumferatur.
1716 1303 1837 1375 Quibus

475 1394 519 1457 sio
542 1392 725 1456 constructis
749 1392 886 1454 dimetire
907 1392 1006 1454 omnia
1025 1392 1230 1466 subtilissime,
1255 1392 1342 1454 utin
1366 1413 1434 1455 meo
1454 1393 1654 1456 instrumento
1676 1394 1745 1456 feci.
1776 1395 1837 1456 Ubi

476 1483 515 1545 ad
538 1500 623 1544 usum
646 1490 769 1544 ventum
792 1482 865 1556 erit,
894 1482 993 1543 canali
1016 1482 1097 1544 intus
1121 1484 1206 1562 nigro
1229 1482 1289 1544 iter
1314 1483 1438 1545 tabellis
1461 1482 1653 1563 interjectum
1675 1483 1760 1559 vela,
1792 1483 1838 1545 sic

475 1580 509 1634 ut
531 1571 669 1652 nuspiam
702 1571 761 1634 luci
792 1579 900 1651 pateat
926 1571 1081 1651 ingressus
1112 1571 1170 1633 nisi
1199 1590 1255 1652 per
1278 1571 1471 1635 fenestellam
1495 1571 1657 1651 superioris
1680 1570 1836 1634 tabellae:

476 1661 708 1723 instmmentum
731 1679 803 1722 vero
827 1660 871 1721 aie
895 1660 1034 1735 colloces,
1060 1667 1093 1722 nt
1116 1680 1154 1721 ea
1176 1678 1247 1740 pars
1271 1661 1403 1741 regulae,
1429 1681 1506 1742 quae
1530 1679 1621 1741 snpra
1643 1661 1837 1723 columellam

476 1757 538 1824 est,
563 1768 630 1811 oum
654 1750 753 1812 canali
777 1756 806 1811 et
831 1748 946 1811 tabella
969 1749 1043 1812 foris
1067 1750 1108 1811 sit
1131 1757 1218 1812 extra
1241 1767 1362 1812 scenam
1386 1751 1416 1812 in
1441 1757 1546 1830 aperto
1570 1756 1655 1825 atre,
1688 1750 1835 1831 reliquum

474 1838 555 1900 intra
568 1838 599 1899 in
618 1838 751 1901 tenebris
767 1838 923 1919 possitque
938 1836 1031 1899 libere
1050 1838 1194 1901 converti.
1218 1837 1262 1899 Et
1281 1839 1323 1900 sit
1342 1840 1486 1914 fenestra,
1507 1858 1583 1920 quae
1598 1838 1733 1918 regulam
1753 1840 1837 1901 foras

475 1927 589 1990 emittit
611 1927 641 1988 in
666 1934 776 2003 adrem,
800 1927 877 1989 bene
901 1926 1093 1990 circumcirca
1115 1926 1297 1990 communita
1320 1937 1427 1991 contra
1450 1929 1555 1991 lucem.

564 2016 761 2078 Problema
791 2017 833 2078 Π.
888 2015 1113 2079 Diametrum
1147 2015 1254 2078 Solis
1287 2016 1455 2080 dimetiri
1488 2018 1748 2080 instrumento.
1801 2015 1838 2077 Id

475 2107 593 2187 quidem
613 2124 669 2186 per
688 2103 719 2169 8.
736 2114 767 2169 et
787 2103 817 2169 9.
840 2104 963 2168 secundi
984 2106 1094 2187 capitis
1112 2106 1176 2186 fieri
1195 2105 1225 2165 iu
1244 2123 1354 2184 genere
1373 2115 1480 2187 posset
1497 2106 1528 2168 in
1548 2123 1720 2187 quocunque
1739 2104 1836 2173 radio,

473 2215 527 2275 per
551 2196 716 2257 fenestram
739 2213 944 2276 quamcunque
964 2195 1058 2257 etiam
1081 2196 1260 2275 quadratam
1282 2193 1474 2271 intromisso;
1499 2203 1631 2257 ceterum
1654 2213 1760 2255 sensus
1783 2194 1838 2255 hic

472 2284 721 2348 mathematicam
753 2284 954 2347 subtilitatem
982 2302 1041 2345 non
1070 2292 1247 2365 sequnntur,
1278 2284 1332 2345 sed
1356 2284 1447 2367 (Cap.
1473 2287 1497 2360 I,
1521 2280 1580 2357 29)
1611 2282 1838 2345 extremitatem

478 2374 599 2452 speciei,
624 2376 664 2437 ad
688 2394 762 2455 qnae
785 2390 900 2453 paucae
920 2374 957 2435 de
971 2372 1043 2435 Sole
1066 2373 1233 2453 particulae
1257 2372 1387 2445 radiant,
1411 2394 1469 2436 non
1486 2372 1742 2453 comprehendunt
1764 2391 1838 2452 prae

475 2462 616 2524 claritate
645 2463 890 2526 intermediamm
914 2462 1025 2542 speciei
1048 2461 1191 2543 partium,
1224 2461 1263 2522 ad
1287 2479 1361 2541 quas
1385 2464 1507 2525 radiant
1529 2480 1633 2524 omnes
1657 2459 1741 2524 Solis
1763 2479 1839 2541 par-

478 2551 599 2614 ticulae.
635 2552 703 2615 Hoc
717 2551 897 2633 Tyohonicis
915 2571 972 2613 usn
991 2551 1083 2621 venit,
1108 2552 1178 2613 dum
1198 2549 1282 2612 radio
1307 2552 1425 2630 quidem
1449 2552 1496 2616 usi
1516 2559 1595 2627 sunt,
1621 2551 1676 2612 sed
1691 2550 1838 2612 foramine

474 2642 680 2723 quadrangulo
695 2649 727 2702 ct
741 2640 886 2719 ampliori,
907 2659 995 2721 qnam
1010 2648 1044 2701 ut
1057 2640 1195 2720 plenaria
1209 2639 1382 2703 intersectio
1397 2642 1460 2704 fieri
1475 2640 1608 2723 potnerit
1622 2638 1715 2718 (Cap.
1727 2639 1774 2711 ΙΙ,
1790 2634 1837 2713 6).

501 2766 504 2773 ·
565 2730 753 2811 Dispouatnr
776 2730 877 2809 itaque
901 2730 1132 2791 instrumentum
1156 2737 1187 2789 et
1205 2730 1310 2808 regula
1330 2730 1445 2793 feratur
1468 2732 1498 2792 in
1518 2748 1627 2809 corpus
1642 2726 1734 2802 Solis,
1759 2729 1841 2808 qnod

480 2818 515 2879 fit
538 2817 649 2899 duplici
681 2818 859 2901 gyratione,
892 2818 991 2880 altera
1022 2819 1144 2898 regulae
1168 2835 1258 2896 super
1281 2820 1455 2895 columella,
1485 2820 1582 2880 altera
1605 2817 1782 2879 columellae
1808 2826 1841 2878 et

477 2907 604 2969 transtri
628 2927 718 2989 super
741 2907 914 2970 azimutbali
938 2906 1155 2988 quadrangulo.
1202 2903 1256 2968 Sol
1282 2908 1383 2988 itaque
1412 2908 1596 2989 superiorem
1621 2906 1766 2969 tabellam
1790 2905 1840 2966 di-

475 3003 559 3058 recte
583 2997 694 3060 feriens
716 2997 817 3060 radios
841 2997 983 3059 demittet
1005 3017 1060 3077 per
1084 2995 1213 3058 laminae
1233 2996 1423 3058 fenestellam
1449 3005 1480 3059 et
1503 2996 1640 3060 canalem
1664 2996 1695 3056 in
1714 3013 1839 3057 scenam

476 3084 565 3166 inque
588 3086 734 3150 tabellam
756 3087 946 3161 inferiorem,
971 3085 1188 3166 rotundamque
1213 3085 1328 3148 creabit
1352 3087 1483 3167 speciem
1507 3085 1675 3166 superficiei
1698 3084 1840 3146 illustra·

474 3182 526 3236 tae
550 3173 641 3257 (Cap.
666 3177 706 3251 ΙΙ,
731 3170 778 3251 S).
825 3176 886 3239 Ubi
917 3176 994 3238 hanc
1027 3174 1159 3259 speciem
1186 3173 1297 3236 videris
1328 3177 1457 3247 (radium
1482 3174 1701 3255 appellabimus
1724 3177 1835 3253 porro)

477 3283 551 3344 cape
574 3266 702 3344 primum
725 3266 837 3328 circino
861 3266 925 3345 ejus
949 3265 1128 3327 diametmm
1153 3282 1241 3344 quarn
1263 3272 1351 3343 potes
1375 3265 1549 3346 aptissime.
1581 3262 1644 3325 Sed
1668 3262 1738 3342 quia
1761 3261 1841 3324 titu-

481 3351 564 3415 batio
588 3362 619 3415 te
643 3355 796 3436 impediet,
821 3354 943 3417 dimidio
967 3354 1031 3434 ejus
1056 3354 1134 3434 quod
1153 3353 1262 3415 circino
1287 3354 1394 3434 cepisti
1418 3373 1455 3415 ex
1474 3360 1577 3416 centro
1592 3351 1726 3414 tabellae
1746 3352 1841 3432 (quae

485 3448 537 3502 est
560 3442 625 3505 loco
649 3444 791 3525 parietis)
826 3444 922 3506 scribe
955 3443 1120 3519 circellum,
1155 3461 1249 3522 eoque
1278 3443 1406 3523 aliquem
1435 3442 1639 3522 augustiorem
1669 3440 1778 3519 exiguo
1810 3448 1843 3502 et

1121 3550 1237 3593 rursum
1269 3530 1424 3606 laxiorem,
1458 3541 1645 3612 quotcunque
1678 3529 1733 3591 tibi
1764 3549 1842 3608 opus

1121 3640 1189 3681 esse
1226 3622 1388 3699 putaveris.
1448 3622 1521 3683 Inde
1562 3620 1687 3699 explora
1722 3638 1842 3681 mrsum

1124 3729 1281 3790 quemnam
1314 3731 1352 3772 ex
1381 3710 1542 3789 descriptis
1575 3706 1704 3771 circellis
1737 3708 1841 3769 radius

1121 3805 1241 3878 aequet.

1212 3886 1261 3949 Sit
1295 3904 1366 3965 ergo
1398 3886 1455 3947 AB
1491 3885 1714 3948 semidiameter
1753 3886 1842 3948 fene-

1121 3977 1250 4050 stellae,
1274 3974 1335 4035 AK
1358 3976 1580 4038 semidiameter
1602 3975 1695 4049 radii,
1725 3983 1757 4036 et
1781 3975 1844 4038 sint

1121 4063 1189 4141 ΚΟ,
1204 4065 1262 4125 ΒΑ
1276 4065 1428 4143 aequales.
1466 4065 1548 4145 Ergo
1563 4062 1620 4125 AC
1637 4062 1729 4143 (Cap.
1746 4064 1788 4139 Π,
1806 4060 1841 4138 6)

990 4182 1072 4267 n
1122 4163 1171 4216 est
1194 4152 1360 4233 amplitudo
1389 4154 1499 4234 speciei
1530 4173 1583 4233 per
1605 4153 1725 4215 unicum
1753 4153 1841 4216 fene-

1032 4224 1044 4254 ⁸'
1078 4246 1093 4289 ὓ
1120 4244 1228 4305 stellae
1253 4250 1393 4321 punctum
1419 4243 1627 4305 descensurae.
1673 4240 1749 4304 (lum
1767 4262 1841 4305 vero

1122 4332 1332 4395 extremitates
1347 4332 1423 4394 radii
1440 4341 1471 4395 et
1488 4331 1620 4412 eorporis
1635 4329 1718 4393 Solis
1733 4331 1842 4394 iisdem

1053 4447 1056 4454 ⁴
1119 4422 1212 4483 rectis
1243 4428 1408 4499 tangantur
1442 4423 1526 4495 (narn
1556 4439 1611 4500 per
1642 4419 1718 4502 Gap.
1749 4422 1779 4495 I,
1811 4419 1842 4484 4.

1119 4510 1218 4572 lineae
1237 4508 1312 4571 lncis
1331 4518 1433 4572 rectae
1457 4512 1552 4585 sunt),
1573 4510 1675 4587 anguli
1698 4510 1792 4590 igitur
1813 4511 1844 4572 in

1120 4606 1230 4682 puncto
1271 4599 1449 4662 fenestellae
1490 4598 1648 4679 imaginati
1690 4607 1762 4661 sunt
1804 4602 1844 4662 ad

1121 4690 1248 4751 eundem
1280 4688 1425 4751 verticem
1465 4698 1497 4750 et
1537 4688 1690 4768 aequales.
1745 4687 1844 4752 Oculo

1123 4779 1216 4858 igitur
1248 4777 1397 4840 collocato
1428 4780 1492 4841 loco
1528 4778 1707 4841 fenestellae
1737 4780 1844 4841 eodem

483 4874 593 4955 angulo
618 4880 649 4935 et
672 4869 729 4934 Ac
752 4870 832 4933 infra
855 4878 887 4933 et
909 4869 1132 4933 semidiameter
1156 4864 1239 4929 Solis
1263 4886 1354 4946 supra
1377 4875 1524 4930 cernetur.

574 4962 740 5026 Subtracta
762 4960 864 5042 itaque
887 4959 944 5021 AB
968 4960 1018 5022 vel
1042 4958 1098 5022 CK
1120 4956 1344 5023 semidiametro
1368 4977 1405 5018 ex
1422 4958 1482 5018 ΑΚ
1506 4956 1732 5020 semidiametro
1756 4958 1844 5033 radii,

487 5052 672 5133 relinquetur
694 5047 769 5124 Ac,
802 5066 878 5131 quac
902 5067 968 5110 cunr
992 5048 1138 5111 distantia
1171 5045 1352 5108 tabellarum
1382 5046 1506 5109 exhibet
1537 5047 1679 5125 angulum
1708 5045 1844 5111 visionis.
