4584 6192
559 611 627 679 tet
1163 610 1313 663 m

562 798 739 852 consuetam
761 786 1016 865 magnitudinem,
1045 786 1182 847 censebit
1205 805 1262 847 nou
1285 785 1420 864 pluribus
1447 782 1508 847 100
1532 784 1641 845 abesse
1664 787 1823 866 passibus,
1856 788 1915 849 ad-

559 879 686 957 juvaute
720 886 752 937 et
784 875 996 936 clarificatione
1028 874 1153 935 visionis
1186 873 1358 952 perspicillo
1391 883 1563 951 procurata.
1610 874 1788 935 incredibile
1811 876 1916 937 multis

563 966 683 1027 ridetur
705 964 887 1043 epichirema
910 973 971 1022 tam
996 962 1126 1022 efficacis
1140 962 1315 1040 perspicilli,
1338 970 1372 1021 at
1395 962 1577 1039 impossibile
1601 970 1655 1022 aut
1673 981 1782 1024 novum
1798 982 1916 1042 nequa·

563 1073 653 1133 qnam
676 1063 733 1126 est,
757 1071 812 1113 nec
835 1070 928 1134 nuper
951 1071 970 1110 a
992 1051 1096 1127 Belgis
1119 1051 1239 1128 prodiit,
1265 1052 1320 1109 sed
1344 1059 1392 1109 tot
1409 1051 1474 1127 jam
1497 1050 1584 1109 aunis
1608 1060 1700 1111 autea
1721 1053 1917 1130 prodituma

562 1140 584 1201 J
591 1161 619 1202 o.
644 1142 822 1220 Baptista
844 1139 974 1211 Porta,
1000 1140 1120 1215 hlagiae
1145 1139 1293 1199 naturalis
1316 1138 1392 1199 libro
1416 1138 1525 1210 xvn,
1549 1157 1615 1216 cap.
1645 1137 1702 1211 10,
1728 1142 1765 1200 de
1790 1141 1917 1202 cristal-

564 1229 644 1291 linae
667 1229 757 1290 lentis
784 1229 949 1288 affectibus.
1007 1227 1105 1304 thue
1138 1238 1301 1305 appareat,
1331 1245 1368 1286 ue
1399 1227 1644 1303 compositionem
1676 1228 1795 1305 quidem
1823 1248 1917 1290 carae

565 1326 598 1379 et
620 1336 771 1378 convexae
802 1316 892 1376 lentis
915 1335 983 1375 esse
1007 1334 1130 1386 novam,
1167 1334 1223 1393 age
1256 1317 1350 1374 rerba
1373 1314 1484 1373 Portae
1512 1315 1720 1392 producamus.
1768 1316 1820 1377 Sic
1845 1318 1917 1378 ille:

567 1406 690 1480 „Posito
714 1405 799 1465 oculu
823 1405 852 1464 iu
876 1414 978 1463 ceutro
1003 1412 1082 1463 retro
1108 1405 1237 1475 lentem,
1272 1423 1346 1480 quae
1378 1413 1495 1463 remota
1519 1404 1629 1462 fuerint
1648 1404 1725 1464 adeo
1748 1404 1918 1484 propinqua

564 1493 700 1561 ridebis,
734 1502 766 1552 ut
795 1493 881 1567 quasi
910 1511 998 1552 manu
1031 1511 1068 1551 ea
1099 1502 1224 1568 tangere
1249 1490 1388 1562 ridearis,
1420 1498 1453 1549 ut
1476 1491 1563 1550 valde
1588 1505 1720 1552 remotos
1743 1512 1915 1571 cognoscas

563 1582 687 1653 amicos,
712 1582 817 1641 literas
841 1580 988 1657 epistolae
1013 1580 1042 1639 iu
1067 1580 1171 1639 debita
1194 1580 1341 1640 distantia
1355 1579 1523 1638 collocatae
1548 1581 1624 1639 adeo
1640 1599 1767 1658 magnas
1786 1582 1916 1657 videbis,

563 1679 597 1731 ut
619 1670 774 1748 perspicue
799 1669 903 1747 legas;
936 1669 961 1728 si
986 1668 1096 1728 lentem
1120 1666 1295 1738 inclinabis,
1322 1676 1354 1727 ut
1377 1685 1431 1745 per
1454 1668 1604 1745 obliquum
1628 1668 1790 1746 epistolam
1814 1671 1916 1749 inspi-

563 1759 646 1832 cias,
684 1759 789 1818 literas
820 1758 897 1816 satis
928 1756 1110 1833 majusculas
1144 1755 1278 1827 videbis,
1318 1766 1350 1815 ut
1383 1755 1473 1816 etiarn
1496 1775 1551 1833 per
1579 1754 1622 1817 20
1646 1775 1756 1834 passus
1780 1768 1915 1820 remotas

563 1846 669 1924 legas:
703 1854 735 1905 et
766 1846 793 1905 si
826 1845 948 1904 lentes
980 1845 1231 1922 multiplicare
1256 1843 1427 1914 noveris,
1460 1863 1527 1903 non
1556 1863 1703 1918 vereor,
1738 1847 1823 1926 quin
1850 1866 1917 1926 per

565 1931 629 1996 100
658 1953 794 2012 passus
827 1933 1010 1993 minimam
1043 1933 1193 1992 literam
1227 1931 1476 2008 conspiceris,
1512 1942 1545 1991 ut
1577 1952 1615 1992 en
1645 1954 1704 1994 uua
1727 1935 1757 1994 iu
1782 1935 1915 1997 alteram

562 2023 692 2101 majores
720 2021 883 2081 reddantur
906 2020 1107 2083 characteres.
1155 2019 1273 2080 Debilis
1304 2020 1387 2079 visus
1421 2039 1458 2079 ex
1491 2021 1574 2081 risus
1608 2022 1756 2099 qualitate
1782 2024 1917 2102 specillis

562 2120 673 2171 utatur.
707 2108 766 2180 Qui
789 2110 820 2169 id
836 2118 916 2171 recte
932 2110 1054 2170 sciverit
1073 2109 1309 2179 accommodare,
1335 2126 1392 2168 nou
1407 2126 1532 2186 parvum
1548 2110 1740 2171 nanciscetur
1754 2121 1916 2174 secretum.

563 2196 724 2260 Coucavae
750 2199 846 2259 lentes
871 2217 947 2276 quae
970 2198 1057 2275 longe
1082 2206 1152 2257 suut
1175 2196 1341 2257 clarissime
1365 2215 1486 2256 cernere
1511 2198 1639 2264 faciunt,
1664 2217 1820 2262 convexae
1843 2219 1917 2280 pro-

562 2288 684 2367 pinqua,
707 2289 785 2347 uude
808 2305 846 2346 ex
869 2286 951 2346 risus
975 2285 1188 2347 commoditate
1212 2285 1258 2345 his
1282 2286 1338 2345 frui
1367 2285 1491 2361 poteris.
1539 2285 1680 2347 Concavo
1706 2288 1798 2367 louge
1821 2308 1917 2368 parva

564 2375 650 2436 rides
674 2375 728 2435 sed
752 2375 927 2453 perspicua,
961 2393 1094 2435 convexo
1125 2374 1293 2452 propinqua
1315 2374 1431 2450 majora
1453 2374 1508 2433 sed
1537 2374 1666 2435 turbida.
1712 2374 1752 2438 Si
1777 2386 1916 2439 utrum·

565 2482 631 2543 que
656 2472 757 2525 recte
782 2482 999 2543 componere
1023 2464 1182 2534 noveris,
1206 2471 1238 2522 et
1257 2462 1417 2540 longinqua
1434 2470 1466 2521 et
1483 2463 1622 2540 proxima
1637 2465 1754 2543 majora
1778 2475 1811 2527 et
1833 2467 1917 2529 clara

563 2552 690 2613 videbis.
736 2553 804 2614 Nou
829 2571 932 2630 parum
956 2551 1057 2611 multis
1081 2550 1186 2611 amicis
1210 2550 1312 2609 ausilii
1343 2551 1570 2628 praestitimus,
1604 2552 1654 2630 qui
1688 2562 1720 2613 et
1753 2554 1917 2634 longinqua

564 2641 715 2715 obsoleta,
740 2642 877 2719 proxima
901 2639 1020 2700 turbida
1043 2638 1286 2716 conspiciebant,
1314 2648 1346 2697 ut
1370 2639 1468 2699 omnia
1490 2639 1711 2716 perfectissime
1734 2651 1916 2704 contueren-

564 2729 646 2791 tur.“
685 2730 770 2791 Haec
793 2729 892 2807 capite
922 2726 970 2789 10.
1009 2725 1188 2805 Capitell.
1212 2745 1320 2786 novum
1343 2727 1462 2787 titulum
1486 2728 1561 2788 lacit
1584 2728 1621 2787 de
1641 2730 1786 2805 specillis,
1812 2731 1917 2810 quibus

567 2837 660 2896 supra
682 2837 798 2879 omnem
821 2817 988 2895 cogitatum
1013 2816 1184 2893 longissime
1211 2815 1276 2894 quis
1300 2816 1473 2892 conspicere
1499 2826 1608 2894 queat:
1644 2819 1698 2877 sed
1722 2819 1914 2879 demonstra·

565 2905 678 2968 tionem
703 2907 740 2967 de
764 2905 911 2966 industria
935 2906 1029 2984 (quod
1054 2914 1084 2965 et
1108 2905 1279 2983 profitetur)
1304 2903 1348 2963 sic
1372 2904 1506 2977 involvit,
1534 2914 1566 2965 ut
1590 2906 1709 2965 nescias
1734 2908 1805 2986 quid
1825 2908 1916 2979 dicat,

566 3014 604 3056 au
628 2996 665 3055 de
690 2995 819 3056 lentibus
843 2993 1003 3073 perlucidis
1027 3000 1117 3070 agat,
1154 3003 1186 3052 ut
1218 2993 1383 3066 hacteuus,
1417 3012 1455 3053 au
1489 3011 1558 3053 vero
1592 2994 1745 3071 speculum
1769 2995 1918 3074 adjungat

564 3101 691 3162 opacum
722 3082 921 3160 laevigatum:
959 3081 1122 3158 cujusmodi
1156 3100 1245 3167 unum
1279 3088 1310 3140 et
1342 3081 1459 3157 ipsein
1490 3081 1587 3141 animo
1622 3081 1733 3154 babeo,
1764 3083 1846 3164 quod
1870 3102 1917 3144 res
1957 3129 1959 3134 .

565 3180 697 3232 remotas
721 3171 801 3231 nullo
826 3170 994 3230 discrimine
1019 3169 1175 3230 absentiae
1199 3169 1229 3229 in
1254 3168 1386 3229 maxima
1418 3170 1588 3247 quantitate
1622 3169 1748 3248 ideoque
1782 3180 1815 3232 ut
1844 3189 1917 3249 pro-

564 3259 693 3338 pinquae
717 3268 749 3320 et
771 3267 930 3336 praeterea
952 3257 1217 3336 proportionaliter
1239 3266 1345 3317 auctas
1369 3257 1507 3327 exhibet,
1532 3267 1619 3318 tauta
1643 3259 1783 3320 claritate
1808 3267 1920 3339 quauta

565 3365 605 3408 ex
627 3347 749 3424 speculo
773 3347 867 3425 (quod
891 3347 1062 3407 necessario
1086 3346 1195 3406 coloris
1219 3346 1295 3406 fusci
1320 3349 1383 3418 est)
1407 3346 1521 3423 sperari
1546 3354 1659 3425 potest.

653 3435 731 3496 Huic
756 3435 820 3495 loco
844 3434 911 3495 libri
935 3435 1047 3495 Portae
1080 3453 1146 3494 cum
1180 3433 1310 3494 riderem
1342 3435 1504 3511 praefixam
1538 3436 1689 3513 querelam
1720 3434 1806 3495 initio
1831 3435 1917 3514 capi-

566 3523 606 3584 tis
633 3521 693 3584 1οε
720 3542 881 3601 „cavarum
906 3533 938 3583 et
960 3541 1160 3583 convexarum
1184 3521 1306 3581 lentium
1331 3531 1362 3581 et
1380 3523 1579 3599 specillorom,
1607 3531 1766 3601 tantopere
1782 3523 1918 3584 humanis

567 3612 670 3673 usibus
694 3612 939 3685 necessariorum,
966 3613 1213 3691 nequeeffectum
1234 3630 1327 3688 neque
1353 3611 1485 3670 rationes
1514 3612 1610 3671 adhuc
1645 3632 1664 3670 a
1693 3612 1812 3672 nemine
1838 3614 1916 3673 alla·

568 3701 648 3774 tas,“
673 3721 738 3761 eam
764 3719 885 3779 operam
910 3701 1003 3760 sumsi
1027 3709 1097 3760 aute
1126 3718 1222 3759 anuos
1249 3717 1303 3757 ses
1327 3698 1356 3757 in
1380 3700 1593 3760 Astronomiae
1617 3707 1705 3778 parte
1730 3698 1861 3779 Optica,
1885 3710 1917 3761 ut

567 3790 636 3867 quid
660 3791 689 3851 iu
709 3790 892 3867 simplicibus
915 3788 1095 3866 perspicillis
1115 3788 1276 3857 accideret,
1298 3786 1448 3847 luculenta
1463 3788 1719 3849 demonstratione
1734 3790 1919 3866 geometrica

567 3878 722 3940 redderem
746 3877 927 3956 expeditum.
960 3878 1072 3937 Videre
1097 3884 1146 3936 est
1170 3874 1209 3934 ibi
1230 3873 1305 3953 Cap.
1325 3876 1373 3948 V,
1399 3877 1448 3936 ubi
1473 3877 1645 3937 demonstro
1669 3876 1723 3936 illa
1746 3896 1824 3956 quae
1848 3895 1918 3956 per·

569 3965 668 4026 tinent
691 3967 729 4024 ad
753 3966 870 4025 modum
894 3965 1025 4036 videndi,
1050 3964 1226 4042 conjunctas
1250 3963 1280 4022 iu
1309 3965 1462 4024 schemate
1487 3965 1602 4043 effigies
1632 3964 1698 4025 cari
1732 3973 1764 4025 et
1794 3965 1920 4027 convexi

568 4053 741 4132 perspicilli,
765 4055 854 4131 plane
878 4053 917 4113 ad
942 4073 1009 4113 eum
1032 4053 1161 4124 modum,
1189 4070 1245 4130 quo
1270 4053 1369 4112 solent
1393 4052 1480 4114 hodie
1509 4053 1539 4114 in
1562 4053 1694 4132 vulgatis
1720 4054 1801 4114 tubis
1821 4054 1918 4133 J'uugi.

567 4139 684 4211 Quodsi
716 4160 773 4202 non
805 4142 894 4203 lectio
927 4140 1048 4219 hlagiae
1079 4141 1190 4202 Portae
1232 4141 1419 4201 occasionem
1451 4141 1535 4201 dedit
1567 4141 1634 4201 huic
1667 4141 1918 4209 machinamento,

570 4238 622 4289 aut
645 4230 671 4289 si
695 4248 752 4289 uon
777 4230 885 4309 aliquis
910 4230 1070 4308 Belgarum
1103 4250 1139 4289 err
1173 4228 1267 4307 ipsius
1290 4229 1401 4289 Portae
1428 4230 1622 4290 instructione
1648 4230 1847 4292 fabrefactum
1872 4232 1917 4292 in·

567 4326 763 4379 strumentum
799 4319 905 4380 solutis
938 4318 1049 4379 silentii
1084 4319 1200 4395 legibus
1238 4325 1333 4377 morte
1366 4318 1477 4379 Portae
1515 4319 1727 4397 multiplicavit
1766 4321 1794 4380 iu
1834 4320 1921 4398 plura

568 4407 721 4485 exempla,
756 4414 789 4467 ut
813 4425 940 4467 mercem
965 4407 1101 4466 venalem
1126 4409 1259 4476 iaceret,
1289 4407 1363 4466 haec
1396 4416 1478 4467 certe
1503 4408 1618 4484 elligies
1651 4407 1717 4486 ipsa
1746 4409 1814 4480 (fol.
1840 4403 1919 4479 256)

566 4493 635 4556 libri
659 4495 717 4556 mei
741 4495 840 4574 potuit
863 4495 1011 4555 curiosum
1040 4496 1183 4556 lectorem
1215 4495 1373 4554 admonere
1410 4495 1445 4554 de
1480 4504 1649 4570 structura,
1683 4497 1865 4573 praesertim
1896 4496 1921 4556 si

567 4582 727 4644 lectionem
752 4584 1039 4645 demonstrationum
1063 4604 1195 4644 mearum
1228 4602 1293 4643 cum
1317 4592 1402 4644 textu
1427 4584 1537 4644 Portae
1562 4586 1726 4663 conjunxit.
1773 4586 1844 4647 Nou
1874 4596 1921 4646 est

566 4679 668 4733 tamen
694 4672 878 4743 incredibile,
902 4674 1029 4733 solertes
1054 4674 1222 4750 sculptores
1247 4672 1274 4731 in
1299 4682 1389 4749 geute
1414 4672 1575 4739 industria,
1602 4675 1650 4751 qui
1675 4674 1859 4751 perspicillis
1883 4672 1919 4734 ad

566 4761 739 4840 sculpturae
763 4759 905 4821 minutias
929 4761 1074 4821 videndas
1091 4771 1222 4833 utuntur,
1248 4779 1319 4819 casu
1336 4761 1426 4821 etiarn
1450 4762 1479 4821 iu
1506 4761 1650 4822 lubricam
1674 4763 1751 4822 hanc
1766 4762 1920 4836 incidisse,

566 4848 635 4909 dum
662 4850 758 4909 lentes
782 4868 933 4909 convenas
956 4849 1038 4910 cavis
1062 4850 1144 4910 varie
1169 4848 1331 4922 associant,
1355 4859 1397 4923 ut,
1423 4869 1498 4927 quae
1519 4850 1699 4910 combinatio
1724 4851 1832 4912 melius
1856 4871 1921 4913 ser·

566 4936 631 4996 viat
645 4937 749 5011 oculis,
773 4955 840 4997 eam
859 4937 981 5015 eligant.
1019 4938 1087 4999 h'on
1105 4938 1166 4997 ista
1189 4938 1255 4996 dico
1280 4938 1317 4996 ad
1334 4938 1556 5017 deprimendam
1573 4938 1738 4999 inventoris
1756 4938 1923 5003 mechanici

568 5023 706 5098 laudem,
746 5024 879 5103 quisquis
917 5026 981 5087 fuit.
1040 5024 1110 5087 Scio
1150 5034 1291 5104 quantum
1322 5025 1442 5086 intersit
1476 5028 1555 5087 iuter
1593 5028 1758 5088 rationales
1799 5030 1921 5110 conjec-

567 5118 651 5173 turas
681 5120 715 5172 et
736 5113 888 5174 ocularem
911 5113 1147 5193 experientiam
1181 5113 1258 5176 iuter
1280 5113 1448 5176 Ptolemaei
1477 5116 1712 5196 disputationem
1736 5117 1775 5179 de
1799 5119 1922 5198 antipo-
