4584 6192
988 578 1071 644 capot
1088 580 1120 628 V.
1144 578 1171 631 2.
1694 575 1761 645 233

402 755 453 835 qni
474 755 614 817 resident
635 757 665 817 in
688 757 788 819 retina
810 764 843 818 et
866 756 894 817 in
918 775 1019 827 nervo,
1045 757 1253 837 conjungatur,
1279 767 1310 819 et
1333 765 1431 819 utrum
1455 776 1508 837 per
1531 757 1656 839 spiritus
1681 758 1759 820 iutro

404 845 433 906 in
456 845 572 907 cerebri
597 864 742 907 cavernas
766 847 804 907 ad
828 846 946 906 animae
971 865 1023 905 seu
1048 846 1203 907 facultatis
1228 847 1355 909 visoriae
1390 847 1519 909 tribuual
1543 848 1686 921 sistatur,
1721 867 1759 908 an

404 934 534 996 facultas
557 934 670 997 visoria
693 954 748 996 ceu
773 943 915 1015 quaestor
938 936 976 995 ab
1001 935 1101 995 anima
1132 936 1223 996 datus
1248 955 1264 996 e
1288 936 1402 997 cerebri
1433 937 1585 1016 praetorio
1619 938 1700 997 foras
1728 937 1758 998 in

402 1024 500 1104 ipsum
522 1042 649 1085 nervum
671 1024 813 1085 visorium
838 1033 869 1084 et
898 1024 1038 1096 retinam,
1065 1043 1118 1084 ceu
1143 1026 1182 1085 ad
1215 1024 1357 1085 iuferiora
1385 1025 1531 1086 subsellia
1561 1026 1759 1092 descendens,

405 1113 483 1174 idolo
515 1112 586 1174 huic
616 1114 762 1193 procedat
793 1113 928 1186 obviam,
962 1113 1017 1174 hoc
1046 1113 1166 1191 inquam
1202 1114 1335 1194 physicis
1369 1115 1502 1193 relinquo
1533 1113 1756 1193 disputandum.

404 1201 482 1263 llam
505 1202 675 1280 opticorum
698 1209 851 1266 armatura
873 1220 931 1262 non
945 1202 1081 1279 procedit
1101 1201 1218 1280 longius
1243 1222 1331 1282 quam
1356 1202 1394 1263 ad
1418 1204 1495 1264 hunc
1519 1222 1613 1282 usque
1632 1221 1756 1282 opacum

404 1289 560 1369 parietem,
587 1290 635 1371 qui
658 1291 772 1370 primus
797 1290 916 1370 quidem
939 1291 969 1351 in
993 1291 1078 1351 oculo
1103 1291 1241 1352 occurrit.
1289 1292 1356 1353 Non
1382 1291 1458 1352 enim
1483 1292 1662 1353 audiendum
1687 1300 1760 1371 puto

406 1380 599 1441 Vitellionem
626 1381 678 1441 ΙΙΙ.
703 1378 760 1454 20,
795 1379 844 1458 qui
877 1380 951 1440 haec
986 1378 1066 1440 idola
1099 1380 1173 1440 lucis
1202 1399 1255 1458 per
1278 1400 1401 1441 nervum
1425 1381 1550 1441 ulterius
1574 1388 1664 1460 putat
1685 1398 1760 1459 pro-

406 1468 513 1537 ficisci,
539 1470 640 1548 quoad
671 1469 699 1529 in
728 1469 828 1530 medio
858 1469 964 1529 itinere
998 1468 1151 1548 utriusque
1187 1469 1265 1529 oculi
1295 1470 1377 1530 nervi
1408 1470 1536 1548 quodam
1571 1469 1655 1548 quasi
1682 1488 1759 1529 nexu

407 1566 514 1618 coeant
541 1558 706 1637 iterumque
736 1557 894 1618 discedant
923 1557 953 1617 in
984 1576 1054 1617 suas
1085 1557 1196 1636 singuli
1227 1559 1376 1619 cavitates
1406 1557 1530 1619 cerebri.
1577 1559 1656 1619 Nam
1689 1557 1759 1637 quid

406 1646 521 1725 legibus
546 1646 655 1725 opticis
678 1647 715 1707 de
739 1645 794 1707 hoc
819 1645 936 1707 occulto
961 1645 1170 1719 commeatu*)
1194 1647 1383 1725 pronunciari
1407 1655 1523 1725 potest,
1554 1647 1601 1726 qui
1626 1666 1693 1707 cum
1718 1646 1760 1707 sit

407 1753 459 1813 per
480 1753 595 1814 opacas
618 1735 744 1815 ideoque
768 1736 945 1796 tenebrosas
968 1743 1071 1813 partes
1100 1735 1384 1815 administreturque
1419 1736 1591 1814 spiritibus,
1622 1735 1670 1814 qui
1695 1742 1761 1795 toto

407 1842 513 1902 genere
538 1824 680 1884 differunt
702 1823 740 1884 ab
765 1823 935 1885 humoribus
959 1824 1083 1902 aliisque
1108 1824 1275 1902 perspicuis
1308 1827 1414 1899 rebus,
1443 1825 1569 1904 jamjam
1593 1843 1662 1883 sose
1683 1823 1761 1901 legi-

407 1912 460 1973 bus
481 1912 593 1992 opticis
616 1913 735 1993 penitus
760 1913 889 1973 exemit?
935 1914 1041 1991 ltaque
1065 1931 1132 1973 oum
1158 1912 1283 1974 Vitellio
1312 1914 1355 1973 sic
1380 1922 1607 1992 argumentetur
1630 1913 1682 1973 lib.
1703 1913 1760 1974 llI.

406 2019 434 2081 p.
456 1999 518 2063 20:
553 2009 691 2080 oportere
715 2002 831 2080 species
864 2001 959 2062 uniri:
994 2019 1066 2079 ergo
1095 2004 1138 2079 (p.
1169 1999 1238 2070 21.)
1272 2003 1480 2064 refractionem
1514 2004 1576 2063 lieri
1611 2002 1640 2062 in
1672 2000 1761 2061 vitrei

406 2089 523 2170 postico
548 2099 580 2151 et
604 2091 647 2168 (p.
672 2089 740 2163 22.)
765 2090 889 2170 spiritus
913 2109 980 2150 esse
1009 2090 1191 2168 pellucidos;
1221 2110 1276 2169 ego
1301 2092 1437 2152 inverte:
1462 2091 1586 2171 spiritus
1610 2109 1668 2150 uon
1693 2096 1764 2150 sunt

409 2197 515 2259 corpus
539 2178 670 2258 opticum
694 2189 725 2240 et
747 2179 879 2259 ipsorum
903 2179 1024 2258 gracilis
1049 2198 1180 2239 caverna
1210 2198 1320 2240 nervea
1351 2199 1408 2240 non
1438 2189 1486 2240 est
1511 2180 1609 2258 optice
1635 2178 1761 2251 directa,

410 2276 440 2329 et
461 2267 489 2328 si
513 2275 611 2341 esset,
646 2276 783 2329 uoutortu
807 2277 907 2328 tamen
931 2268 1008 2328 oculi
1033 2268 1137 2328 statim
1168 2269 1253 2329 fieret
1286 2270 1493 2342 anfractuosa,
1524 2268 1628 2348 suique
1657 2275 1762 2345 partes

410 2376 521 2437 opacas
545 2356 709 2418 exilissimo
735 2357 869 2418 foramini
895 2376 946 2417 seu
971 2365 1088 2417 meatus
1112 2357 1190 2417 ostio
1214 2357 1367 2436 objiceret.
1406 2357 1507 2428 Quare
1531 2376 1625 2437 neque
1649 2355 1763 2418 transit

410 2446 459 2507 lux
478 2444 631 2525 posticam
654 2446 743 2507 vitrei
776 2446 976 2525 superficiem,
1005 2465 1100 2525 neque
1132 2445 1306 2525 refringitur
1328 2447 1378 2519 ibi,
1409 2448 1463 2507 sed
1492 2445 1675 2525 impingitur.
1722 2443 1764 2505 Et
1835 2485 1840 2496 ·

409 2534 456 2615 qui
478 2533 606 2613 refringi
628 2543 730 2613 potest
756 2535 873 2615 species
897 2535 1186 2614 perpendiculariter
1209 2535 1367 2613 ingressa?
1391 2534 1480 2605 Quod
1504 2536 1608 2596 mimm
1631 2544 1681 2595 est
1703 2551 1762 2595 nou

412 2623 551 2685 incidisse
575 2622 749 2697 Vitellioni,
779 2623 1013 2703 propositionem
1038 2621 1091 2685 31.
1117 2623 1198 2684 tertii
1232 2625 1384 2686 scribenti.
1433 2625 1508 2685 llinc
1532 2643 1577 2703 pr.
1604 2621 1654 2685 73.
1680 2619 1763 2683 tertii

411 2711 437 2773 iu
460 2712 661 2774 difficultates
686 2714 741 2774 fuit
765 2713 919 2791 conjectus
942 2731 1000 2772 non
1024 2712 1188 2773 mediocres
1213 2713 1250 2773 ob
1274 2714 1351 2774 hanc
1375 2713 1541 2792 specierum
1564 2712 1592 2773 iu
1617 2730 1761 2772 concursu

412 2818 567 2862 nervorum
589 2801 839 2880 conjunctionem.
874 2799 962 2870 Quod
986 2802 1010 2860 si
1036 2808 1066 2861 et
1090 2802 1126 2861 de
1142 2802 1198 2863 hac
1214 2821 1371 2863 nervorum
1389 2802 1600 2880 conjunctione
1617 2802 1644 2860 in
1664 2799 1763 2861 medio

413 2889 514 2951 itinere
538 2890 695 2951 meandum
719 2898 781 2963 est,
811 2890 842 2951 id
866 2891 918 2975 hat
946 2891 1112 2951 rationibus
1142 2890 1285 2970 physicis.
1331 2890 1409 2951 Nam
1438 2899 1521 2952 certo
1555 2890 1666 2951 certius
1701 2898 1762 2962 est,

412 2978 520 3040 nullam
544 2978 706 3057 imaginem
731 2980 861 3058 opticam
893 2980 1043 3058 hucusque
1075 2980 1240 3057 pervenire.
1289 2980 1418 3040 Videtur
1445 2980 1551 3060 igitur,
1583 2978 1608 3038 si
1638 2977 1764 3058 quilibet

413 3085 517 3129 uersus
540 3066 571 3128 in
595 3086 680 3128 suam
703 3068 818 3129 cerebri
852 3067 955 3128 sedem
984 3069 1059 3129 liber
1088 3075 1173 3129 recta
1205 3069 1409 3147 pervenisset,
1446 3069 1575 3129 futurum
1606 3067 1700 3128 fuisse
1728 3072 1763 3127 ut

414 3155 525 3218 duobus
549 3151 644 3217 oculis
666 3157 712 3217 usi
737 3158 811 3216 duas
837 3156 1075 3218 existimaremus
1106 3157 1208 3217 videre
1226 3178 1285 3219 -res
1314 3175 1367 3236 pro
1392 3176 1459 3218 una.
1507 3158 1572 3218 Aut
1604 3157 1687 3216 facta
1714 3162 1764 3216 est

415 3243 485 3306 haec
508 3244 690 3324 conjunctio,
716 3265 751 3307 ne
777 3246 872 3306 altero
897 3247 998 3306 clauso
1023 3247 1107 3306 oculo
1133 3247 1183 3306 ille
1208 3265 1324 3326 quoque
1340 3246 1453 3307 cerebri
1478 3246 1562 3307 sinus
1582 3243 1766 3325 ajudicaudi

415 3333 562 3396 functione
586 3342 731 3396 cessaret.
773 3335 834 3395 Aut
858 3335 987 3395 fortasse
1013 3335 1079 3414 ipsa
1103 3334 1219 3396 sinuum
1245 3335 1408 3414 geminatio
1433 3355 1491 3396 nou
1516 3343 1641 3414 propter
1665 3333 1767 3394 oculos

415 3431 528 3485 tautum
553 3431 609 3497 est,
635 3424 688 3483 sed
712 3442 766 3502 per
789 3443 822 3483 se
847 3424 921 3483 facit
944 3425 982 3483 ad
1007 3434 1121 3485 rectam
1137 3424 1391 3503 dijudicationem,
1415 3435 1449 3485 ut
1464 3425 1615 3485 oculorum
1634 3422 1768 3486 societas

416 3511 451 3572 sd
474 3511 648 3573 distantias.
696 3512 739 3574 Ut
763 3512 853 3590 igitur
877 3519 906 3572 et
936 3512 1068 3573 visibilia
1093 3512 1328 3593 dijudicarentur
1352 3515 1528 3587 rectissime,
1555 3522 1586 3574 et
1609 3531 1685 3592 quae
1710 3528 1768 3571 uuo

414 3609 443 3660 et
465 3618 540 3679 quse
564 3600 680 3661 duobus
704 3601 797 3661 oculis
822 3610 1026 3674 cernerentur,
1062 3620 1237 3663 concursum
1262 3603 1339 3664 hunc
1362 3612 1512 3663 meatuum
1537 3602 1598 3662 lieri
1623 3598 1765 3679 oportuit.

414 3687 476 3749 Hoc
498 3707 587 3750 unum
607 3688 655 3750 hic
679 3708 716 3750 ex
740 3689 931 3751 conclusione
955 3692 1064 3769 capitis
1088 3690 1175 3770 primi
1199 3692 1298 3770 optice
1324 3692 1381 3752 dici
1405 3701 1525 3769 potest:
1551 3690 1674 3770 spiritus
1698 3687 1763 3766 pati

413 3777 600 3839 acoloribus
625 3787 658 3838 et
680 3777 855 3848 luminibus,
885 3780 1114 3859 passionemque
1139 3780 1217 3840 hanc
1242 3800 1308 3840 esse
1334 3781 1496 3859 quandam,
1528 3789 1561 3840 ut
1584 3780 1629 3840 ita
1660 3777 1767 3848 dicam,

412 3866 623 3928 tolerationem
638 3874 671 3927 et
684 3867 926 3928 illustrationem.
964 3868 1043 3929 Nam
1058 3868 1193 3929 resident
1207 3869 1235 3930 iu
1253 3870 1317 3931 visu
1333 3869 1449 3947 species
1465 3869 1619 3929 fortiorum
1635 3867 1768 3927 colorum

412 3963 480 4032 post
500 3955 643 4016 intuitum
667 3956 791 4028 factum,
816 3966 847 4017 et
871 3956 1034 4018 miscentur
1057 3956 1206 4020 coloribus
1231 3979 1249 4017 a
1273 3978 1349 4019 novo
1374 3958 1482 4019 iutuitu
1506 3955 1660 4036 impressis
1675 3955 1766 4032 litque

412 4044 549 4105 confusus
573 4063 611 4105 ex
627 4052 752 4123 utroque
768 4046 857 4106 color.
877 4045 962 4106 llaec
986 4046 1103 4125 species
1119 4047 1298 4126 separabilis
1318 4068 1337 4107 a
1355 4046 1527 4128 praeseutia
1540 4046 1582 4107 rei
1597 4044 1680 4104 visae
1701 4040 1767 4103 exi-

412 4140 493 4194 stens
507 4151 566 4193 non
590 4142 640 4193 est
662 4133 692 4193 in
706 4132 877 4196 humoribus
901 4143 955 4195 aut
968 4136 1087 4204 tunicis,
1112 4146 1144 4206 ut
1169 4155 1260 4214 supra
1274 4137 1450 4214 probatum:
1477 4154 1547 4214 ergo
1563 4133 1591 4195 iu
1612 4131 1768 4213 spiritibus

412 4232 442 4282 et
458 4239 512 4301 per
535 4221 613 4283 hanc
633 4222 860 4301 impressionem
875 4224 1041 4302 specierum
1065 4224 1094 4284 in
1119 4225 1243 4303 spiritus
1267 4228 1301 4286 lit
1314 4225 1401 4287 visio.
1435 4224 1598 4302 impressio
1613 4241 1684 4284 vero
1705 4220 1771 4300 ipsa

412 4328 466 4371 uon
491 4321 540 4371 est
561 4310 682 4390 optma,
706 4311 761 4373 sed
784 4312 910 4392 physica
934 4321 964 4372 et
998 4313 1193 4374 admirabilis.
1242 4313 1303 4375 Sed
1335 4315 1408 4374 haec
1441 4313 1549 4374 obiter.
1597 4312 1702 4374 Redeo
1727 4307 1767 4370 ad

412 4399 619 4480 explicandum
642 4399 767 4461 visionis
791 4399 986 4474 modum.**)

498 4633 529 4708 ⁹)
549 4641 589 4695 Et
608 4646 704 4693 tamen
730 4658 781 4710 per
809 4643 882 4695 hunc
903 4643 934 4697 fit
954 4644 1040 4705 visio,
1073 4658 1091 4694 a
1112 4659 1166 4712 qua
1197 4641 1302 4712 optices
1328 4661 1383 4695 vox
1412 4640 1570 4695 descondit:
1605 4641 1697 4709 itaque
1718 4655 1769 4710 per

412 4720 538 4790 iniuriam
559 4721 668 4792 quidem
689 4738 725 4773 ex
748 4722 841 4789 optica
868 4723 992 4792 ejicitur,
1015 4721 1079 4791 quis
1099 4739 1150 4791 per
1171 4730 1283 4776 nostrae
1309 4723 1443 4776 scientiae
1469 4728 1627 4791 egestatem
1654 4718 1769 4772 tolerari

411 4800 438 4854 in
456 4800 552 4870 aptius
571 4818 627 4854 non
648 4807 752 4870 potest.
765 4802 802 4866 ⁴⁸)

497 4877 537 4945 ”)
559 4880 787 4936 Considerstione
808 4880 995 4953 dignissimum
1017 4885 1164 4952 estquod
1187 4883 1250 4936 olim
1274 4881 1479 4950 Heidelbergae
1500 4880 1652 4950 contigisse
1674 4879 1710 4931 M.
1733 4879 1769 4931 D.

412 4959 572 5014 Matthaeus
592 4960 769 5031 Wagger,
792 4961 907 5016 Caesari
928 4978 946 5014 a
966 4962 1086 5015 consiliis
1108 4964 1191 5015 sulae
1214 4962 1374 5031 imperialis,
1396 4962 1463 5014 mihi
1483 4960 1616 5014 narrarit.
1653 4958 1769 5022 Quidem

411 5039 599 5098 missitare
621 5040 737 5103 amisso,
768 5043 859 5096 altero
881 5042 951 5095 forta
974 5059 1069 5095 manus
1099 5044 1195 5111 palma
1223 5049 1298 5096 teoto
1330 5041 1542 5104 animadvertit,
1572 5041 1594 5093 si
1621 5040 1769 5109 splendens

411 5118 551 5190 quippiam
570 5120 645 5175 iufra
665 5136 748 5175 ubres
769 5121 897 5185 sisteret,
929 5123 1102 5191 splendorem
1123 5140 1154 5175 se
1183 5138 1336 5193 agnoscere
1365 5131 1449 5192 atque
1471 5120 1555 5175 etism
1582 5120 1769 5175 internoscere
