4584 6192
951 570 1139 636 cspaxxnt
1656 575 1723 644 395-

368 749 466 829 igitur
488 748 518 811 in
541 747 675 811 aethere.
720 750 837 811 Deinde
862 767 919 830 quo
943 749 1009 811 loco
1032 748 1190 811 existimas
1214 749 1306 827 fuisse
1333 752 1489 815 materiam
1518 754 1615 821 illam.
1649 775 1725 836 quae

373 838 474 901 Solem
500 837 657 918 quatriduo
680 838 798 919 integro
823 839 850 899 in
875 838 989 918 pallore
1012 838 1151 914 detinuit,
1175 838 1281 900 stellas
1304 858 1375 901 vero
1399 842 1563 905 occultavit
1585 844 1725 907 minime?

371 928 452 991 Nam
475 928 501 989 si
525 927 582 989 luit
604 927 737 1006 proxime
761 928 817 989 sub
840 926 941 1002 Luna,
970 937 1203 989 consentaneum
1226 928 1294 1000 fiet,
1322 948 1388 990 cum
1412 930 1483 993 orbe
1506 932 1611 994 Lunae
1635 935 1726 996 etiarn

372 1017 528 1080 circumire
551 1017 701 1092 debuisse,
726 1026 845 1096 raptam
867 1016 1047 1097 pernicitate
1069 1027 1178 1092 motus,
1202 1025 1236 1078 ut
1259 1017 1440 1082 Aristoteles
1468 1022 1533 1083 vult
1561 1020 1638 1101 ignis
1661 1023 1726 1085 ele-

371 1114 505 1169 mentum
529 1106 605 1185 rapi.
651 1106 697 1169 At
720 1107 789 1186 quia
808 1105 862 1168 Sol
886 1106 1044 1186 quatriduo
1067 1106 1184 1183 integro
1209 1106 1307 1183 latuit,
1330 1126 1385 1187 per
1408 1109 1486 1189 quod
1509 1118 1627 1191 tempus
1641 1112 1728 1174 Luna

371 1216 392 1257 a
407 1194 479 1258 Sole
503 1192 565 1258 50⁰
587 1194 644 1256 luit
666 1215 797 1268 emensa,
822 1215 879 1257 nou
903 1196 994 1273 igitur
1017 1196 1092 1257 haec
1114 1196 1242 1257 materia
1264 1214 1357 1275 prope
1379 1197 1506 1273 Lunam,
1530 1201 1584 1262 scd
1607 1201 1727 1263 omniuo

371 1303 466 1364 supra
488 1284 565 1345 hauc
589 1285 727 1347 constitit
750 1285 779 1345 in
804 1284 868 1364 ipso
892 1284 958 1347 sinu
987 1284 1118 1346 aetheris
1148 1284 1188 1345 ab
1211 1285 1345 1347 omuibus
1369 1286 1513 1349 concessi.
1558 1288 1626 1351 Nisi
1649 1291 1728 1352 iorte

371 1375 473 1451 dicere
496 1374 627 1453 placeat,
652 1369 712 1437 50⁰
735 1374 855 1453 longam
879 1373 972 1452 primo
996 1375 1109 1435 texisse
1134 1372 1235 1435 Solem
1259 1374 1450 1436 extremitate
1475 1376 1597 1449 dextra,
1622 1378 1728 1440 ultimo

372 1462 514 1524 sinistra:
539 1481 596 1543 quo
621 1473 711 1542 pacto
734 1464 841 1525 stellas
865 1463 957 1524 etiam
980 1473 1082 1542 tegere
1107 1463 1226 1535 debuit,
1257 1483 1448 1545 quaecunque
1471 1465 1552 1526 iutra
1574 1462 1636 1529 50⁰
1657 1485 1728 1547 pro-

371 1551 575 1631 pinquitatem
607 1549 709 1613 Solem
741 1551 986 1614 circumstabant.
1042 1552 1137 1631 Atqui
1170 1551 1313 1633 legimus,
1348 1554 1430 1614 visas
1462 1573 1530 1615 esse
1560 1556 1666 1616 stellas
1690 1556 1728 1617 fin

372 1640 513 1703 meridie:
538 1660 629 1721 quare
653 1641 759 1703 stellae
783 1660 874 1721 prope
898 1640 1000 1703 Solem
1025 1660 1083 1703 nou
1108 1642 1189 1702 tuere
1213 1651 1324 1704 tectae.
1371 1642 1504 1704 Materia
1525 1642 1626 1722 igitur,
1653 1663 1729 1724 quae

373 1728 479 1792 Solem
503 1730 643 1804 obduxit,
674 1739 736 1791 tam
760 1731 824 1792 lata
847 1749 905 1791 nou
929 1730 1000 1803 fuit,
1032 1741 1064 1792 et
1094 1749 1160 1791 curu
1185 1729 1265 1792 Solis
1290 1731 1354 1792 loco
1378 1731 1553 1795 adhaeserit
1575 1752 1628 1812 per
1651 1752 1728 1812 qua-

372 1818 522 1889 triduum,
546 1819 623 1880 uude
647 1819 752 1880 Lunae
776 1818 857 1880 orbis
880 1819 999 1880 interitu
1022 1838 1075 1899 per
1099 1814 1161 1881 50⁰
1183 1820 1341 1894 discessit,
1373 1820 1474 1901 itaque
1497 1840 1589 1901 prope
1612 1822 1729 1883 Lunam

374 1910 451 1970 haec
474 1908 603 1969 materia
626 1916 709 1969 stare
732 1929 789 1971 nou
813 1908 919 1988 potuit.
966 1909 1001 1969 Ιιι
1024 1909 1170 1986 profundo
1194 1910 1286 1986 igitur
1312 1910 1435 1971 aethere
1458 1910 1591 1990 proxime
1616 1910 1728 1985 Solem,

373 1998 455 2059 iuter
477 1997 554 2058 huuc
578 2006 609 2058 et
631 1998 781 2060 Tellurem
804 1998 988 2079 quaerenda;
1020 1998 1077 2058 imo
1105 2017 1143 2059 ex
1171 2017 1206 2059 eo
1234 1998 1320 2059 nobis
1350 1999 1453 2061 oblata
1475 2017 1529 2077 pro
1553 2010 1728 2079 argumento

373 2086 528 2148 mutabilis
551 2088 696 2148 materiae
720 2088 896 2161 aethereae,
930 2106 1006 2167 quae
1031 2087 1128 2148 stellis
1163 2087 1274 2168 liquida
1297 2087 1556 2163 circumfunditur,
1589 2098 1637 2151 est
1660 2107 1728 2151 am-

374 2176 546 2256 plectenda.

464 2265 503 2326 IL
543 2265 713 2329 Secundum
737 2272 943 2343 argumentum
967 2263 1168 2343 generationis
1193 2264 1352 2326 aethereae
1376 2273 1464 2327 sunto
1487 2275 1633 2343 cometae,
1655 2286 1729 2347 quos

374 2364 498 2416 constat
520 2354 689 2415 certissima
711 2352 910 2433 parallaxium
934 2353 1070 2414 doctrina
1099 2370 1153 2431 per
1185 2352 1281 2431 ipsum
1313 2353 1446 2415 aetheris
1474 2374 1610 2435 campum
1641 2357 1729 2436 traji-

375 2462 460 2519 cere,
498 2444 655 2523 subitoque
693 2443 829 2521 ingentes
872 2442 1017 2520 paulatim
1051 2441 1261 2520 languescere,
1294 2443 1388 2504 donec
1421 2443 1547 2524 denique
1582 2445 1733 2524 dissipata

373 2530 504 2594 materia
527 2551 641 2594 rursum
665 2533 904 2609 exstinguuntur.
941 2531 1019 2592 Vide
1036 2532 1196 2612 Progymn.
1214 2531 1364 2613 Tycbouis
1387 2539 1458 2596 tom.
1474 2533 1514 2597 11.
1538 2542 1571 2595 et
1593 2534 1622 2595 in
1638 2532 1729 2615 Opti·

375 2621 422 2684 cis
446 2620 520 2701 meis
544 2621 739 2702 appendicem
762 2620 871 2699 capitis
894 2620 935 2683 X.

463 2711 521 2774 ΠΙ.
559 2712 655 2773 Multo
679 2729 749 2771 vero
779 2709 929 2771 efficacius
960 2716 1165 2786 argumentum
1199 2706 1340 2770 exhibent
1372 2728 1472 2771 eorum
1504 2730 1621 2786 comae,
1655 2713 1732 2775 unde

375 2809 529 2874 cometae,
564 2809 616 2862 aut
638 2799 767 2871 barbae,
802 2798 878 2860 unde
911 2798 1058 2878 pogoniae
1087 2797 1234 2858 dicuntur.
1289 2795 1420 2860 Constat
1451 2799 1529 2861 enim
1561 2800 1731 2864 certissima

375 2889 480 2970 optica
502 2891 628 2962 ratione,
652 2889 708 2950 bas
731 2908 784 2949 seu
808 2907 909 2948 comas
933 2906 985 2948 seu
1009 2885 1120 2947 barbas
1143 2906 1195 2946 seu
1211 2886 1323 2947 caudas
1338 2887 1409 2948 nibil
1434 2888 1616 2966 aliudesse,
1643 2909 1730 2969 quam

375 2979 478 3042 radios
501 2977 582 3040 Solis
605 2978 634 3038 iu
659 2995 781 3054 corpore
805 2983 987 3037 cometarum
1022 2975 1132 3037 tinctos
1161 2974 1259 3054 aliquo
1290 2976 1383 3037 veluti
1411 2979 1523 3053 colore,
1553 2985 1585 3041 et
1616 2981 1732 3041 refrac-

376 3069 490 3130 tionem
514 3068 554 3129 ibi
577 3087 685 3148 passos
709 3066 737 3127 in
762 3074 878 3144 partem
901 3086 920 3126 a
943 3063 1014 3127 Sole
1039 3083 1179 3126 aversam
1201 3064 1362 3143 projectos.
1409 3066 1508 3128 Docet
1530 3085 1601 3129 vero
1625 3069 1731 3130 eadem

377 3152 552 3237 disciplina}
576 3177 635 3218 non
659 3154 880 3235 repraesentari
903 3154 1017 3214 radium
1041 3152 1121 3215 Solis
1146 3153 1203 3214 nisi
1227 3152 1266 3214 ab
1289 3154 1391 3234 aliqua
1414 3155 1508 3218 densa
1530 3157 1670 3233 materia,
1701 3158 1732 3218 in

375 3266 467 3328 quam
499 3246 543 3308 illi
574 3245 656 3325 prius
689 3244 832 3306 incidant.
879 3242 960 3306 Solis
992 3243 1101 3321 quippe
1134 3243 1232 3305 lumen
1265 3244 1401 3323 nuspiam
1431 3245 1462 3306 iu
1492 3252 1562 3308 abre
1592 3248 1731 3321 cernitur,

376 3336 497 3418 quando
521 3336 548 3397 is
571 3334 738 3415 pellucidus
762 3333 794 3394 et
816 3332 931 3393 tenuis:
957 3332 1088 3393 cernitur
1110 3348 1181 3394 vero
1205 3331 1234 3393 iu
1258 3334 1350 3407 nube,
1385 3334 1455 3415 quia
1486 3334 1560 3396 haec
1583 3354 1679 3415 opaca
1702 3339 1732 3396 ct

376 3427 488 3489 densa:
514 3424 644 3486 cernitur
667 3433 698 3484 et
721 3422 749 3484 iu
774 3429 854 3494 atre,
879 3422 932 3483 sed
958 3421 1135 3495 incrassato,
1162 3421 1262 3483 nubilo
1280 3421 1435 3503 minusque
1454 3424 1613 3503 pellucido.
1656 3422 1732 3486 Cum

375 3515 470 3595 igitur
503 3521 685 3575 cometarum
719 3512 832 3574 caudae
865 3511 927 3572 sint
959 3508 1032 3571 nihil
1065 3509 1146 3572 aliud
1179 3509 1237 3573 uisi
1269 3511 1367 3573 lumen
1401 3510 1496 3586 Solis,
1530 3514 1732 3575 necessarium

377 3604 496 3677 euadit,
521 3611 664 3683 utquam
689 3602 750 3663 late
774 3620 842 3662 sese
866 3599 962 3664 cauda
985 3606 1120 3660 cometae
1149 3599 1327 3679 exporrigit,
1360 3610 1423 3662 tam
1447 3602 1507 3663 late
1531 3618 1668 3681 sparsum
1692 3602 1733 3663 sit

376 3691 491 3774 aliquid
515 3691 672 3754 crassioris
695 3690 856 3761 materiae,
889 3684 979 3770 quam
1011 3695 1059 3748 est
1087 3688 1192 3749 aether
1214 3706 1321 3765 purus;
1353 3689 1490 3751 idoneum
1525 3708 1629 3769 nempe
1653 3691 1731 3752 reci-

375 3782 486 3864 piendo
510 3781 553 3846 illi
577 3779 659 3843 Solis
682 3778 799 3853 lumini,
826 3798 880 3858 per
902 3777 1097 3841 refectionem
1120 3776 1335 3857 quodammodo
1360 3778 1543 3841 condensato
1568 3786 1601 3839 et
1622 3780 1650 3841 in
1675 3800 1731 3841 an-

376 3880 500 3952 gustum
523 3880 639 3932 coacto.

466 3960 561 4023 Nulla
593 3958 709 4040 quidem
746 3955 828 4035 regio
861 3956 961 4018 mundi
994 3963 1055 4029 est,
1088 3953 1118 4015 in
1152 3972 1210 4032 qua
1242 3953 1408 4033 hujusmodi
1440 3974 1535 4018 novae
1565 3956 1647 4018 luces
1674 3975 1732 4020 non

376 4050 511 4115 existere
535 4049 708 4120 videantur;
736 4045 826 4126 paulo
856 4064 948 4124 supra
979 4053 1113 4106 nostrum
1137 4048 1237 4106 aerem
1260 4043 1472 4123 trajectiones,
1505 4051 1615 4126 quanto
1635 4046 1733 4109 humi-

376 4142 472 4205 liores
495 4147 581 4201 tanto
605 4136 776 4208 celeriores,
800 4133 975 4205 crebriores,
999 4134 1130 4194 minores
1153 4141 1186 4192 et
1208 4143 1435 4194 momentaneae
1458 4134 1633 4208 (chasmate
1654 4135 1730 4197 enim

376 4233 407 4295 in
431 4229 510 4290 huuc
533 4245 654 4289 censum
679 4224 826 4287 trahenda
849 4241 906 4284 nou
930 4221 1078 4295 videntur,
1103 4229 1206 4300 utpote
1228 4221 1356 4284 Telluris
1375 4222 1495 4285 soboles
1514 4234 1546 4285 et
1568 4223 1597 4286 in
1621 4224 1731 4287 fulmen

376 4336 572 4392 concessura,
607 4314 633 4377 si
657 4333 747 4394 supra
770 4332 803 4374 se
827 4311 936 4373 molem
966 4329 1125 4389 aquarum,
1159 4310 1206 4372 cui
1234 4319 1436 4387 occurrerent,
1469 4312 1631 4375 haberent:
1665 4332 1733 4375 nam

376 4410 445 4474 fere
469 4405 617 4469 siccitatis
641 4413 713 4466 sunt
735 4402 888 4476 comites),
920 4400 1009 4479 paulo
1032 4417 1136 4464 versus
1160 4399 1276 4461 Lunam
1300 4400 1405 4473 altius,
1430 4400 1511 4479 globi
1533 4401 1635 4481 igniti,
1659 4402 1732 4464 dra-

376 4517 472 4563 cones
495 4496 645 4564 volantes,
665 4493 729 4573 jam
754 4490 952 4553 durabiliores
976 4497 1009 4551 et
1030 4488 1193 4551 tardiores:
1218 4488 1286 4551 iude
1310 4496 1454 4564 cometae,
1479 4489 1556 4553 alius
1577 4490 1637 4552 alio
1651 4492 1733 4553 cele·

377 4589 440 4652 rior
463 4592 496 4649 et
518 4582 699 4657 diuturnior,
733 4589 821 4662 prout
852 4579 901 4641 vel
930 4579 1009 4641 inira
1037 4577 1085 4639 vel
1110 4576 1197 4657 longe
1221 4597 1313 4658 supra
1334 4578 1450 4639 Lunam
1473 4586 1559 4655 sunt;
1591 4588 1680 4660 atque
1702 4579 1733 4640 hi
1812 4589 1826 4653 ’,

375 4679 443 4759 jam
468 4673 617 4737 universis
642 4680 801 4733 cemuutur
824 4668 973 4748 gentibus,
995 4666 1083 4747 pauci
1106 4666 1243 4745 siugulis.
1288 4666 1354 4730 Nec
1377 4667 1512 4747 impediri
1530 4686 1650 4749 possum
1665 4668 1733 4748 quin

381 4766 507 4830 credam
533 4760 765 4839 Regiomontani
798 4766 944 4821 cometam
973 4775 1051 4817 auno
1083 4751 1174 4819 1475.
1204 4756 1301 4835 ipsam
1328 4756 1432 4818 Lunae
1464 4758 1621 4837 sphaeram
1651 4766 1734 4821 recto

376 4864 465 4920 motu
496 4852 657 4934 trajecisse
689 4848 881 4929 proximeque
910 4846 1032 4907 Terram
1065 4845 1184 4906 venisse
1221 4844 1319 4906 medio
1359 4845 1556 4926 apparitionis
1591 4854 1731 4930 tempore,

377 4965 447 5010 cum
460 4962 520 5007 uno
542 4941 590 5003 die
617 4935 743 5019 dsigua
766 4934 961 5018 longitudinis
985 4942 1017 4996 et
1039 4932 1068 4995 iu
1092 4932 1202 4997 circulo
1225 4952 1333 5013 magno
1351 4929 1413 4998 40⁰
1435 4935 1612 5012 coniecerit,
1636 4937 1733 4999 cauda

376 5031 566 5099 incredibilis
590 5026 784 5108 longitudinis
808 5021 885 5089 50⁰:
919 5044 985 5087 cum
1017 5030 1087 5085 autc
1119 5030 1249 5103 etpost
1278 5032 1310 5085 et
1332 5023 1429 5087 cauda
1451 5034 1483 5088 et
1503 5032 1602 5088 motus
1625 5026 1735 5094 fuerint

376 5123 542 5189 admodum
564 5110 721 5193 exiles.'²)
765 5117 801 5179 Iu
824 5114 973 5179 altissimo
1004 5110 1129 5193 denique
1157 5112 1280 5177 aethere
1316 5114 1424 5178 stellae
1450 5113 1529 5177 iuter
1550 5116 1626 5177 tiras
1648 5115 1732 5202 ipsae
