4584 6192
968 573 1173 625 xxm-xxxv.
1489 614 1491 618 .
1684 576 1747 643 tlt

390 745 538 809 lateribus
561 746 648 819 oculi,
674 747 748 809 facit
771 751 848 811 oculi
881 753 1005 826 liguram
1038 753 1169 814 nonnihil
1204 751 1363 830 oblongam
1397 774 1450 816 seu
1483 754 1664 835 ellipoiden,
1697 754 1749 817 ubi

392 836 500 897 fundus
531 855 584 896 seu
618 835 779 898 retiformis
814 840 931 900 tunicae
956 841 1073 902 cavitas
1103 842 1217 903 recedit
1240 841 1277 902 ab
1302 842 1424 905 lramore
1449 845 1636 925 crystallino.
1683 843 1748 905 Ar-

391 925 524 986 tenuatis
561 944 632 986 vero
670 925 821 987 ciliaribus
857 930 1049 1006 processibus
1084 930 1113 991 in
1152 932 1215 992 tela
1255 950 1383 992 araneae
1419 941 1450 993 et
1486 933 1530 993 sic
1563 934 1592 993 in
1626 934 1748 1013 longum

391 1013 593 1091 exporrectis,
619 1014 780 1093 ampliatur
803 1015 930 1078 circulus
954 1038 1007 1096 per
1031 1020 1128 1081 latera
1152 1019 1229 1081 oculi
1253 1020 1359 1080 ductus
1393 1029 1423 1082 et
1455 1022 1489 1082 fit
1520 1023 1622 1084 oculus
1651 1021 1749 1099 magis

390 1102 578 1164 lenticularis
603 1103 732 1180 figurae,
767 1106 857 1165 fundo
892 1107 1055 1169 retiformis
1089 1110 1126 1169 ad
1160 1108 1366 1189 crystallinum
1398 1110 1577 1186 accedente,
1616 1112 1750 1191 ejusdem

390 1210 486 1252 uveae
511 1191 697 1266 ministerio,
730 1212 805 1271 qnae
829 1196 973 1273 pupillam
1008 1197 1098 1257 etiam
1132 1205 1234 1258 arctat
1266 1205 1295 1256 et
1329 1198 1423 1260 laxat.
1471 1198 1557 1261 Hunc
1590 1201 1628 1261 ad
1664 1218 1750 1262 asum

391 1281 542 1354 humores,
567 1289 693 1358 excepto
719 1284 902 1361 crystallino,
929 1285 1046 1345 fluxiles
1071 1295 1141 1346 sunt
1167 1294 1196 1346 et
1220 1286 1372 1363 comprimi
1395 1296 1535 1365 possunt.

482 1367 541 1439 Qui
565 1389 635 1430 vero
660 1370 805 1431 alterutra
829 1373 923 1432 solum
948 1373 1089 1435 distincte
1115 1375 1232 1447 vident,
1265 1376 1381 1435 oculum
1406 1376 1518 1436 habent
1549 1394 1654 1436 sanum
1679 1376 1747 1456 qui-

392 1461 472 1532 dem,
496 1459 549 1519 sed
570 1458 635 1537 jam
659 1457 908 1534 indurescentem,
935 1464 1142 1524 adsuefactam
1167 1473 1199 1523 et
1229 1464 1313 1543 quasi
1343 1464 1477 1526 senilem.
1526 1465 1646 1524 Vanum
1671 1465 1749 1525 enirn

393 1557 453 1621 est,
478 1567 565 1608 senes
589 1547 671 1608 solos
694 1549 862 1629 propinqua
885 1570 942 1610 non
967 1552 1069 1613 videre
1094 1552 1255 1625 distincta,
1285 1561 1338 1613 aut
1369 1553 1451 1613 solos
1470 1554 1599 1632 juvenes
1623 1560 1749 1615 remota.

393 1636 566 1698 Promiscue
590 1636 665 1696 haec
689 1638 821 1717 atrisque
851 1641 1009 1712 eveniunt,
1043 1643 1204 1701 seeundum
1239 1641 1359 1701 habitus
1393 1660 1549 1720 corporum
1583 1648 1636 1701 aut
1659 1661 1748 1703 exer·

392 1725 467 1787 citia
485 1724 667 1803 juventutis.
714 1726 793 1787 Nam
817 1727 865 1806 qui
890 1749 908 1787 a
931 1730 1031 1806 pueris
1055 1731 1285 1803 venationibus,
1319 1730 1462 1808 aucupio,
1494 1730 1748 1810 navigationibus,

394 1815 553 1876 itineribus
578 1822 625 1874 est
650 1814 787 1889 deditus,
822 1818 939 1878 oculum
964 1818 1133 1879 adsuefecit
1156 1820 1193 1879 ad
1228 1826 1358 1893 remota3
1396 1820 1451 1879 sed
1484 1819 1554 1898 quia
1586 1818 1751 1880 identidem

393 1903 492 1965 cibam
516 1922 634 1981 capere,
659 1922 725 1963 cum
750 1904 917 1966 hominibus
942 1907 1070 1986 colloqui
1095 1915 1224 1986 oportet,
1250 1915 1352 1968 manet
1371 1908 1473 1968 oculus
1488 1908 1518 1968 in
1535 1907 1750 1969 exercitatione

394 1992 488 2053 etiam
521 1992 559 2051 ad
592 1992 760 2072 propinqua
791 1994 981 2071 respiciendi.
1030 1997 1176 2076 Tempore
1209 2004 1311 2057 tamen
1344 1996 1520 2057 debilitatur
1552 1996 1731 2057 exercitatio
1741 2014 1751 2070 ;

394 2083 441 2142 ita
464 2082 505 2154 tit,
531 2089 564 2140 ut
579 2080 641 2140 fere
666 2080 695 2152 ii,
721 2083 769 2160 qui
785 2083 866 2142 nullo
890 2084 1095 2161 injuventute
1119 2086 1193 2145 vitio
1218 2085 1342 2146 visionis
1357 2086 1506 2159 laborant,
1531 2085 1561 2145 in
1585 2085 1668 2146 senio
1684 2086 1752 2146 sola

394 2177 513 2231 remota
536 2169 679 2230 distincte
703 2171 835 2232 videant.
875 2173 975 2251 Magis
1000 2173 1078 2235 enim
1102 2175 1241 2235 naturale
1258 2183 1313 2246 est,
1340 2175 1442 2234 oculos
1457 2174 1620 2253 parallelos
1636 2181 1749 2248 tenere,

394 2278 484 2338 quam
509 2266 703 2338 contorquere
729 2261 766 2319 ad
790 2261 957 2340 propinqua
981 2264 1049 2340 (per
1063 2263 1181 2335 LVII).
1220 2264 1253 2324 ln
1279 2263 1361 2323 senio
1386 2281 1458 2323 vero
1474 2262 1621 2341 fatigatur
1636 2262 1752 2335 oculus,

395 2356 430 2408 ut
453 2355 572 2409 retenta
595 2347 725 2408 naturali
751 2348 913 2410 directione
938 2352 1060 2411 omittat
1083 2371 1137 2424 ea,
1174 2351 1201 2412 in
1237 2371 1312 2431 quae
1342 2370 1408 2412 cam
1432 2352 1534 2412 labore
1558 2350 1750 2430 perspicitur.

395 2437 498 2517 Atque
522 2436 579 2496 boc
602 2435 663 2497 illis
686 2436 792 2498 vitium
815 2439 987 2518 plerumque
1011 2441 1097 2500 tarde
1122 2440 1245 2501 obvenit
1268 2441 1296 2500 in
1322 2441 1414 2501 multo
1439 2440 1532 2501 senia

485 2523 619 2591 Contra,
653 2524 747 2586 vitam
777 2547 796 2586 a
828 2527 928 2606 pueris
953 2539 1078 2606 agentes
1102 2529 1325 2602 sedentariam,
1359 2529 1440 2589 intra
1467 2530 1619 2608 parietes,
1655 2526 1752 2588 literis

394 2616 602 2677 incumbentes
627 2622 657 2675 et
681 2615 843 2676 manuariis
868 2618 1001 2678 artificiis
1026 2618 1196 2692 subtilibus,
1221 2620 1241 2678 ii
1267 2617 1406 2678 celeriter
1425 2619 1589 2678 assuefiunt
1615 2616 1653 2676 ad
1677 2634 1750 2693 pro-

394 2706 516 2785 pinqua,
541 2722 746 2783 necunquam
771 2724 911 2766 successu
936 2707 1046 2767 aetatis
1063 2707 1287 2780 abstrahuntur,
1310 2708 1363 2767 sed
1388 2707 1487 2785 potins
1512 2705 1608 2784 magis
1632 2704 1749 2784 magis-

395 2813 452 2874 que
477 2793 650 2853 caecutiunt
673 2793 711 2852 ad
736 2794 908 2874 longinqua.

486 2880 565 2943 Sunt
589 2880 680 2942 etiam
705 2883 789 2960 primi
814 2883 932 2963 generis
947 2883 1082 2943 homines
1107 2881 1204 2961 magis
1229 2883 1339 2943 ebriosi
1364 2890 1395 2943 ot
1410 2880 1592 2944 somnolenti
1615 2888 1648 2941 et
1663 2880 1754 2942 otiosi

394 2980 428 3033 et
452 2970 655 3049 cogitabundi,
680 2971 736 3031 hoc
760 2980 822 3041 est,
848 2972 896 3052 qui
921 2972 1023 3032 crebro
1049 2972 1204 3032 dimittunt
1236 2991 1335 3032 curam
1369 2992 1466 3032 rerum
1500 2980 1571 3031 ante
1602 2971 1696 3049 pedes
1720 2977 1753 3030 et

394 3061 451 3121 sub
476 3059 613 3120 manibus
637 3060 838 3128 versantium,
865 3062 969 3140 quibus
993 3061 1061 3121 ideo
1086 3060 1164 3122 oculi
1189 3060 1356 3138 diriguntur
1378 3061 1582 3139 utplurimum
1607 3060 1636 3119 in
1661 3058 1752 3119 situm

394 3149 584 3228 parallelum,
610 3166 666 3226 quo
683 3149 742 3210 situ
767 3151 884 3212 nonnisi
908 3158 1023 3212 remota
1038 3150 1180 3210 distincte
1204 3149 1352 3211 videntur.
1387 3148 1517 3210 Secundi
1541 3167 1612 3209 vero
1635 3147 1756 3227 generis

393 3238 530 3300 homines
561 3245 631 3297 sunt
653 3238 753 3315 potius
778 3239 889 3312 sobrii,
923 3239 1050 3317 vigiles,
1086 3238 1242 3311 laboriosi,
1274 3238 1380 3299 intenti
1406 3239 1444 3299 ad
1472 3236 1655 3317 praesentia.
1703 3233 1755 3297 Sic

394 3328 439 3389 illi
464 3327 526 3387 sere
550 3344 675 3404 procera
699 3334 817 3388 statura
842 3336 923 3399 sunt,
958 3328 1026 3407 quia
1050 3328 1146 3407 magis
1172 3348 1190 3387 a
1214 3328 1303 3388 fundo
1330 3336 1476 3388 remotum
1502 3325 1615 3387 habent
1638 3324 1754 3386 oculum

394 3425 428 3477 et
451 3415 569 3494 longius
601 3415 801 3495 prospiciunt,
834 3418 865 3477 hi
888 3417 988 3496 potius
1021 3417 1148 3496 pumila;
1183 3417 1260 3495 quod
1284 3426 1384 3477 tamen
1408 3436 1466 3477 non
1491 3424 1537 3475 ost
1567 3422 1754 3494 perpetuum.

393 3505 517 3567 Dictum
533 3512 582 3564 est
597 3506 675 3567 enim
692 3505 738 3566 hic
754 3506 845 3568 etiam
860 3506 973 3586 aliquid
988 3506 1045 3566 sibi
1061 3507 1214 3567 vindicare
1235 3506 1368 3584 corporis
1385 3507 1517 3566 habitum
1532 3504 1710 3565 naturalem.
1720 3501 1755 3574 *i

485 3672 516 3747 *)
538 3679 569 3732 ln
584 3678 693 3730 Tabula
714 3676 872 3729 anatomica
893 3678 939 3730 49.
956 3678 996 3730 Cl.
1018 3676 1068 3729 riri
1094 3676 1192 3729 Felicis
1211 3676 1317 3728 Platori
1339 3682 1460 3743 apparot
1479 3690 1591 3727 numero
1605 3674 1642 3727 X.
1663 3674 1756 3743 ligura

395 3761 472 3815 telae
494 3775 625 3819 araneae,
648 3758 676 3809 in
700 3756 778 3824 eujus
801 3756 887 3809 medio
909 3757 1085 3825 suspenditur
1106 3755 1284 3826 crystallinus
1301 3757 1404 3817 humor,
1428 3755 1506 3823 cujus
1521 3753 1644 3824 genuina
1664 3754 1757 3823 ligura

394 3849 441 3895 est
460 3856 572 3893 nurnero
586 3837 661 3900 Xlll,
685 3838 753 3890 situs
776 3837 803 3889 in
825 3837 903 3889 oculo
925 3854 1036 3889 numero
1052 3838 1071 3899 l,
1096 3838 1168 3905 apud
1191 3836 1298 3888 literam
1321 3852 1352 3887 a:
1375 3835 1422 3887 ubi
1443 3834 1513 3887 radii
1535 3835 1609 3886 telae
1631 3848 1755 3886 maneae

394 3924 644 3991 repraesentantur
665 3934 715 3986 per
735 3917 799 3971 KK.
843 3917 923 3970 Fines
944 3934 1009 3969 vcro
1031 3917 1182 3979 radiorum,
1205 3915 1250 3985 qui
1272 3934 1382 3969 numero
1404 3917 1443 3969 X.
1466 3914 1624 3968 ambiuntur
1644 3912 1755 3976 circulo,

395 4000 556 4071 cogitent-ur
578 4016 639 4050 esse
661 3996 814 4049 continuati
837 4015 895 4049 cum
917 3996 1011 4049 tunica
1032 4014 1101 4049 uvea
1125 3997 1208 4049 intus.
1246 3997 1342 4066 ltaque
1364 4011 1475 4049 numero
1499 3995 1558 4047 Vll.
1579 3992 1656 4045 vides
1678 3993 1754 4046 illam

395 4082 518 4135 tunicam
546 4095 671 4131 eversam
698 4086 728 4130 ct
753 4079 826 4146 apud
855 4077 950 4130 literas
973 4095 996 4132 o.
1020 4094 1043 4131 o.
1071 4076 1194 4145 vestigia
1221 4077 1359 4129 radiorum
1385 4076 1494 4129 illorum
1516 4092 1533 4126 a
1562 4072 1657 4126 tunica
1682 4089 1756 4126 uvea

395 4160 583 4217 rescissorum.
624 4158 727 4211 Ibidem
758 4158 841 4210 litera
862 4176 879 4210 n
900 4167 944 4210 cst
974 4157 1057 4209 index
1087 4158 1220 4225 pupillae.
1266 4159 1331 4210 Cum
1362 4174 1430 4226 ergo
1457 4163 1487 4209 et
1513 4155 1584 4207 hacc
1612 4154 1706 4207 tunica
1727 4160 1758 4207 et

395 4242 460 4295 dicti
482 4238 553 4294 radii
578 4240 654 4291 telae
680 4254 802 4291 araneae
831 4238 886 4290 sint
907 4257 944 4291 ex
970 4237 1130 4290 substantia
1156 4239 1251 4289 eadem
1278 4243 1307 4289 ot
1332 4238 1461 4290 continua
1486 4234 1600 4288 invicem
1629 4250 1756 4304 corpora,

395 4323 489 4375 colore
510 4319 595 4373 etiam
616 4320 712 4371 eodem
733 4318 830 4389 nigro:
854 4319 934 4370 valde
956 4318 1101 4386 probabile
1116 4324 1169 4379 est,
1191 4324 1220 4369 et
1237 4326 1364 4370 naturam
1386 4324 1474 4370 motus
1495 4314 1619 4385 utrisque
1641 4316 1756 4369 eandem

395 4419 469 4456 esre.
512 4402 565 4454 Est
592 4406 685 4452 autem
713 4398 851 4451 naturalis
880 4398 1055 4451 conniventia
1082 4398 1201 4466 partium
1227 4398 1300 4451 eirca
1320 4417 1338 4450 n
1360 4405 1409 4451 aut
1436 4396 1577 4449 contraria
1601 4394 1754 4465 ampliatio.

396 4484 489 4545 Quare
511 4487 542 4533 et
561 4480 614 4532 hoc
635 4480 763 4532 naturale
785 4495 846 4531 esse
867 4478 983 4541 videtur,
1005 4477 1097 4531 radios
1124 4494 1236 4531 numero
1258 4479 1293 4532 X.
1324 4479 1459 4531 interdum
1480 4478 1507 4529 in
1529 4493 1559 4528 se
1580 4480 1755 4528 recurrentes

394 4560 554 4617 abbreviari
575 4566 604 4612 et
625 4559 664 4613 sic
685 4559 815 4612 circulum
837 4577 889 4628 quo
912 4558 1070 4613 ambiuntur
1095 4557 1211 4627 ejusque
1236 4558 1359 4628 vestigia
1379 4574 1491 4612 numero
1513 4557 1574 4610 Vll.
1597 4557 1670 4624 apud
1692 4573 1717 4617 o,
1740 4571 1756 4607 o

396 4639 577 4713 coangustari
600 4640 735 4711 simulque
757 4639 949 4710 crystallinum
970 4640 998 4693 in
1020 4658 1043 4701 o,
1067 4657 1084 4690 o
1105 4655 1122 4691 a
1143 4638 1260 4707 fundop
1282 4638 1419 4711 elongari.
1448 4640 1472 4691 E
1494 4635 1632 4689 contrario
1654 4651 1756 4703 expor-

395 4721 482 4777 rectio
504 4722 531 4774 in
557 4722 671 4790 longum
701 4719 784 4773 radiis
816 4736 927 4772 numero
949 4720 989 4780 X,
1018 4720 1088 4789 quod
1109 4720 1141 4771 lit
1162 4719 1355 4772 attenuatione
1386 4718 1572 4789 singulorum,
1605 4715 1757 4785 ampliatur

396 4802 516 4858 circulus
531 4806 659 4854 extrema
674 4801 780 4854 illorum
796 4799 936 4851 includens
953 4807 982 4851 et
996 4805 1211 4867 repraesentans
1233 4816 1345 4851 nurnero
1361 4801 1420 4852 Vll.
1444 4797 1565 4867 vestigia
1580 4794 1756 4848 rescissorum

395 4883 536 4938 radiorum
561 4896 647 4949 supra
667 4899 691 4945 o,
714 4899 740 4934 o.
784 4880 845 4941 Qua
870 4880 977 4932 ratione
999 4880 1037 4941 fit,
1060 4885 1092 4931 ut
1112 4878 1246 4946 ampliato
1274 4878 1375 4931 circulo
1398 4897 1422 4941 o,
1445 4897 1460 4931 o
1482 4878 1581 4930 fundus
1601 4893 1620 4945 p
1641 4873 1756 4945 propius

396 4963 561 5018 attrabatur
581 4961 617 5013 ad
638 4961 830 5031 crystallinum
852 4959 878 5012 in
899 4959 986 5012 medio
1009 4958 1102 5011 circuli
1125 4977 1148 5020 o,
1172 4976 1187 5010 o
1209 4973 1383 5027 suspensum.

486 5042 666 5112 Reliquamm
686 5041 806 5111 partium
828 5040 899 5092 oculi
920 5038 1072 5109 explicatio
1094 5038 1170 5091 utilis
1191 5054 1290 5108 propp.
1314 5039 1361 5093 60.
1380 5032 1427 5091 61.
1446 5036 1493 5090 62.
1512 5035 1558 5090 63.
1575 5036 1621 5101 64,
1643 5040 1759 5106 petatur

395 5142 433 5180 ex
452 5123 569 5179 Platore
591 5128 621 5176 ct
640 5138 719 5176 meae
739 5125 825 5175 Astr:
847 5128 928 5188 parte
950 5118 1051 5188 Optica
1078 5122 1114 5187 (p.
1134 5119 1207 5183 229).
