4584 6192
573 614 640 683 2¹0
1047 615 1239 682 Parallpemsaa
1256 616 1282 665 ιιι
1301 613 1467 667 Vltellloasm.

575 811 632 873 quo
657 798 844 870 spectatores
868 811 1035 863 versemur,
1061 793 1104 853 uti
1128 792 1157 852 iu
1182 792 1296 853 usitato
1327 790 1516 853 retractionis
1547 789 1681 869 negotio,
1713 789 1767 851 sed
1789 805 1952 867 vaporem·

576 900 722 953 erassum,
756 882 805 960 qui
835 882 933 942 instar
955 882 1041 942 nubis
1070 883 1099 942 in
1124 881 1222 941 medio
1253 882 1332 942 a'eris
1365 881 1504 953 haereat,
1539 888 1573 939 ut
1600 880 1642 941 sit
1668 878 1817 940 transitus
1848 877 1934 938 radio

499 1016 500 1019 ,
576 970 684 1031 stellae
709 971 752 1030 sic
784 971 868 1030 visae
897 989 933 1031 ex
962 971 1085 1031 aethere
1112 971 1240 1049 primum
1265 970 1295 1030 in
1324 977 1439 1042 aerem,
1470 988 1507 1027 ex
1536 976 1606 1029 aere
1635 968 1663 1029 iu
1692 985 1836 1047 vaporem
1858 984 1934 1027 con-

573 1076 693 1131 vexum,
720 1079 756 1118 ex
780 1078 891 1138 vapore
914 1078 1046 1119 convexo
1076 1078 1178 1120 rursus
1203 1060 1231 1119 iu
1256 1065 1356 1120 adrem
1381 1067 1412 1119 et
1441 1057 1568 1137 denique
1593 1076 1630 1118 ex
1659 1064 1729 1118 abre
1752 1057 1782 1118 in
1807 1055 1934 1123 oculum,

575 1147 606 1209 id
630 1148 707 1226 quod
733 1156 762 1207 te
788 1148 893 1209 fallere
917 1147 1025 1225 possit.

666 1233 797 1297 Causam
821 1236 1065 1297 hallucinationis
1084 1243 1157 1315 puto
1177 1236 1287 1296 multos
1312 1234 1444 1296 invenire
1460 1235 1488 1295 in
1505 1234 1577 1296 vitio
1602 1234 1831 1315 typographico,
1856 1233 1934 1313 quod

576 1324 691 1386 habent
714 1326 813 1387 omnia
841 1326 1037 1403 exemplaria,
1070 1327 1163 1387 etiam
1193 1344 1269 1403 quae
1293 1324 1463 1385 Fridericus
1487 1323 1633 1385 Risuerus
1663 1332 1802 1385 correcta
1829 1322 1934 1383 edidit.
1960 1353 1963 1359 ·

577 1414 637 1474 Pro
661 1432 696 1473 eo
722 1415 807 1482 enim,
833 1415 910 1493 quod
936 1415 1071 1493 legimus,
1097 1434 1200 1475 omnes
1225 1415 1332 1475 stellae
1357 1413 1497 1474 videntur
1526 1412 1688 1487 rotundae,
1714 1414 1855 1492 majores,
1880 1412 1935 1472 dre.

579 1503 737 1580 legendum
763 1511 810 1563 est
833 1503 973 1565 nriuores.

668 1589 819 1665 Ceterum,
845 1600 878 1652 ιιι
901 1592 948 1653 hic
973 1592 1063 1651 etiarn
1088 1610 1185 1651 meam
1209 1589 1391 1651 sententiam
1416 1588 1559 1667 aperiam,
1584 1590 1703 1650 videtur
1727 1589 1780 1651 illa
1799 1589 1936 1650 aVitel-

577 1680 655 1741 liene
680 1699 717 1740 ex
742 1678 903 1741 Cleomede
929 1682 1063 1759 allegata
1087 1700 1180 1740 causa
1205 1680 1356 1759 (quamuis
1382 1678 1463 1739 illam
1494 1678 1572 1738 infra
1603 1678 1792 1740 adhibiturus
1817 1697 1882 1739 sum
1906 1679 1935 1738 iu

578 1769 813 1830 demonstrando
838 1770 897 1830 alio
921 1770 1144 1848 phaenomeno)
1169 1788 1272 1847 parum
1297 1770 1382 1828 firma
1405 1767 1493 1845 liujus
1517 1767 1693 1830 accidentis.
1733 1766 1855 1829 Causae
1879 1767 1936 1827 hae
1961 1823 1968 1840 ,

578 1866 657 1920 sunt.
700 1855 918 1919 Creberrimum
942 1858 999 1918 hoc
1024 1866 1080 1931 est,
1105 1866 1139 1918 ut
1164 1858 1261 1921 ventis
1286 1865 1338 1917 aut
1361 1865 1431 1935 post
1454 1856 1529 1916 dura
1553 1856 1665 1935 frigora
1688 1866 1791 1936 tepore
1815 1857 1936 1917 instan-

578 1947 675 2018 tibus,
700 1947 836 2025 ingentia
865 1947 951 2008 nobis
976 1948 1134 2008 videantur
1163 1946 1319 2007 stellarum
1351 1946 1469 2006 lumina.
1517 1946 1551 2006 ld
1575 1946 1758 2007 Aristoteles
1782 1954 1859 2007 sect.
1885 1942 1936 2007 26.

580 2055 609 2115 q.
635 2032 687 2098 54.
712 2036 802 2114 plane
827 2036 970 2109 affirmat,
996 2035 1076 2097 Euro
1101 2037 1193 2096 llaute
1222 2035 1339 2113 majora
1367 2034 1462 2095 videri
1487 2032 1596 2095 omnia.
1644 2034 1720 2097 Cum
1748 2035 1851 2115 itaque
1874 2041 1937 2095 tam

583 2124 688 2186 crebro
712 2125 768 2187 hoo
792 2125 920 2198 accidat,
946 2144 1005 2185 non
1030 2125 1166 2205 equidem
1191 2125 1320 2185 existere
1345 2124 1457 2202 poterit
1480 2142 1517 2183 ex
1542 2123 1665 2184 fortuito
1680 2124 1802 2203 vaporis
1817 2122 1937 2202 objectu

582 2232 637 2273 nos
657 2214 736 2274 inter
761 2221 791 2275 et
815 2214 932 2275 stellas.
979 2214 1144 2275 Praeterea
1168 2232 1270 2273 omnes
1295 2216 1389 2273 totius
1412 2212 1626 2290 hemisphaerii
1650 2213 1759 2273 stellae
1783 2213 1873 2273 simul
1892 2212 1938 2272 ita

582 2303 742 2364 videntur:
768 2312 801 2363 at
825 2303 851 2363 si
876 2321 969 2382 vapor
993 2302 1101 2382 aliquis
1116 2302 1282 2379 pellucirlus
1306 2311 1337 2361 et
1352 2310 1487 2362 secretus
1511 2320 1568 2362 uno
1594 2302 1657 2362 loco
1682 2309 1765 2363 esset
1783 2301 1813 2361 in
1832 2320 1938 2374 causa,

581 2399 753 2453 cerneretur
776 2391 833 2452 hoc
858 2392 997 2453 accidens
1022 2391 1170 2452 interdum
1194 2410 1231 2450 ex
1255 2410 1315 2450 una
1336 2400 1423 2469 parte
1447 2391 1532 2451 coeli.
1572 2392 1646 2451 Tum
1671 2411 1730 2471 qua
1752 2390 1792 2464 vi,
1813 2408 1937 2470 quaeso,

580 2499 675 2559 vapor
705 2480 871 2559 pellucidus
906 2500 1069 2560 suspensus
1098 2481 1126 2540 in
1161 2486 1231 2540 aere
1262 2479 1410 2553 haereret,
1450 2486 1520 2540 abre
1544 2480 1638 2541 multo
1663 2480 1791 2558 gravior,
1830 2486 1866 2539 ut
1889 2478 1939 2557 qui

581 2570 679 2631 instar
702 2569 941 2647 perspicillorum
966 2589 1002 2631 ex
1026 2569 1104 2630 vitro
1129 2578 1182 2629 aut
1205 2569 1350 2648 crystallo
1378 2569 1581 2629 confectorum
1615 2569 1720 2629 stellas
1752 2567 1939 2647 amplificare

581 2657 702 2737 possit?
748 2658 813 2720 Nec
836 2658 920 2718 valet
943 2658 1088 2719 instantia
1120 2657 1248 2717 nubium.
1296 2657 1400 2718 Nubes
1434 2658 1510 2717 enim
1545 2658 1573 2717 iu
1608 2665 1678 2718 abre
1706 2658 1875 2737 pendentes
1908 2664 1941 2716 et

582 2746 708 2807 nebulae
731 2755 763 2806 et
786 2765 862 2826 quae
886 2756 957 2807 sunt
980 2747 1156 2826 hujusmodi,
1174 2746 1390 2807 obscuritatem
1411 2746 1564 2817 inducunt,
1588 2747 1756 2825 pellucidae
1771 2765 1830 2806 non
1846 2754 1938 2819 sunt;

581 2854 706 2914 cumque
730 2836 889 2897 videantur
904 2843 1029 2897 naturae
1045 2836 1134 2915 paulo
1156 2835 1304 2907 aridioris,
1329 2843 1488 2915 postquam
1513 2836 1683 2914 depluerint
1706 2837 1789 2907 (nam
1814 2835 1939 2895 humore

581 2942 690 3002 graves
715 2943 772 2985 non
796 2925 938 3003 pendent,
964 2926 1017 2986 sed
1041 2925 1183 3004 guttatim
1208 2924 1365 2996 decidunt)
1394 2943 1451 2984 non
1477 2925 1583 2985 mirum
1616 2933 1648 2986 et
1671 2924 1788 2986 fluitare
1813 2923 1884 2984 illas
1909 2923 1939 2983 in

582 3019 662 3090 a'ere,
686 3021 720 3073 ut
742 3013 825 3091 ligna
845 3014 873 3074 in
894 3034 981 3094 aqua.
1022 3014 1126 3092 Vapor
1150 3032 1220 3073 vero
1245 3013 1392 3087 humidus,
1417 3013 1593 3091 pellucidus,
1619 3013 1738 3087 fluidus,
1764 3032 1887 3074 crassus
1908 3020 1940 3071 et

581 3103 692 3183 gravis,
733 3103 878 3182 quomodo
912 3104 939 3162 in
970 3110 1039 3165 abre
1073 3122 1140 3163 sese
1174 3102 1266 3163 multo
1302 3101 1404 3162 leviori
1437 3122 1601 3181 suspensus
1634 3101 1810 3164 tenebitur?
1856 3100 1938 3171 Quin

580 3192 695 3271 potius,
727 3211 792 3253 cum
823 3192 879 3252 hoc
909 3193 1033 3266 accidit,
1058 3189 1168 3252 indicio
1202 3198 1258 3264 est,
1293 3190 1421 3251 eximis
1446 3192 1557 3252 Terrae
1581 3185 1746 3253 visceribus
1771 3191 1939 3251 ascendere

581 3280 739 3341 materiam
755 3280 905 3341 humidam
931 3289 962 3341 et
986 3280 1128 3342 inferiora
1151 3281 1320 3358 Terraeque
1345 3288 1377 3340 et
1399 3280 1493 3341 oculis
1516 3281 1629 3342 nostris
1649 3280 1793 3359 contigua
1810 3278 1939 3359 primum

580 3369 712 3449 impleri:
738 3368 875 3449 idemque
900 3370 986 3431 nobis
1010 3370 1137 3442 evenire,
1165 3369 1243 3448 quod
1269 3370 1519 3431 lacrumantibus:
1549 3370 1705 3449 utrobique
1729 3367 1809 3431 enim
1833 3368 1939 3430 oculus

581 3458 701 3519 humido
726 3458 919 3536 contingitur.
966 3460 1054 3519 Adde
1079 3458 1157 3537 quod
1186 3458 1290 3518 eadem
1319 3458 1349 3517 in
1380 3458 1563 3521 refractione
1601 3460 1701 3521 solent
1737 3458 1874 3519 accidere
1908 3464 1941 3518 et

582 3546 737 3608 diametris
762 3547 903 3609 luminum
928 3556 960 3608 et
983 3547 1145 3608 distantiis.
1194 3547 1239 3607 At
1269 3547 1325 3607 hoc
1358 3546 1498 3608 accidens
1532 3549 1570 3609 ad
1595 3548 1757 3609 distantias
1783 3565 1841 3607 non
1866 3564 1938 3625 per-

581 3636 681 3714 tingit.
728 3636 888 3714 Nunquam
911 3636 995 3697 euim
1024 3645 1072 3697 est
1100 3634 1303 3708 observatum,
1337 3636 1499 3697 distantias
1523 3638 1652 3717 majores
1676 3654 1822 3716 apparere
1849 3654 1938 3715 quam

581 3725 700 3798 debent,
727 3743 846 3804 semper
870 3734 923 3785 aut
942 3726 1042 3804 justas
1066 3733 1119 3785 aut
1138 3726 1222 3803 justo
1247 3723 1385 3785 minores.
1422 3726 1558 3806 Denique
1583 3726 1638 3787 hoc
1663 3726 1803 3787 accidens
1828 3723 1938 3797 stellis,

581 3820 687 3875 contra
711 3832 797 3891 quam
821 3814 1027 3887 retractiones,
1058 3813 1087 3874 in
1117 3813 1230 3874 vertice
1259 3832 1316 3874 non
1346 3814 1441 3874 minus
1472 3833 1561 3894 quarn
1594 3816 1623 3876 in
1647 3816 1801 3876 horizonte
1826 3812 1938 3874 evenit.

581 3900 684 3973 Quare
708 3921 832 3963 necesse
857 3912 914 3977 est,
940 3911 1053 3964 utnon
1078 3902 1119 3963 sit
1142 3903 1199 3963 hoc
1222 3921 1260 3962 ex
1284 3921 1318 3962 eo
1343 3921 1452 3981 genere
1477 3904 1676 3979 retractionis,
1710 3905 1747 3964 de
1772 3921 1829 3982 quo
1858 3902 1936 3962 hac-

581 4000 670 4054 tenus
695 3990 835 4053 diximus.
882 3992 949 4052 Non
974 3991 1066 4070 igitur
1088 3991 1147 4052 erit
1172 3990 1351 4070 quantitatis
1375 4001 1427 4053 aut
1451 3995 1625 4072 angulorum
1649 3992 1827 4055 risoriorum
1852 3990 1938 4051 acei-

581 4082 666 4153 dens,
691 4080 744 4141 sed
771 4078 890 4140 luminis
910 4079 1018 4153 solius,·
1043 4079 1209 4158 cujusmodi
1233 4081 1293 4140 fere
1318 4088 1389 4140 sunt
1411 4081 1546 4156 helenes,
1572 4082 1673 4157 irides,
1703 4079 1882 4143 scintillatio
1907 4087 1939 4139 et

582 4169 700 4230 similia.
748 4166 881 4239 Quorum
906 4168 1023 4247 quidem
1048 4176 1246 4230 meteororum
1271 4187 1379 4229 causae
1404 4169 1550 4232 hactenus
1583 4190 1641 4232 uon
1666 4172 1742 4233 satis
1765 4168 1938 4249 explicatae

582 4256 739 4317 videntur:
766 4257 819 4316 sed
844 4276 909 4318 cum
934 4257 996 4317 sint
1018 4258 1056 4317 ad
1081 4258 1301 4318 astronomicas
1325 4258 1582 4322 considerationes
1606 4279 1711 4342 parurn
1734 4256 1938 4331 necessariae,

582 4344 728 4406 hactenus
751 4345 933 4425 peculiarem
958 4345 1016 4405 illis
1041 4365 1141 4407 curam
1166 4365 1223 4406 non
1247 4346 1387 4426 impendi.

671 4434 775 4495 Tertia
798 4453 899 4508 eausa,
925 4454 984 4513 qua
1008 4434 1135 4495 Vitellio
1160 4436 1205 4495 ait
1226 4435 1337 4497 variari
1361 4436 1492 4498 siderum
1517 4445 1698 4516 apparentes
1718 4436 1884 4498 diametros
1908 4442 1942 4496 et

582 4523 754 4596 distantias,
794 4542 863 4584 vere
897 4532 945 4584 est
969 4523 1083 4602 optica,
1110 4533 1256 4604 nocetque
1292 4542 1348 4585 non
1372 4525 1484 4600 lumini,
1510 4535 1542 4586 ut
1566 4528 1708 4600 secunda,
1745 4544 1804 4587 uon
1829 4524 1941 4605 angulo

582 4612 693 4673 risorio
718 4621 749 4673 et
773 4611 935 4691 quantitati
959 4611 1016 4690 ipsi
1041 4614 1168 4692 speciei,
1193 4623 1226 4674 ut
1249 4613 1364 4692 prima;
1396 4634 1449 4676 nec
1479 4616 1595 4676 minora
1627 4615 1729 4690 efficit,
1764 4633 1842 4696 quae
1870 4620 1943 4675 sunt

581 4702 729 4765 horizonti
753 4701 936 4780 propinqua;
962 4703 1014 4762 sed
1039 4712 1128 4764 nocet
1151 4701 1353 4763 aestimationi
1378 4704 1556 4783 quantitatis
1581 4712 1612 4766 et
1636 4705 1749 4784 decipit
1763 4704 1842 4766 hanc
1856 4702 1942 4765 visus

583 4791 769 4863 facultatem,
806 4797 926 4851 utrem
950 4790 1007 4851 sibi
1042 4792 1185 4871 majorem
1217 4790 1396 4870 imaginetur
1432 4803 1522 4875 atque
1555 4793 1673 4855 ratione
1706 4791 1808 4872 anguli
1836 4790 1942 4853 visorii

583 4898 729 4959 apparere
755 4878 855 4939 debet.
902 4879 981 4939 Nam
1006 4880 1075 4940 dum
1099 4880 1177 4940 oculi
1201 4899 1318 4941 sursum
1342 4889 1508 4956 vertuntur,
1534 4882 1606 4945 nihil
1631 4882 1706 4961 ipsis
1729 4880 1944 4944 intermedium

583 4968 728 5041 occurrit,
754 4986 792 5027 ex
816 4986 873 5046 quo
894 4968 1056 5029 distantias
1080 4968 1212 5028 siderum
1236 4968 1407 5032 aestiment.
1454 4971 1554 5032 Valde
1579 4971 1671 5049 igitur
1692 4971 1862 5051 propinqua
1889 4968 1945 5030 illa

583 5056 744 5118 verticalia
767 5056 869 5117 sidera
892 5064 1031 5135 putamus
1056 5055 1181 5137 ideoque
1202 5065 1233 5117 et
1251 5057 1375 5130 minora,
1401 5067 1542 5121 manente
1557 5060 1663 5122 eodem
1678 5060 1799 5140 angulo.
1825 5056 1946 5121 Contra

583 5145 616 5206 tt
641 5146 669 5207 in
694 5144 867 5207 horizonte:
898 5152 968 5206 tune
993 5144 1243 5208 euim.terrarum
1266 5147 1295 5207 iu
1319 5165 1377 5208 uuo
1401 5147 1558 5210 horizonte
1581 5156 1698 5213 mactus
1721 5146 1886 5227 interjecti,
1919 5146 1946 5208 si
