4584 6192
981 564 1065 630 capua
1079 563 1124 616 ut
1663 562 1728 631 383

463 738 622 801 Bisecetur
642 739 708 819 jarn
732 737 775 803 CI
797 740 828 803 in
850 741 881 805 K
903 751 935 805 et
957 750 1175 807 connectantur
1196 745 1242 818 Κ,
1265 745 1299 820 F,
1324 744 1558 825 aestimeturque
1581 745 1729 810 diameter

374 825 433 890 LA
457 836 625 908 utcunque,
644 848 765 909 ,nempe
789 828 936 906 200000,
962 832 1018 893 erit
1041 832 1094 893 LF
1116 852 1188 912 pars
1212 841 1314 907 sexta,
1346 834 1463 896 scilicet
1485 832 1611 908 33333,
1637 854 1727 913 quare

375 916 430 978 FA
459 912 605 992 166667,
630 927 663 979 et
684 917 739 979 ΕΗ
762 919 809 979 vel
833 918 889 983 Kc
914 918 1032 994 74526,
1058 918 1115 982 CA
1139 941 1209 983 sero
1232 918 1383 995 400000,
1413 931 1445 985 et
1467 931 1534 988 tota
1555 924 1646 1003 igitur
1669 923 1728 985 ΚΑ

376 1001 518 1067 474528.
566 1005 609 1068 Ut
631 1025 702 1068 uero
721 1006 781 1070 KA
806 1009 844 1068 ad
868 1010 965 1070 sinum
989 1018 1085 1072 toturn
1108 1010 1152 1070 sic
1167 1011 1223 1072 AF
1245 1010 1285 1071 ad
1308 1019 1483 1091 tangentem
1507 1012 1609 1091 anguli
1631 1013 1656 1073 F
1659 1012 1728 1073 KA.

374 1094 456 1173 Ergo
481 1097 606 1172 angulus
630 1094 714 1157 FKA
739 1104 788 1157 est
813 1091 871 1159 19⁰
893 1095 956 1171 21‘,
982 1099 1107 1177 angulus
1133 1119 1253 1177 nempe,
1283 1118 1369 1178 quern
1397 1100 1525 1162 risibilis
1549 1101 1599 1161 via
1626 1101 1729 1179 puncti

377 1183 413 1258 F,
428 1203 505 1263 qnae
520 1193 569 1245 est
583 1186 607 1246 F
609 1185 647 1258 K,
665 1185 739 1246 lacit
752 1204 819 1247 curn
837 1186 985 1265 ecliptica,
997 1188 1044 1248 cui
1059 1187 1107 1247 hic
1122 1188 1335 1265 propemodum
1345 1190 1509 1268 parallelos
1524 1197 1574 1250 est
1586 1188 1656 1251 KA.
1672 1184 1730 1261 ¹¹¹)

465 1271 522 1333 Hic
547 1273 637 1351 igitur
669 1272 728 1334 etsi
750 1274 838 1335 Luna
861 1293 918 1337 nou
951 1276 994 1336 ita
1026 1275 1183 1354 praecipiti
1216 1285 1298 1337 motu
1321 1277 1350 1340 in
1375 1278 1469 1339 latum
1503 1278 1615 1351 fertur,
1644 1278 1729 1340 utin

377 1360 449 1439 ipsis
474 1362 578 1435 nodis,
604 1362 674 1441 quia
697 1371 797 1424 tamen
821 1363 908 1424 simul
931 1364 970 1425 ad
994 1364 1102 1425 nodum
1135 1365 1368 1427 descendentem
1397 1366 1510 1441 tendit,
1535 1368 1624 1429 simul
1647 1372 1677 1439 ‚A
1701 1373 1732 1427 et

376 1454 410 1527 ᾖ
435 1458 467 1510 et
489 1468 536 1510 m
560 1451 710 1524 oriuntur,
744 1471 797 1530 per
828 1471 903 1531 quae
937 1453 1024 1530 sigua
1057 1452 1206 1514 decrescit
1236 1455 1362 1532 angulus
1396 1455 1474 1516 inter
1506 1454 1677 1533 eclipticam
1701 1462 1733 1515 et

377 1539 577 1611 horizontem,
611 1540 699 1618 inque
724 1541 819 1601 ricem
842 1542 952 1602 crescit
979 1541 1149 1603 latitudinis
1178 1543 1362 1619 parallaxis,
1393 1544 1470 1605 unde
1495 1543 1581 1605 simul
1606 1551 1638 1605 et
1660 1561 1731 1604 vero

378 1636 461 1689 motu
485 1636 517 1688 et
539 1628 700 1707 phantasia
724 1630 805 1690 risus
829 1630 857 1690 in
882 1639 1015 1692 austrum
1045 1632 1155 1691 fertur:
1186 1630 1252 1692 ideo
1277 1632 1338 1692 tale
1362 1632 1431 1711 quid
1456 1631 1547 1693 etiam
1573 1632 1731 1694 Walthero

378 1717 545 1778 exercitato
576 1727 747 1778 astronomo
780 1718 924 1797 contigit,
956 1721 1034 1799 qnod
1066 1737 1123 1779 nou
1156 1726 1274 1780 tantum
1302 1720 1408 1782 mirum
1432 1721 1459 1781 ei
1483 1721 1653 1795 videbatur,
1677 1720 1731 1782 scd

379 1804 471 1866 etiam
494 1806 580 1865 fidem
606 1806 757 1866 oculorum
781 1808 967 1887 propriomm
991 1808 1019 1869 in
1045 1806 1164 1869 dubium
1188 1809 1367 1871 adducebat.

467 1894 661 1956 Problema
679 1894 799 1956 XXXI.
823 1896 877 1957 An
902 1897 1085 1977 possibile
1109 1895 1172 1969 sit,
1198 1898 1420 1978 principium
1445 1897 1603 1976 alicujus
1626 1896 1730 1965 Sola·

377 1981 430 2043 ris
454 1982 625 2044 delectus
650 1983 683 2044 in
707 1993 827 2046 ortum
858 2004 1025 2064 vergere,
1060 1985 1221 2045 alterius
1255 1986 1361 2048 linem
1385 1987 1418 2047 in
1443 2005 1626 2060 occasum,
1658 1985 1732 2046 alio

377 2078 541 2150 tempore
565 2071 676 2133 sinern
702 2072 734 2132 in
759 2081 889 2137 ortum.
935 2075 1001 2135 Hoc
1025 2083 1074 2135 est
1097 2074 1175 2133 inter
1198 2075 1352 2152 paradoxa
1375 2097 1394 2136 a
1417 2076 1514 2137 Plinio
1539 2075 1634 2148 (Hist.
1658 2075 1731 2136 Nat.

377 2159 422 2233 Il,
452 2157 507 2233 12)
529 2162 696 2239 proposita.
742 2162 821 2223 Nam
847 2160 949 2223 Solem
982 2162 1133 2224 ordinaria
1156 2162 1207 2222 ria
1230 2162 1268 2222 ab
1292 2182 1402 2225 occasu
1434 2165 1560 2225 deficere
1594 2162 1735 2224 conuenit

379 2248 436 2309 snb
461 2248 656 2328 principium:
682 2251 797 2328 impleri
814 2252 851 2311 ab
871 2260 937 2312 ortu
951 2272 966 2312 :·
982 2253 1098 2313 Lunam
1122 2260 1228 2311 contra
1247 2251 1285 2312 ab
1308 2262 1376 2314 ortu
1400 2253 1540 2332 incipere,
1563 2252 1602 2313 ab
1626 2270 1734 2314 occasu

379 2336 526 2399 desinere.
564 2337 594 2399 A
618 2339 704 2399 Luna
726 2339 913 2418 incipiamus.
957 2338 1071 2401 Centro
1095 2342 1124 2400 A
1149 2338 1299 2401 scribatur
1322 2341 1451 2403 circulus
1475 2342 1597 2404 umbrae
1622 2341 1733 2402 Terrae

377 2423 501 2499 BCDE,
524 2444 577 2504 per
594 2429 623 2488 A
641 2429 767 2489 ducatur
781 2438 866 2488 recta
886 2427 951 2497 FG,
969 2436 1200 2510 repraesentans

378 2514 572 2575 verticalem:
606 2535 660 2597 per
692 2517 772 2577 idem
803 2518 928 2579 ducatur
956 2527 989 2578 et
1015 2518 1079 2590 HI,
1112 2534 1199 2577 arcus

379 2603 537 2682 eclipticas
561 2607 680 2666 occasui
711 2606 881 2683 proximus,
913 2614 947 2668 ut
969 2607 1054 2668 FAH
1077 2604 1117 2666 sit
1141 2623 1198 2665 an-

379 2692 466 2770 gulus
491 2692 568 2753 inter
597 2694 767 2773 eclipticam
791 2704 822 2755 et
846 2696 1029 2757 verticalem.
1075 2694 1118 2755 Et
1141 2692 1200 2771 ipsi

378 2780 424 2842 HI
454 2780 493 2841 ad
525 2790 625 2843 rectos
658 2792 767 2861 agatur
796 2783 863 2845 XL.
918 2782 1034 2854 Quodsi
1065 2790 1201 2843 centrum
1277 2833 1279 2855 ,

379 2870 483 2930 Lunae
517 2878 565 2930 est
598 2872 625 2932 in
650 2872 679 2932 K
706 2871 755 2932 vel
782 2872 828 2948 L,
862 2893 950 2934 verae
983 2869 1201 2949 conjunctionis
1332 2859 1337 2879 ⁸

380 2956 523 3020 articulus
561 2960 628 3022 erit.
688 2961 771 3021 Tunc
811 2961 901 3039 igitur
938 2971 1048 3041 aequet
1084 2979 1201 3020 summa

380 3045 668 3111 semidiametrornm
683 3050 787 3110 Lunae
812 3059 844 3109 et
866 3050 986 3113 umbrae
1010 3048 1201 3111 latitudinem

380 3134 483 3198 Lunae
508 3156 626 3212 veram,
658 3139 686 3199 in
712 3138 740 3198 K
773 3141 935 3201 australem
967 3141 1199 3210 decrescentem,

381 3231 412 3284 ut
435 3226 477 3285 sit
500 3226 550 3286 via
573 3228 676 3287 Lunae
702 3227 764 3289 XM
787 3247 892 3291 versus
916 3228 1102 3306 eclipticam
1127 3225 1201 3286 inL

381 3311 532 3376 borealem
556 3325 748 3389 crescentem,
773 3324 806 3377 ut
830 3317 871 3379 sit
894 3319 943 3379 via
958 3318 1062 3378 Lunae
1082 3314 1138 3376 LN
1163 3313 1201 3375 ab
1239 3315 1245 3336 ³
1356 3385 1363 3396 ,

381 3402 529 3480 ecliptica.
594 3404 740 3484 Utrinque
783 3406 874 3486 igitur
915 3406 1016 3486 aliqua
1053 3403 1203 3483 particula

381 3489 485 3552 Lunae
509 3491 626 3554 deficiet
650 3495 805 3566 (666666
827 3515 942 3576 quoqne
966 3491 1204 3557 correctiuucula
1268 3487 1282 3533 ⁰

382 3589 520 3642 auctores
542 3581 678 3661 indigent
697 3583 725 3644 in
741 3583 797 3646 boo
816 3586 935 3664 quidem
954 3582 1101 3663 negotio),
1115 3581 1203 3643 Luna

383 3669 460 3730 enim
483 3671 572 3748 paulo
602 3678 673 3750 post
695 3672 725 3733 K
757 3682 789 3734 et
818 3675 907 3753 paulo
940 3680 1010 3735 anta
1044 3671 1070 3731 L
1098 3678 1203 3731 centro

383 3756 463 3818 Alit
482 3759 611 3837 propior,
637 3770 758 3839 propter
782 3763 990 3841 obliquitatem
1013 3760 1080 3821 riae
1099 3759 1204 3819 Lunae

382 3847 419 3908 ad
443 3847 634 3928 eclipticam:
669 3857 701 3909 et
724 3850 751 3910 in
777 3870 812 3912 eo
836 3851 903 3911 viae
928 3869 1000 3912 6666
1032 3854 1162 3927 puncto,
1193 3845 1222 3909 iu
1255 3845 1333 3925 quod
1361 3862 1399 3903 ex
1421 3842 1451 3904 A
1479 3839 1733 3921 perpendicularis

382 3934 494 4009 incidit,
520 3937 657 3999 delectus
681 3946 729 3998 est
752 3940 911 4001 maximus.
958 3938 999 4000 Et
1023 3955 1180 3998 mensurae
1211 3954 1320 3997 causa:
1355 3940 1389 3993 ut
1421 3950 1530 3992 secans
1553 3924 1592 3993 5⁰
1615 3929 1737 4002 (latitu-

386 4023 462 4086 diuis
495 4026 659 4099 maximae)
695 4024 823 4090 100382
856 4029 894 4088 66
918 4026 1045 4094 radium,
1078 4025 1124 4085 ita
1152 4044 1269 4086 summa
1306 4020 1615 4092 semidiametrorum‚
1649 4035 1738 4097 quam

383 4133 567 4176 assumemus
593 4109 656 4184 602
683 4116 721 4176 66
747 4116 924 4178 distantiam
947 4124 1114 4177 centrorum
1139 4113 1169 4174 in
1194 4113 1313 4175 defectu
1338 4109 1467 4172 maximo
1491 4103 1545 4171 59¹
1569 4102 1646 4169 46”.
1688 4108 1739 4169 Ita

387 4196 447 4264 ¹4¹¹
473 4203 607 4264 incidunt
631 4205 659 4264 in
684 4205 854 4266 delectum:
880 4224 950 4284 pars
975 4204 1093 4282 quidem
1118 4203 1237 4280 exigua,
1261 4219 1318 4262 non
1342 4200 1430 4279 plane
1454 4196 1632 4259 centesima.
1674 4196 1739 4258 Nos

384 4300 483 4352 tamen
510 4291 558 4351 hic
583 4293 685 4370 apices
710 4313 840 4355 summos
865 4292 1023 4372 sequimur.
1061 4291 1145 4354 Nihil
1168 4289 1316 4370 probibet,
1342 4287 1419 4349 idem
1439 4286 1517 4365 quud
1541 4285 1588 4346 bic
1613 4285 1739 4347 demon-

383 4389 513 4441 stramus
537 4380 709 4457 contingere
734 4383 835 4455 etiam,
861 4402 928 4444 cnm
947 4382 1033 4442 Luna
1056 4380 1084 4439 in
1105 4380 1135 4439 K
1158 4378 1291 4440 nonnihil
1316 4375 1450 4439 umbram
1474 4372 1629 4435 delibavit.
1672 4373 1741 4434 Erit

382 4477 481 4531 auteur
508 4470 535 4528 iu
560 4468 590 4530 Κ
612 4470 798 4549 principium,
823 4470 852 4532 in
874 4472 899 4531 L
923 4470 990 4532 finis
1016 4468 1171 4541 defectus,
1188 4474 1220 4528 et
1244 4464 1268 4529 0
1293 4472 1450 4527 contactus
1475 4462 1661 4533 circulorum,
1687 4480 1740 4525 seu

381 4566 453 4618 nota
477 4557 630 4631 delectus,
657 4567 761 4637 verget
785 4560 812 4620 in
838 4577 977 4620 occasum
1001 4558 1040 4618 ad
1064 4556 1219 4628 dextram,
1246 4563 1280 4616 nt
1303 4563 1335 4615 et
1358 4559 1424 4614 tota
1447 4549 1583 4612 duratio:
1615 4549 1642 4611 Ε
1666 4567 1737 4610 vero

381 4646 447 4707 finis
472 4647 631 4724 vergerio
657 4656 765 4709 ortum.
812 4648 978 4725 Utrumque
1003 4645 1094 4708 etiarn
1119 4645 1148 4706 in
1177 4642 1316 4705 orientali
1346 4661 1416 4703 arcu
1440 4639 1503 4701 fieri
1531 4645 1643 4719 potest.
1690 4635 1741 4699 Sit

380 4735 459 4795 enirn
484 4732 538 4795 ΟΡ
562 4755 649 4796 arcus
680 4737 757 4797 ortui
788 4736 922 4809 vicinus,
956 4743 988 4795 ct
1011 4734 1092 4797 FAP
1116 4732 1262 4812 angulus,
1288 4729 1347 4801 QR
1370 4748 1440 4790 reru
1469 4725 1736 4807 perpendicularis,

380 4832 412 4883 et
427 4824 516 4884 Luna
534 4824 563 4884 in
580 4822 610 4893 Q
633 4824 878 4904 septentrionalis
902 4822 1098 4896 descendens,
1124 4822 1174 4882 ria
1189 4818 1252 4893 SQ,
1278 4820 1307 4881 in
1322 4819 1353 4880 R
1371 4837 1441 4880 vero
1466 4814 1737 4893 australis,itidem

380 4912 569 4972 descendens
594 4933 646 4973 seu
671 4934 690 4972 a
713 4913 790 4974 nodo
821 4913 983 4985 recedens,
1015 4911 1064 4971 via
1086 4910 1153 4973 ΒΤ.
1200 4910 1283 4970 Τ666
1308 4907 1368 4968 illic
1391 4906 1417 4967 B
1441 4905 1577 4966 defectus
1601 4902 1632 4963 in
1655 4902 1740 4982 prin-

382 5000 464 5078 cipio
488 5011 594 5079 verget
617 5001 645 5061 in
671 5021 810 5063 occasum
836 5003 873 5061 ad
898 5002 1055 5062 dextram:
1081 5000 1109 5061 D
1132 5017 1203 5059 vero
1226 4996 1325 5060 finalia
1349 4996 1485 5057 delectus
1509 4992 1539 5054 in
1563 4998 1669 5053 ortum.
