4584 6192
958 654 1039 722 orpus
1056 656 1131 708 ¹¹¹·
1651 654 1717 722 ιιι

375 855 442 900 oum
465 835 554 897 aliter
573 835 654 916 loqui
672 841 759 917 quain
780 855 835 917 per
849 836 1071 916 phantasmata,
1095 853 1170 915 quae
1195 833 1310 896 invertit
1328 833 1359 894 in
1378 834 1483 896 nostra
1506 833 1715 915 imaginativa:

373 927 455 989 hanc
474 924 582 1006 qnippe
606 925 671 1004 ejus
695 944 762 987 esse
785 934 937 999 naturam,
965 926 1042 987 hanc
1065 923 1257 986 essentialem
1279 923 1368 1003 hujus
1390 930 1516 985 naturae
1544 924 1716 1005 proprieta-

374 1023 450 1083 tem.
473 1014 653 1095 participare
677 1034 743 1078 cnm
766 1014 884 1076 homine
904 1012 1175 1094 phantasmatibus,
1200 1031 1293 1093 eaque
1315 1032 1405 1094 posse
1423 1031 1554 1088 movere,
1575 1022 1717 1095 coaptare

373 1111 406 1167 et
422 1103 554 1165 dividere
571 1102 624 1177 sic,
648 1111 682 1165 ut
702 1122 791 1185 qnam
813 1103 1051 1167 commodissime
1076 1110 1249 1181 conceptum
1268 1119 1354 1163 suum
1371 1101 1452 1164 intra
1471 1103 1580 1165 mentis
1594 1110 1717 1166 nostrae
1794 1173 1797 1178 y

374 1199 462 1274 septa
479 1192 624 1273 explicet

464 1281 523 1353 Ωιι
546 1282 591 1343 ιιι
613 1281 764 1362 disputat,
789 1283 934 1344 sermonis
957 1280 1054 1343 nostri
1077 1279 1294 1360 cognitionem,
1326 1278 1446 1341 auditus
1476 1298 1518 1342 so.
1541 1278 1717 1342 facultatem

374 1372 421 1433 illi
442 1379 567 1432 naturae
588 1371 701 1444 adimet
720 1371 844 1474 perinde
866 1389 901 1433 ac
921 1371 1042 1450 linguae
1060 1389 1164 1445 nsum;
1187 1376 1222 1430 ut
1241 1369 1294 1431 illa
1308 1367 1387 1430 nihil
1403 1368 1509 1432 homm
1529 1368 1616 1443 sciat,
1639 1388 1716 1450 quae

372 1461 453 1524 iuter
474 1460 611 1522 homines
635 1460 811 1522 commercio
841 1461 986 1523 sermonis
1015 1468 1159 1539 aguntur,
1186 1457 1244 1520 nisi
1274 1466 1421 1538 quatenns
1440 1457 1541 1520 variis
1567 1456 1716 1537 phantas-

371 1550 465 1612 matis
488 1549 602 1624 eadem,
626 1569 702 1630 qnae
725 1550 904 1624 dicuntnr‚'
896 1571 927 1610 m
928 1559 977 1612 tus
999 1548 1031 1612 in
1054 1549 1176 1611 cerebro
1200 1548 1412 1634 exprimuntur
1457 1549 1523 1610 Nec
1539 1546 1660 1608 tribuet·
1670 1546 1715 1608 illi

371 1638 556 1721 potestatem
579 1598 721 1718 gignendi
742 1639 939 1720 phantasma,
968 1638 1095 1720 quale'
1088 1638 1145 1718 ipsi
1174 1636 1249 1699 utile
1278 1627 1317 1697 ad
1345 1644 1520 1739 conceptum
1542 1654 1628 1697 sunm
1651 1635 1716 1696 lor-

371 1728 528 1801 nandum,
558 1728 612 1789 sed
643 1728 828 1789 solummodo
852 1727 990 1808 signandi
1013 1727 1239 1806 inculcandique
1262 1725 1341 1812 ejus,
1370 1725 1449 1806 quod
1475 1725 1506 1787 vi
1530 1723 1716 1805 irrequietae

371 1816 612 1881 ratiocinationis
636 1816 758 1879 obvenit
780 1817 858 1879 ultro
880 1818 960 1878 intra
983 1817 1112 1879 hominis
1135 1816 1297 1877 cerebrum.
1326 1813 1456 1886 Quibus
1478 1814 1576 1877 modis
1598 1814 1718 1894 rediget

371 1907 458 1970 illam
481 1906 519 1966 ad
542 1906 598 1967 has
621 1906 788 1986 angustias,
811 1914 846 1967 ut
867 1926 926 1969 non
946 1906 1045 1986 possit
1062 1905 1153 1967 aliter
1170 1903 1239 1965 nisi
1252 1903 1406 1985 allegoriis
1424 1911 1457 1965 et
1469 1902 1595 1985 picturis
1610 1902 1716 1965 nobis-

371 2014 442 2060 cum
462 2013 561 2074 agere.
608 1996 709 2075 Atque
733 1995 902 2057 confoditur
924 1996 1000 2056 haec
1020 1995 1111 2069 ratio,
1135 2013 1171 2056 eo
1194 1994 1273 2074 quod
1294 2011 1349 2073 per
1371 2011 1507 2055 somnum
1529 1999 1560 2053 et
1582 1991 1664 2094 loqui
1685 2000 1717 2053 et

371 2084 478 2147 audire
505 2084 656 2145 videmur·
690 2084 828 2146 nimimm
861 2085 1046 2165 loquelamm
1075 2091 1105 2145 et
1130 2083 1288 2143 verbomm
1321 2081 1498 2161 phantasias
1529 2100 1598 2146 ιιι
1618 2082 1716 2142 minus

371 2174 483 2236 ceteris
507 2173 723 2252 significatiJas
746 2173 945 2254 concipimns;
970 2173 1106 2274 qnodque
1122 2182 1209 2233 extra
1222 2171 1371 2233 hominem
1389 2170 1467 2233 inter
1485 2177 1627 2251 portenta
1647 2178 1718 2272 ιιιιιι

372 2263 467 2326 etiam
489 2281 579 2323 voces
601 2261 705 2339 ἀόηιιι
727 2268 779 2323 ιιι
802 2261 967 2337 absurdae,
996 2269 1032 2322 nt
1060 2261 1085 2323 si
1108 2262 1179 2334 bos,
1211 2260 1237 2322 ιι
1266 2259 1402 2342 embryo,
1430 2259 1458 2321 ιι
1479 2259 1607 2328 Bileami
1629 2258 1717 2337 asina

370 2353 450 2415 talia
472 2349 630 2433 loquatur,
658 2351 759 2431 qualia
786 2351 914 2431 intelligi
936 2358 1073 2432 possunt
1118 2325 1242 2431 Itaque
1252 2343 1358 2429 utqui
1380 2349 1455 2410 haec
1478 2347 1613 2410 defendit
1635 2354 1717 2410 recte

370 2441 533 2515 defendat,
556 2460 681 2525 neeesse
704 2447 753 2503 est
775 2440 869 2514 dicat,
898 2448 951 2502 ant
972 2441 1073 2521 plures
1097 2458 1165 2501 esse
1188 2437 1358 2518 hujusmodi
1380 2446 1505 2500 naturas
1527 2436 1716 2517 carioresque

369 2531 462 2605 illas,
486 2549 560 2611 quae
590 2530 713 2591 vocibus
740 2525 903 2611 vooimque
935 2530 1104 2591 simulacris
1128 2548 1218 2589 sensa
1241 2548 1295 2589 ιιι
1318 2528 1501 2607 exprimant,
1530 2534 1584 2587 aut
1613 2544 1721 2588 omnes

370 2620 492 2703 quidem
513 2619 619 2680 modos
643 2619 777 2698 ejusdem
800 2638 868 2680 esse
892 2628 1068 2693 creaturae,
1094 2618 1186 2680 alium
1215 2626 1316 2679 nmen
1346 2616 1406 2678 alio
1438 2614 1663 2677 imbecilliorem
1684 2621 1717 2675 et

370 2709 525 2773 rariorem.
571 2708 650 2770 Utra
671 2727 744 2769 vera
765 2709 805 2770 ιιι
820 2728 859 2770 ιι
872 2707 921 2770 his
937 2708 1105 2782 sententiis,
1129 2706 1266 2787 utrinque
1288 2705 1346 2767 hoc
1369 2704 1543 2779 adstruitur,
1565 2711 1715 2784 portenta,

371 2805 503 2871 ostenta,
527 2797 644 2859 somnia
669 2804 700 2858 et
721 2797 890 2877 hujusmodi
913 2816 966 2877 per
988 2796 1152 2876 allegorias
1174 2794 1353 2876 explicanda
1375 2813 1452 2857 esse.
1498 2793 1594 2873 Igitur
1616 2791 1718 2873 posito

370 2888 452 2971 qnod
475 2895 558 2947 certo
582 2886 707 2948 consilio
738 2906 792 2948 sen
813 2886 870 2948 Dei
900 2886 994 2965 ipsius
1005 2894 1014 2918 ¹·
1024 2904 1077 2947 seu
1106 2893 1261 2947 creaturae
1289 2884 1447 2967 rationalis
1477 2882 1600 2945 incensa
1627 2882 1718 2944 fuerit

369 2978 447 3048 haec
471 2975 569 3049 stella,
595 2976 621 3036 ιι
643 2994 680 3036 ιι
703 2994 749 3036 me
773 2983 942 3057 quaeratur,
967 2994 1053 3077 quem
1068 2974 1107 3035 ad
1126 2975 1214 3036 tinem
1234 2973 1291 3036 hoc
1312 2958 1424 3035 facturn
1437 2979 1549 3051 putem,
1573 2979 1604 3032 et
1616 2978 1716 3033 ιιιιιιι
1796 3001 1799 3008 ·

370 3068 439 3168 ejus
460 3064 628 3144 significata
649 3065 687 3125 ad
708 3085 744 3125 ea
758 3064 960 3146 pertrahenda
975 3063 1044 3138 sint,
1068 3083 1142 3144 quae
1163 3062 1217 3124 snb
1239 3062 1375 3124 manibus
1393 3060 1537 3123 habemus
1558 3059 1715 3122 homiues?

370 3173 500 3260 ριιιιιιιιιι
522 3172 578 3233 ego
600 3173 660 3215 non
683 3163 789 3232 gentes
813 3162 930 3215 tantum
953 3147 1103 3232 singulas,
1133 3152 1187 3214 sed
1213 3159 1312 3213 totum
1338 3152 1413 3213 adeo
1436 3150 1566 3213 Telluris
1595 3148 1715 3230 globum

370 3244 462 3308 nimis
485 3242 593 3305 exilem
616 3251 704 3322 puto,
729 3252 761 3305 ut
784 3243 813 3303 in
837 3243 902 3322 eJ'us
925 3242 1111 3322 complexum
1135 3260 1238 3303 omues
1261 3242 1461 3321 cogitationes
1483 3247 1616 3311 nostrae,
1640 3256 1716 3319 quae

371 3334 509 3397 oriuntur
532 3351 620 3413 ιιριι
641 3333 772 3412 genuina
801 3331 1016 3412 significatione
1045 3330 1185 3393 sideris
1176 3351 1207 3392 m
1234 3329 1384 3393 altissimo
1411 3330 1532 3391 aethere
1554 3326 1729 3400 versantis,-

370 3422 572 3487 effundantur.
625 3423 740 3501 Magna
769 3440 894 3503 namque
923 3420 1025 3483 mundi
1053 3420 1219 3501 amplitudo
1248 3427 1309 3494 est,
1340 3439 1395 3481 nec
1424 3418 1557 3484 absurda
1582 3415 1717 3519 Tychoni
1835 3455 1837 3460 -

368 3511 490 3577 Braheo
513 3510 581 3572 visa
603 3518 652 3572 est
673 3511 729 3572 illa
750 3518 883 3572 vetemm
906 3510 1090 3591 quorundam
1109 3509 1356 3591 philosophorum
1377 3507 1487 3588 opinio,
1511 3504 1716 3578 statuentium,

369 3599 482 3674 ceteris
505 3619 620 3680 quoque
643 3600 758 3679 globis,
782 3600 831 3680 qui
854 3598 1022 3663 vastissimi
1046 3606 1129 3673 sunt,
1153 3618 1224 3660 snos
1248 3617 1316 3660 esse
1339 3597 1471 3671 incolas,
1497 3614 1558 3657 non
1580 3593 1717 3675 equidem

368 3688 522 3762 homines,
547 3696 579 3750 at
601 3696 756 3751 creaturas
780 3689 877 3765 alias;
894 3706 983 3770 quae
1006 3688 1033 3750 ιι
1056 3695 1141 3762 sunt,
1174 3687 1339 3748 edmundi
1362 3693 1499 3748 ornatum
1520 3684 1622 3765 utique
1644 3701 1717 3763 per-

369 3778 523 3853 tinebunt,
543 3797 638 3859 neque
663 3786 778 3840 tantum
799 3778 930 3841 siderum
945 3778 1069 3841 effectus
1090 3774 1322 3857 persentiscent,
1345 3775 1401 3838 sed
1423 3773 1515 3837 etiam
1528 3770 1718 3854 providentia

369 3866 503 3949 supremi
526 3867 660 3929 custodis
683 3868 985 3948 comprehendentnr3
1016 3886 1072 3933 nec
1094 3859 1262 3926 absurdum
1276 3863 1342 3937 erit,
1366 3882 1459 3945 aeque
1478 3862 1555 3943 ipsis
1574 3880 1611 3924 ac
1630 3859 1717 3922 nohis

370 3960 404 4021 in
420 3956 539 4019 Tellure
561 3957 752 4017 versantibus
775 3956 944 4017 hominibus
968 3975 1005 4016 ιι
1028 3955 1082 4017 illa
1104 3953 1254 4028 altissima
1276 3954 1402 4032 specula
1420 3953 1547 4015 lixarum
1570 3950 1716 4030 sphaerae

369 4048 462 4127 sigua
484 4045 573 4120 mitti,
598 4045 695 4123 magis
720 4045 972 4125 forsan-ipsorum
995 4043 1191 4125 appropriata
1208 4041 1317 4122 captui,
1342 4060 1430 4121 quam
1448 4048 1561 4104 nostro.
1595 4037 1716 4110 Quaero

369 4154 459 4216 ergo,
484 4154 543 4195 non
566 4135 613 4196 cui
637 4133 734 4212 genti,
757 4135 811 4196 sed
835 4133 953 4196 omnino
977 4134 1024 4195 cui
1048 4131 1137 4212 globo
1163 4131 1263 4212 potins
1291 4128 1469 4194 credendum
1492 4129 1535 4192 ιιι
1557 4147 1716 4192 accensum

370 4244 441 4288 ease
464 4223 547 4284 eidus
569 4223 647 4285 hoc?

461 4313 547 4378 Hunc
569 4312 599 4374 in
624 4311 744 4374 modum
767 4318 917 4373 errantem
934 4328 981 4394 mp
999 4328 1054 4391 per
1076 4310 1175 4372 mundi
1199 4308 1428 4388 amplitudinem
1451 4326 1569 4370 rursum
1580 4306 1620 4368 ad
1638 4305 1717 4369 banc

369 4410 509 4470 nostram
532 4400 681 4463 Tellurem
708 4409 831 4462 revocat
859 4418 969 4503 magna
991 4399 1081 4461 trium
1104 4400 1293 4479 planetarum
1320 4397 1503 4499 conjunctio,
1534 4414 1610 4477 quac
1633 4395 1717 4457 aidus
1786 4427 1791 4438 =

370 4497 428 4559 hoc
452 4491 723 4553 circumstetemnt.
753 4489 802 4551 Da
825 4488 902 4552 enim
903 4489 1014 4576 ,quod
1037 4488 1137 4550 huic
1123 4507 1187 4568 Jam
1210 4487 1380 4551 sententiae
1402 4486 1552 4568 proprium
1575 4493 1633 4560 est,
1655 4503 1716 4545 uon

370 4581 527 4647 fortuitum
550 4580 644 4642 luisse
667 4579 745 4641 buno
763 4578 870 4675 stellae
895 4538 1069 4640 ioncmanm
1083 4577 1217 4640 cumilla
1240 4576 1456 4666 conjunctione,
1480 4576 1535 4637 sed
1548 4573 1717 4657 quaesitum

373 4696 393 4736 a
407 4672 495 4733 Deo:
515 4669 581 4748 jam
604 4676 686 4731 certe
704 4663 900 4738 convinceiis,
915 4668 1016 4729 Terris
1039 4666 1227 4747 ροιιιιιιιιιι
1250 4657 1394 4735 illuxisse,
1418 4665 1520 4727 Terris
1540 4664 1715 4743 deputatum

371 4761 519 4841 fulgorem
541 4758 633 4832 hunc,
666 4758 740 4820 nulli
762 4766 921 4837 praeterea·
944 4756 1043 4840 globo.
1082 4755 1255 4834 Nuspiam
1259 4754 1342 4816 enim
1375 4753 1432 4816 nisi
1455 4754 1485 4816 iu
1508 4750 1609 4815 Terris
1633 4750 1715 4814 bisce
1785 4767 1790 4780 ·
1837 4810 1841 4819 ,

374 4849 497 4930 Jupiter
518 4847 612 4909 Marti
635 4846 718 4908 visus
742 4854 791 4908 est
819 4847 995 4925 conjunctus
1018 4863 1054 4906 eo
1078 4842 1136 4919 die,
1161 4862 1217 4924 quo
1235 4843 1332 4906 stella
1354 4841 1476 4906 effulsit.
1521 4840 1598 4902 Esto
1625 4839 1717 4919 igitur

370 4949 407 5003 ut
428 4938 482 5001 illa
504 4936 573 4999 anni
600 4933 694 5000 1572.
718 4935 810 4998 stella
832 4935 922 4997 fuerit
943 4953 1072 4996 aceensa
1089 4934 1138 4994 vel
1154 4932 1375 5035 Cynocephalis
1388 4929 1591 4994 Lucianicis
1581 4949 1612 4992 m
1634 4927 1714 4992 Sirio

369 5029 422 5091 vel
445 5024 666 5089 Minotauris'
658 5045 688 5087 m
721 5023 886 5103 Sagittario
918 5022 1125 5094 versantibus,
1156 5022 1257 5106 quia
1257 5041 1312 5085 nec
1344 5021 1374 5083 iu
1407 5020 1575 5120 eclipticam
1603 5037 1658 5081 neo
1680 5018 1712 5080 in

370 5107 513 5220 planetas
539 5103 661 5196 junctos
685 5113 849 5176 inciderat:
878 5115 953 5175 haec
976 5120 1057 5175 certe
1085 5119 1192 5194 postra
1214 5099 1306 5174 stella
1329 5109 1399 5191 quia
1425 5105 1518 5190 prope
1547 5107 1717 5189 eclipticam

371 5207 471 5279 stetit,
495 5206 524 5265 ιι
543 5205 697 5284 globomm
719 5197 959 5283 planetariorum
974 5202 1103 5280 gratiam
1124 5201 1232 5277 illuxit,
1257 5208 1292 5265 ιι
1308 5216 1430 5284 quorum
1449 5208 1548 5273 mutua
1561 5196 1715 5260 andiacum

452 5309 539 5361 remen
553 5310 627 5359 opera
598 5310 668 5349 ran
1473 5302 1507 5355 tr
