4584 6192
991 564 1073 633 Caput
1090 566 1135 618 ΙΙΙ
1157 564 1182 617 ².

405 741 601 807 inclinabitur
645 745 740 825 igitur
775 744 813 807 ad
861 746 989 806 alteram
1035 755 1152 825 partem

405 833 556 894 secundae
594 833 694 895 lineae
730 834 805 907 DE;
843 833 1003 896 inclinetur
1040 834 1078 895 ad
1112 834 1150 907 D,

406 940 496 1003 quare
529 930 563 984 et
599 922 765 984 incidentia
802 924 856 984 FA
891 930 922 984 et
959 941 1152 1002 repercussus

405 1008 467 1072 AG
487 1018 597 1089 verget
620 1010 650 1072 in
673 1031 763 1074 nnam
792 1012 941 1073 secundae
976 1013 1072 1073 lineae
1096 1012 1152 1073 DE

405 1100 527 1178 plagam
541 1100 580 1174 D,
606 1100 685 1179 quod
706 1120 797 1180 snpra
821 1101 949 1162 diximus
969 1121 1026 1162 non
1043 1102 1152 1169 debere

405 1188 477 1250 fieri.
515 1188 597 1251 Nam
616 1197 739 1268 oportet
753 1189 838 1251 FAD
853 1198 885 1249 et
900 1188 988 1252 ΘΑΕ
1010 1189 1153 1268 aequales

406 1296 490 1350 esse,
525 1296 585 1339 non
620 1277 729 1339 minus·
751 1298 839 1358 quam
872 1279 954 1339 FAB
989 1289 1020 1340 ct
1053 1277 1152 1340 GAC.
1189 1310 1206 1351 0

406 1363 507 1437 Quare
524 1364 637 1428 BFGC
651 1368 837 1446 superficiem
853 1368 891 1427 ad
906 1368 1150 1450 perpendiculum

405 1473 472 1516 esse
495 1474 624 1517 necesse
652 1465 700 1517 est
723 1456 781 1533 ipsi
805 1454 933 1530 DCEB,
963 1464 997 1516 nt
1025 1466 1143 1518 tantum
1168 1468 1276 1538 vergat
1309 1462 1437 1540 angulus
1471 1457 1653 1521 incidentiae
1676 1456 1762 1519 FAD

405 1544 443 1605 au
466 1562 557 1605 uuam
581 1543 704 1622 plagam
728 1543 824 1605 lineae
849 1546 999 1606 secundae
1018 1546 1084 1621 DE,
1113 1557 1256 1626 quantum
1280 1548 1416 1629 aequalis
1435 1548 1479 1609 illi
1503 1547 1630 1627 angulus
1654 1547 1762 1607 reflec-

406 1632 496 1694 tionis
521 1630 610 1694 GAE
635 1633 673 1693 ad
699 1633 794 1694 lineae
819 1634 968 1694 secundae
993 1635 1049 1695 DE
1072 1646 1189 1713 partem
1213 1639 1385 1718 oppositam
1410 1638 1449 1699 E.

469 1721 506 1783 Iu
531 1720 762 1783 retractionibus
786 1724 878 1784 etiam
903 1722 1066 1802 simplicius
1082 1724 1160 1786 idem
1183 1735 1280 1805 patet.
1460 1760 1513 1826 Fig.
1542 1757 1583 1807 50,

404 1810 483 1872 Nam
521 1810 592 1890 quia
624 1811 767 1872 retractio
804 1831 861 1873 non
899 1811 934 1872 fit
971 1813 1027 1873 nisi
1065 1814 1103 1874 ad
1150 1834 1280 1895 perpen-

404 1898 587 1972 dicularem,
628 1917 701 1977 ergo
741 1899 839 1961 lineae
879 1898 952 1973 CB,
990 1920 1066 1980 quae
1101 1904 1129 1963 in
1174 1923 1280 1983 super-

405 1987 469 2049 ficie
500 1986 649 2048 densioris
672 1986 730 2049 HC
755 2009 774 2048 a
804 1988 966 2068 punctoC
997 1990 1179 2052 incidentiae
1209 2012 1280 2071 per-

403 2075 606 2156 pendicularis
636 2076 694 2155 ipsi
718 2075 774 2139 AC
799 2078 838 2139 ad
869 2086 1011 2157 punctum
1042 2080 1232 2143 retractionis
1254 2081 1280 2142 B

404 2165 531 2238 ducitur,
556 2165 720 2246 parallelos
744 2166 864 2227 incedet
886 2166 927 2239 ei,
953 2186 1028 2247 quae
1053 2168 1081 2227 in
1107 2188 1281 2249 quacunque

404 2252 609 2333 profunditate
632 2254 723 2314 medii
748 2255 894 2316 densioris
918 2276 956 2317 ex
979 2257 1126 2334 producta
1149 2276 1280 2337 perpen-

404 2341 530 2404 diculari
552 2339 610 2403 AC
635 2342 665 2402 in
688 2342 716 2402 E
739 2344 830 2405 rectis
855 2345 973 2424 angulis
998 2346 1101 2407 exiens
1121 2346 1150 2407 in
1172 2347 1280 2408 lineam

405 2431 566 2493 retractant
591 2427 650 2494 BG
673 2431 789 2494 incidit.
831 2432 900 2494 Nisi
924 2434 1001 2494 enim
1025 2434 1081 2495 hoc
1105 2442 1197 2510 esset,
1223 2455 1279 2496 non

406 2520 565 2581 accederet
588 2520 737 2583 retractus
757 2520 814 2582 BG
838 2530 923 2583 reeta
941 2524 979 2583 ad
1004 2524 1280 2602 perpendicularem

405 2607 456 2670 BF
478 2608 526 2669 rel
550 2608 623 2681 ΑΕ,
658 2610 712 2669 sed
745 2621 884 2688 vergeret
916 2611 1005 2672 simul
1035 2612 1126 2672 etiam
1151 2612 1179 2672 in
1205 2613 1281 2674 alias

406 2697 522 2775 plagas.
569 2696 652 2774 Ergo
678 2697 729 2769 (E.
750 2698 806 2771 Xl,
833 2697 868 2771 7)
891 2700 1147 2779 perpendicularis
1173 2700 1228 2763 AC
1253 2702 1281 2762 iu

406 2785 589 2865 superficiem
605 2786 819 2864 retringentenr
833 2786 898 2860 Hc,
916 2788 944 2848 in
962 2789 1065 2848 eadem
1082 2798 1131 2849 est
1144 2790 1280 2869 planitie,

406 2874 516 2953 inqua
538 2882 570 2935 et
593 2873 674 2935 linea
707 2876 839 2937 retracta
867 2876 934 2937 BG.
982 2879 1027 2938 At
1050 2878 1077 2937 in
1109 2897 1168 2955 qua
1200 2878 1325 2957 planitie
1353 2886 1403 2939 est
1436 2874 1517 2936 linea
1544 2875 1690 2945 retracta,
1727 2889 1764 2930 ea

406 2962 512 3025 dicitur
535 2962 683 3041 planities·
702 2964 902 3025 retractionis.
940 2966 1089 3026 Planities
1112 2966 1206 3043 igitur
1229 2966 1429 3038 retractionis,
1454 2962 1534 3025 utin
1560 2980 1619 3042 qua
1642 2956 1761 3021 estAC

405 3049 662 3137 perpendicularis
686 3052 715 3113 in
740 3050 795 3114 HC
825 3054 947 3131 planum
981 3055 1147 3132 refringens
1182 3057 1237 3117 erit
1264 3057 1336 3131 (XI,
1364 3052 1419 3128 18)
1452 3047 1707 3133 perpendicularis
1732 3046 1761 3108 in

357 3149 360 3154 “
406 3139 482 3201 idern
504 3140 628 3218 planum
652 3141 829 3220 refringens.

492 3228 663 3309 Propositio
695 3228 801 3291 XVII.
856 3229 929 3291 Plus
963 3230 1151 3290 difficultatis
1186 3232 1242 3293 tuit
1273 3234 1302 3295 in
1336 3230 1491 3312 principiis
1530 3224 1760 3288 constituendis.

1338 2771 1360 2812 K
1460 2766 1479 2807 la

406 3317 631 3379 Demonstratio
656 3319 724 3398 ipsa
748 3319 890 3397 expedita
913 3327 970 3380 est.
1009 3319 1140 3380 Primum
1165 3320 1246 3381 visus
1268 3322 1296 3381 in
1321 3322 1413 3399 plaga
1436 3319 1568 3390 aberrat,
1594 3324 1627 3377 ut
1650 3315 1762 3378 dictum

406 3414 452 3467 est
473 3422 560 3487 prop.
591 3402 646 3480 tt;
670 3406 852 3485 imaginatur
871 3408 949 3469 enim
974 3407 1030 3469 sibi
1055 3427 1116 3468 rem
1142 3408 1170 3468 iu
1191 3428 1257 3470 eam
1280 3411 1412 3490 plagam,
1438 3409 1515 3468 unde
1540 3407 1689 3466 retractus
1716 3406 1762 3467 vel

407 3513 599 3574 repercussus
624 3496 756 3557 advenit.
802 3496 919 3557 Deinde
942 3497 1026 3558 visus
1051 3504 1082 3557 et
1105 3497 1133 3557 in
1159 3499 1268 3576 angulo
1293 3498 1425 3559 aberrat.
1472 3495 1660 3573 imaginatur
1684 3495 1761 3556 enim

406 3583 481 3654 sibi,
514 3603 573 3664 qua
608 3584 801 3646 inclinatione
834 3585 975 3646 incedant
1004 3604 1097 3665 usque
1126 3586 1164 3646 ad
1193 3587 1329 3649 binorum
1362 3586 1513 3647 oculorum
1547 3591 1652 3644 centra
1685 3583 1761 3645 radii

407 3673 528 3734 retracti
554 3672 601 3733 rel
625 3673 812 3752 repercussi,
838 3675 942 3735 eadem
966 3673 1236 3736 inclinatione-seu
1262 3675 1371 3755 angulo
1404 3674 1542 3735 incedere
1567 3672 1658 3732 etiarn
1682 3671 1760 3744 illos,

323 3769 328 3780 '
406 3760 453 3841 qui
476 3781 497 3820 a
518 3770 631 3841 puncto
654 3763 794 3823 radiante
819 3763 847 3823 in
862 3771 976 3842 puncta
999 3782 1227 3841 repercussnum
1242 3765 1289 3825 vel
1311 3762 1522 3824 retractionum
1547 3759 1779 3846 respondentia·

406 3850 489 3911 uculo
511 3850 640 3930 primum
663 3849 833 3914 allabuntur
858 3850 950 3930 (Cap.
976 3852 1031 3923 ΙΙΙ,
1056 3849 1085 3912 2.
1112 3850 1156 3925 7).
1204 3852 1320 3932 Estque
1344 3852 1427 3914 locus
1452 3849 1591 3928 imaginis
1615 3848 1761 3925 genuinus

406 3937 474 4000 illud
498 3947 657 4017 punctum,
691 3938 802 4020 inquo
827 3950 935 4001 coeunt
958 3941 1095 4019 producti
1120 3941 1197 4002 radii
1229 3941 1333 4003 visorii
1363 3959 1401 4001 ex
1428 3947 1554 4017 utroque
1585 3936 1670 3997 oculo
1709 3955 1763 4016 per

406 4045 459 4088 sua
480 4036 596 4106 puncta
619 4028 831 4089 retractionem
856 4030 902 4090 vel
927 4048 1154 4108 repercussnum
1174 4032 1273 4109 (prop.
1291 4026 1338 4103 8).
1376 4027 1471 4108 Atqui
1495 4025 1657 4105 cujuslibet
1680 4023 1758 4087 oculi

406 4116 507 4177 radius
530 4115 661 4178 visorius
686 4117 781 4188 (linea
805 4118 905 4179 lucida
928 4137 966 4178 ex
994 4118 1078 4179 oculo
1102 4137 1156 4196 per
1179 4129 1321 4198 punctum
1353 4135 1547 4196 repercussus
1570 4117 1619 4175 vel
1644 4115 1762 4177 retrac-

405 4202 496 4266 tionis
519 4203 549 4266 in
572 4204 745 4266 continuum
769 4223 823 4283 per
846 4205 1092 4285 imaginationem
1116 4208 1240 4281 educta)
1266 4216 1314 4267 est
1332 4206 1362 4267 in
1387 4205 1492 4266 eadem
1516 4202 1671 4283 superficie
1696 4221 1762 4266 curn

406 4293 561 4372 superficie
584 4293 776 4354 retractionis
798 4295 847 4355 vel
876 4314 1069 4373 repercussus
1094 4296 1169 4366 (det.
1195 4295 1242 4368 2).
1289 4295 1330 4355 Et
1364 4294 1488 4356 cuilibet
1520 4293 1606 4354 oculo
1635 4313 1692 4354 sna
1715 4301 1764 4354 est

406 4382 576 4459 superficies
600 4400 794 4462 repercussus
817 4383 864 4443 vel
890 4384 1080 4445 retractionis
1105 4385 1180 4454 (det.
1206 4383 1252 4458 2).
1299 4384 1381 4463 Ergo
1405 4382 1454 4443 nbi
1479 4390 1659 4443 concurrunt
1683 4380 1759 4443 radii

405 4469 506 4533 sicorii
529 4469 687 4550 utriusque
710 4472 799 4544 oculi,
823 4472 864 4533 ibi
889 4481 1068 4534 concurmnt
1091 4481 1122 4533 et
1145 4472 1317 4552 superficies
1347 4470 1560 4534 retractionem
1583 4472 1631 4531 vel
1656 4488 1760 4550 reper-

381 4563 555 4632 'cussnum,
578 4576 634 4638 per
657 4558 774 4621 oculum
798 4580 932 4641 quaeque
957 4581 1042 4623 suurn
1066 4570 1270 4623 transeuntes.
1317 4561 1398 4640 Ergo
1423 4578 1488 4621 curn
1509 4560 1551 4619 sit
1574 4559 1656 4620 locus
1680 4559 1760 4619 ima·
1877 4611 1886 4650 ·.

405 4645 481 4726 ginis
504 4646 534 4708 in
557 4665 704 4709 concursu
728 4647 905 4711 visoriorum
930 4650 1004 4724 (det.
1024 4649 1065 4723 1),
1092 4651 1150 4712 erit
1173 4651 1203 4711 in
1228 4669 1374 4712 concursu
1397 4648 1620 4728 superficierum
1643 4649 1762 4708 retrac-

405 4735 497 4799 tionis
519 4735 568 4797 rel
591 4754 787 4815 repercussus
813 4739 966 4817 utriusque
991 4739 1078 4801 oculi.
1127 4737 1318 4800 Concurrunt
1345 4756 1416 4799 vero
1440 4737 1511 4798 illae
1536 4734 1709 4815 superficies
1732 4734 1761 4795 in

404 4830 515 4902 puncto
536 4824 651 4885 visibili
675 4826 750 4898 (det.
768 4823 815 4900 2).
853 4827 895 4888 Et
914 4846 980 4889 curn
995 4828 1058 4889 sint
1079 4827 1343 4908 perpendiculares
1357 4827 1415 4888 hae
1440 4825 1546 4887 ambae
1570 4824 1763 4886 retractionis

404 4912 453 4974 rel
475 4931 672 4992 repercussus
696 4915 869 4994 superficies
889 4934 978 4994 super
1001 4917 1187 4996 superficiem
1212 4914 1425 4994 refringentem
1440 4915 1487 4975 vel
1512 4913 1762 4992 repercutientern

405 4997 499 5080 (cap.
525 5001 578 5076 111,
609 4998 663 5073 tt)
687 5021 779 5083 seque
802 5015 906 5066 mutuo
938 5014 1063 5079 secent,
1097 5006 1157 5067 erit
1188 5005 1352 5066 communis
1377 5023 1479 5065 earum
1512 5003 1608 5062 sectio
1635 5002 1764 5082 primum

404 5089 487 5151 lines
508 5098 594 5153 recta
617 5089 669 5164 (Ε.
694 5092 752 5166 xl,
777 5089 824 5166 3),
848 5112 940 5174 qnare
964 5101 996 5155 et
1018 5114 1067 5157 res
1090 5094 1159 5157 visa
1181 5100 1214 5156 et
1236 5112 1338 5155 omnes
1362 5093 1428 5172 ejus
1451 5089 1598 5170 imagines
1622 5100 1710 5154 emnt
1731 5090 1763 5153 in
