4584 6192
465 602 535 670 aro
958 601 1331 667 Δ-ω-οιειι

467 777 1542 861 Angliplibwpbhmgmticadismnuiphnebieoabuibo.
1572 775 1830 843 Etadtahar·

467 867 1111 947 nacil'lstarclrnsrespondetmetneoti‚
1144 866 1573 928 neaiLnaaterreaenet
1602 869 1831 948 procidenti

466 960 611 1022 mam:
646 956 904 1035 Siutinqoiem,
931 965 1094 1019 Solones
1121 966 1406 1035 partesexqsiha
1433 969 1830 1032 Madasuma,

467 1046 1276 1117 itastlapirlen'lerrasibioosrssientenaoeipit
1317 1046 1833 1118 Qaaddqaadoomaeststb

466 1125 1318 1195 initioTerraesosattribntnrsaequeabeaarnlsu,
1344 1126 1832 1199 aedpeulinintarapraasae

466 1205 1831 1278 eontauzqnidprobibetqninaeonimidmbsistaaniampampropfflmm

467 1292 810 1365 mmor„
861 1281 1024 1344 Etiufra:
1055 1293 1275 1347 mur
1304 1296 1450 1356 nm,
1481 1295 1615 1365 aqum
1643 1298 1831 1363 uiniae

468 1372 1831 1445 nrnnparuomrenmuanmnununqmigmmmnm,

468 1454 837 1522 sedrafionediaponente.
869 1453 1832 1528 Nannequeoenlusleritatesnainoaputconpnlmoeqoe

468 1532 1167 1605 eorsuagraritateinpectusdelapsusreat:
1191 1533 1832 1607 ammiscebant-‚quiahoc

467 1616 548 1671 nodo
567 1623 630 1667 erat
649 1612 855 1666 wuduewius
891 1609 935 1671 Et
956 1630 1033 1691 quae
1056 1611 1258 1691 pulcherrima
1279 1611 1342 1671 alia
1363 1620 1537 1690 sequumur.

563 1697 653 1770 Quod
687 1709 788 1760 autem
820 1709 936 1759 certam
966 1700 1114 1760 materiae
1149 1700 1180 1760 iu
1209 1718 1334 1779 corpore
1365 1697 1448 1760 Solis
1479 1702 1682 1779 quantitatem
1710 1703 1831 1777 definio,

469 1790 670 1871 aequiparans
694 1806 761 1848 eam
785 1787 905 1848 residuo
927 1788 1086 1861 materiae,
1120 1807 1181 1869 qua
1206 1788 1369 1849 &cundum
1401 1788 1535 1850 divinum
1556 1789 1665 1851 Mosen
1690 1791 1831 1853 extensio

469 1896 524 1941 aen
546 1876 712 1939 insufflatio
735 1875 820 1936 facta
842 1884 891 1936 eat
912 1876 993 1938 inter
1015 1895 1110 1955 aquas
1132 1884 1166 1936 et
1188 1895 1303 1955 aquas:
1327 1876 1359 1937 id
1381 1876 1502 1938 videtur
1523 1877 1733 1959 sicrequirere
1756 1898 1832 1961 pro-

468 1966 616 2048 portionis
640 1963 845 2026 concinnitas:
868 1972 903 2025 ut
926 1965 1081 2043 cujusvis
1103 1963 1277 2026 uuiversum
1298 1964 1374 2026 illud
1396 1966 1696 2045 spatinmpermearo
1714 1968 1831 2043 debuit,

424 2081 429 2088 ·
468 2055 548 2118 idem
571 2063 689 2115 tautum
704 2053 853 2131 receperit
874 2053 1018 2132 corporis,
1042 2062 1186 2134 quantum
1209 2054 1239 2114 iu
1253 2053 1395 2114 universo
1417 2054 1470 2115 illo
1493 2055 1593 2134 spatio
1606 2056 1699 2119 inest.
1723 2056 1832 2137 Neque

468 2152 568 2207 merus
592 2152 651 2214 est,
675 2151 709 2203 ut
731 2142 780 2202 vel
803 2142 860 2201 boc
883 2151 948 2202 tam
977 2152 1062 2203 arcte
1094 2143 1273 2204 condensari
1301 2143 1351 2203 vel
1378 2143 1453 2205 illud
1481 2152 1544 2203 tam
1577 2146 1679 2225 ample
1705 2145 1831 2206 extendi

469 2232 536 2295 siue
558 2230 771 2293 commixtione
794 2230 882 2291 raom
904 2251 963 2292 uon
986 2232 1128 2309 potuerit
1176 2228 1257 2301 Quid
1280 2231 1359 2293 euim
1389 2232 1468 2293 iuter
1497 2242 1634 2295 extrema
1664 2234 1741 2295 baec
1770 2252 1832 2295 nou

471 2320 608 2396 intersit,
640 2321 668 2381 si
690 2319 770 2380 iuter
790 2337 901 2399 aquam
932 2327 965 2380 et
987 2325 1103 2393 aerem,
1132 2318 1314 2381 intermedia
1342 2328 1373 2382 et
1405 2319 1462 2381 subi
1491 2321 1619 2384 invicem
1643 2322 1733 2384 raldo
1755 2342 1831 2403 pro-

470 2410 591 2491 pinqua,
616 2417 705 2470 tanta
726 2407 849 2469 intersit
870 2406 1035 2487 proportio,
1059 2416 1093 2468 ut
1114 2427 1211 2487 aquae
1233 2416 1323 2488 gutta
1344 2416 1464 2470 tautum
1486 2412 1707 2491 complectatur
1730 2420 1832 2472 mate-

468 2498 544 2573 riae,
567 2506 711 2578 quantum
733 2504 783 2557 est
804 2496 835 2557 in
858 2494 936 2558 satis
960 2496 1062 2574 ampla
1084 2515 1205 2558 camera
1226 2496 1316 2571 aeris,
1340 2498 1420 2577 quod
1443 2516 1536 2577 supra
1557 2517 1584 2561 c.
1601 2499 1659 2562 IV.
1683 2500 1833 2580 probari-

468 2605 535 2650 mns
557 2606 588 2648 u.
611 2583 643 2649 6.
666 2602 753 2664 prop.
781 2582 831 2647 10.

558 2674 647 2736 Hauc
670 2691 759 2752 porro
782 2672 940 2734 materiam
962 2674 1097 2752 corporis
1120 2671 1252 2740 Solaria,
1284 2673 1356 2753 quia
1377 2673 1632 2753 simplicissimam
1660 2695 1730 2738 ease
1752 2694 1828 2739 oon-

473 2764 557 2825 venit
579 2771 612 2824 et
633 2761 763 2823 maxime
786 2781 892 2836 unam,
926 2781 1036 2823 vacare
1059 2781 1184 2823 necesse
1206 2769 1255 2822 est
1277 2761 1393 2823 duabus
1417 2763 1506 2842 opaci
1536 2763 1723 2840 notionibus,
1752 2784 1830 2846 quas

471 2869 530 2914 rox
553 2852 630 2914 hoec
651 2868 744 2929 supra
766 2869 833 2930 cap.
857 2851 882 2913 1.
906 2869 991 2930 prop.
1019 2850 1068 2912 t'l.
1092 2858 1185 2911 nacta
1207 2858 1266 2913 est
1299 2851 1404 2932 Neque
1424 2852 1503 2913 euim
1517 2852 1690 2931 superficies
1704 2853 1834 2916 babebit

471 2942 552 3003 intra
575 2959 609 3002 se
633 2940 762 3013 multas,
791 2958 849 3019 quo
872 2939 991 3003 nomine
1015 2940 1142 3019 simplex
1164 2958 1224 3000 nou
1245 2946 1338 3012 esset,
1363 2958 1459 3019 neque
1482 2940 1622 3003 colorem.
1659 2941 1741 3004 Nam
1764 2963 1834 3005 eum

471 3030 590 3093 definiri
604 3048 696 3110 supra
717 3046 783 3107 cap.
798 3030 824 3091 1.
847 3029 933 3109 prop.
956 3027 1006 3092 15.
1022 3030 1117 3089 lucem
1132 3028 1162 3089 iu
1180 3027 1332 3107 potentia:
1357 3026 1422 3089 Soli
1436 3046 1508 3090 uero
1529 3048 1627 3091 merus
1651 3042 1739 3094 actus
1757 3032 1835 3094 lucis

472 3119 625 3204 competit
670 3116 712 3178 Et
734 3136 789 3196 per
811 3135 845 3178 se
867 3114 1004 3179 colorata
1026 3117 1230 3196 impuritatem
1261 3127 1392 3195 arguunt
1421 3118 1581 3192 materiae,
1615 3116 1698 3181 Solis
1721 3139 1831 3202 corpus

472 3208 664 3291 purissimum
688 3224 755 3266 esse
779 3225 906 3286 aequum
929 3214 987 3267 est.
1033 3203 1137 3276 Quare
1160 3225 1219 3266 nou
1243 3204 1385 3266 obstante
1417 3225 1534 3268 summa
1556 3206 1722 3283 densitate,
1747 3208 1832 3272 Solis

473 3313 581 3378 corpus
598 3293 778 3376 pellucidum
793 3294 984 3356 nibilominus
1003 3290 1111 3367 erit‘)
1138 3294 1244 3374 ltaque
1256 3312 1311 3374 per
1328 3292 1379 3356 11.
1393 3295 1480 3375 primi
1495 3295 1604 3375 capitis
1619 3298 1715 3358 fluoro
1729 3297 1832 3379 aliquo

474 3385 671 3448 constitutum
701 3401 770 3445 esse
803 3392 835 3445 et
862 3383 990 3465 denique
1022 3403 1060 3444 ex
1092 3401 1173 3463 aqua
1197 3381 1228 3444 iu
1256 3401 1401 3444 summum
1430 3384 1556 3464 gradum
1586 3385 1776 3448 condensata
1799 3396 1833 3448 ot

474 3474 632 3555 depurata,
657 3472 735 3553 quod
758 3480 791 3533 et
813 3471 957 3534 divinitus
980 3473 1105 3533 edoctus
1129 3472 1232 3532 Moses
1256 3470 1361 3547 innuit,
1383 3472 1532 3554 prodiisse
1554 3493 1680 3536 necesse
1703 3483 1761 3538 est

561 3564 692 3627 Rursum
722 3560 793 3641 quia
820 3560 901 3623 Solis
934 3560 1066 3623 officium
1098 3561 1128 3622 iu
1157 3560 1266 3621 mundo
1300 3562 1431 3623 omnium
1466 3562 1654 3624 confessione
1683 3563 1741 3624 boo
1771 3572 1830 3638 est,

473 3652 552 3733 quod
579 3650 679 3712 cordis
712 3650 740 3710 iu
770 3650 890 3711 animali
923 3653 1007 3722 (nam
1037 3658 1068 3710 et
1099 3650 1291 3729 planetarum
1320 3660 1418 3711 motus
1447 3670 1485 3711 ex
1509 3649 1582 3713 Sole
1605 3652 1777 3733 dispensari
1800 3652 1831 3713 in

472 3750 559 3822 parte
583 3739 786 3801 astronomiae
806 3739 932 3820 physica
949 3738 1108 3819 probabo),
1132 3746 1167 3798 ut
1188 3738 1283 3799 vitam
1307 3739 1424 3800 scilicet
1437 3740 1505 3801 buic
1526 3741 1707 3819 aspectabili
1721 3742 1831 3802 mundo

473 3831 648 3911 dispenset:
677 3828 806 3889 animam
830 3846 946 3908 quoque
969 3827 1048 3889 tanti
1072 3826 1204 3888 muueris
1219 3827 1438 3899 administram,
1463 3847 1516 3889 seu
1539 3830 1627 3890 malis
1651 3829 1832 3891 facultatem

473 3918 598 3981 vitalem
621 3919 650 3979 in
676 3934 799 3995 corpore
823 3914 906 3978 Solis
930 3917 1029 3977 inesse
1053 3934 1178 3977 necesse
1201 3924 1260 3977 est.
1306 3915 1354 3977 Ex
1377 3917 1464 3997 hujus
1488 3917 1581 3997 igitur
1609 3918 1832 3980 inhabitatione

473 4009 502 4072 in
530 4025 654 4088 corpore
683 4005 864 4066 densissimo
893 4013 926 4066 et
951 4005 1111 4085 purissimo
1144 4005 1267 4085 ejusque
1301 4006 1513 4085 potentissima
1544 4006 1743 4069 vivificatione
1778 4027 1832 4068 seu

475 4095 701 4169 informatione,
734 4094 863 4156 victoria
892 4113 998 4174 nempe
1022 4093 1140 4155 animae
1165 4102 1197 4154 et
1220 4094 1431 4173 subjugatione
1454 4095 1738 4158 contumacissimae
1762 4116 1831 4158 ma-

474 4184 584 4258 teriae,
617 4185 713 4245 lucem
745 4183 893 4244 resultare
923 4192 1158 4244 cousentaneum
1191 4191 1253 4258 est,
1287 4182 1431 4245 incertum
1463 4203 1523 4264 qua
1551 4184 1683 4257 ratione,
1715 4194 1833 4247 certum

473 4281 576 4336 tamen
601 4272 747 4352 exemplis
771 4273 930 4333 multarum
945 4290 1043 4333 rerum
1057 4270 1272 4332 sublunarium.
1303 4271 1361 4333 Dic
1385 4273 1462 4334 euim
1486 4272 1620 4355 physice,
1644 4274 1694 4336 ubi
1718 4274 1833 4336 videris

474 4362 620 4425 orientem
645 4362 796 4423 flammam
820 4361 885 4421 sine
908 4360 1018 4434 calore,
1044 4360 1093 4440 qui
1118 4369 1167 4421 est
1188 4360 1236 4420 vel
1260 4379 1299 4421 ex
1322 4361 1446 4422 animali
1462 4362 1607 4423 facultate
1630 4363 1678 4423 vel
1703 4363 1774 4424 olim
1793 4363 1832 4424 ab

475 4470 512 4513 ea
533 4450 734 4533 progenitus?
756 4450 814 4512 Dic
833 4457 1004 4528 praeterea,
1028 4467 1117 4529 quam
1141 4449 1299 4510 materiam
1322 4449 1435 4511 videris
1457 4449 1646 4527 inflammari,
1671 4470 1748 4531 quae
1772 4469 1832 4513 non

474 4540 515 4603 sit
543 4559 599 4620 per
631 4538 792 4601 animalem
825 4539 955 4618 aliquam
985 4538 1162 4599 facultatem
1194 4539 1223 4598 in
1253 4538 1318 4617 ejus
1347 4539 1468 4620 proprio
1493 4559 1618 4620 corpore
1646 4540 1770 4619 genita?
1799 4548 1835 4601 ut

474 4631 549 4704 olea,
575 4629 693 4691 resinae
717 4629 770 4689 dre.
806 4627 853 4688 De
877 4627 1081 4689 subterraneis
1105 4647 1141 4689 ne
1166 4626 1235 4706 quid
1268 4626 1446 4707 suspiceris,
1475 4628 1529 4689 illa
1561 4637 1631 4690 suut
1658 4648 1734 4709 opus
1762 4629 1833 4691 aui·

473 4719 560 4781 malis
583 4719 612 4779 in
637 4716 727 4797 globo
751 4716 863 4779 Terrae
887 4716 1058 4791 facultatis,
1092 4716 1284 4777 metallorum
1306 4727 1339 4777 et
1361 4716 1519 4778 fluviorum
1551 4737 1589 4778 ex
1612 4736 1693 4798 aqua
1714 4719 1834 4780 marina

561 4893 589 4964 ⁸)
610 4895 781 4949 Pollucidum
802 4911 900 4963 corpus
920 4894 993 4949 Solis
1014 4900 1108 4947 statum
1129 4892 1183 4945 soli
1204 4910 1272 4947 suae
1291 4894 1422 4964 propriae
1442 4895 1507 4959 luci,
1528 4912 1585 4949 uon
1603 4896 1721 4953 alienis:
1742 4917 1833 4971 neque

473 4976 648 5048 perspicuum
667 4976 729 5028 ideo
748 4975 810 5029 erit
852 4975 924 5030 Nam
943 4991 1032 5044 noque
1058 4984 1164 5027 summa
1190 4974 1315 5029 densitas
1336 4975 1425 5029 risun
1447 4976 1619 5031 tranamttet
1638 4974 1705 5045 (ant
1724 4982 1832 5034 colores

473 5072 564 5112 rernm
584 5058 619 5110 od
640 5049 743 5123 risum)
764 5070 852 5123 neque
873 5055 977 5109 eximia
996 5055 1047 5107 lux
1068 5053 1158 5107 locum
1172 5053 1200 5108 in
1220 5056 1301 5109 oculo
1320 5055 1459 5125 relinquet
1472 5058 1554 5110 rebus
1575 5058 1677 5112 ceteris
1697 5060 1832 5125 ridendis,

473 5154 544 5208 quoe
565 5144 630 5191 sunt
649 5142 715 5205 post
734 5136 827 5188 orbem
846 5134 928 5189 Solis.
1338 5138 1342 5152 '
