4584 6192
1053 643 1056 650 .
1095 589 1177 656 otuu
1196 589 1271 688 m
1333 647 1335 651 .
1790 588 1855 676 743

508 760 577 824 Aut
597 762 677 826 enim
703 770 867 844 sequuntur
893 762 1053 827 ecclesiam
1074 764 1246 829 Romanam
1272 774 1327 831 aut
1347 761 1386 830 ab
1408 786 1446 828 ea
1469 767 1681 831 discesserunt
1727 767 1778 831 Illi
1799 787 1855 830 ex-

510 858 653 931 spectant
665 851 763 914 adhuc
777 852 1009 929 Antichristum,
1024 853 1056 915 hi
1069 855 1195 921 credunt
1213 853 1348 941 Judaeos
1367 855 1465 918 adhuc
1484 856 1718 920 convertendos:
1738 855 1855 940 utrique

507 939 716 1020 probabiliter,
739 941 973 1021 praedicandum
988 943 1188 1023 Evangelium
1210 963 1266 1025 per
1283 953 1379 1008 totum
1394 947 1555 1008 Terrarum
1577 947 1679 1048 qrbem
1702 947 1855 1014 omuibus·
1973 949 1977 958 '

495 1048 568 1110 ,que
598 1028 746 1093 barbaris.
788 1031 909 1093 Neutri
940 1031 1032 1111 igitur
1067 1032 1143 1095 certi
1181 1042 1252 1095 sunt
1283 1034 1467 1116 jamjamque
1503 1033 1663 1098 imminere
1694 1036 1856 1099 adveutum

508 1118 640 1181 Domini
666 1120 783 1202 Itaque
798 1140 857 1183 nou
877 1130 1006 1204 possunt
1019 1121 1097 1183 hauc
1120 1121 1242 1185 stellam
1260 1122 1363 1205 aliqua
1385 1121 1530 1210 peculiari
1547 1123 1665 1187 ratione
1686 1124 1725 1187 ad
1740 1123 1856 1190 Christi

508 1208 677 1271 adventum·
694 1210 932 1272 accommodare·
944 1223 1038 1292 exque
1063 1230 1099 1272 ea
1122 1221 1258 1291 tempora
1281 1212 1468 1275 dinumerare
1492 1220 1650 1294 metasque
1671 1205 1854 1295 praefigere.

508 1317 598 1379 quam
630 1299 788 1362 scientiam
809 1300 894 1363 Deus
924 1298 983 1362 sibi
1012 1300 1218 1378 reservavit,
1233 1297 1358 1365 interim
1381 1321 1440 1365 non
1473 1320 1545 1364 sane
1574 1309 1718 1382 peccant,
1749 1302 1856 1366 sibae

507 1387 602 1449 stella
623 1388 849 1451 commonefacti
878 1388 973 1470 vitam
1003 1389 1175 1452 instaurant
1197 1387 1403 1453 Christianam
1425 1390 1526 1472 itaque
1549 1410 1582 1454 se
1606 1402 1800 1473 comparant,
1822 1399 1857 1455 ut

509 1475 665 1540 Christum
688 1477 880 1539 Dominum
867 1478 1051 1559 jamjamque
1074 1477 1237 1559 excepturi

597 1565 713 1638 Quodsi
736 1566 784 1628 cni
808 1567 929 1629 stellam
951 1568 1030 1648 hanc
1052 1567 1135 1630 lubet
1153 1568 1192 1630 ad
1207 1575 1328 1632 nostras
1342 1567 1568 1648 Europaeorum
1590 1561 1710 1631 trahere
1729 1557 1855 1633 ιιιιιι-

505 1654 625 1718 tiones:
636 1656 792 1759 equidem
813 1658 867 1718 liet
887 1641 1065 1737 capitulatio
1094 1658 1223 1720 omnium
1246 1658 1309 1720 fere
1336 1656 1589 1736 conjecturarum,
1612 1677 1687 1738 quas
1709 1647 1855 1722 hacteuus

506 1744 654 1849 recensui.
699 1746 779 1808 Nam
801 1745 988 1826 Sagittarius
1010 1747 1253 1827 repraesentabit
1274 1746 1433 1810 ecclesiam
1450 1746 1508 1809 Dei
1531 1746 1647 1827 (posito
1670 1746 1750 1828 quod
1771 1749 1855 1820 Deus

505 1834 762 1915 insignificaudo
794 1843 896 1898 utatur
927 1835 1122 1917 conceptibus
1154 1836 1391 1917 astrologorum,
1424 1835 1504 1918 quod
1532 1855 1592 1899 uon
1622 1854 1726 1899 omnes
1753 1844 1856 1899 ιιιιιι

505 1924 675 1987 concedent
696 1943 810 2006 egoque
833 1924 1020 1998 haesitanter
1037 1928 1204 2006 suppono),
1222 1933 1286 1988 tum
1306 1925 1524 2000 astronomica,
1550 1922 1622 2008 quia
1638 1926 1669 1987 ιι
1687 1943 1744 2007 quo
1768 1924 1855 2007 signo

507 2013 741 2093 congrediuntur
763 2013 854 2077 hodie
875 2014 1035 2096 planetae,
1059 2014 1089 2076 in
1112 2031 1149 2077 eo
1172 2017 1258 2094 signo
1282 2014 1401 2078 initium
1424 2024 1473 2077 est
1503 2012 1615 2095 trigoni
1636 2015 1734 2096 ignei,
1766 2034 1855 2100 quam

505 2102 699 2182 astrologice,
723 2103 794 2185 quia
816 2103 1001 2184 Sagittarius
1024 2112 1073 2165 est
1093 2103 1200 2168 domus
1222 2105 1320 2168 Jovis.
1365 2104 1409 2166 Et
1430 2102 1500 2185 quia
1522 2103 1802 2188 conjunctio,Jovis
1825 2113 1856 2166 et

504 2191 618 2255 Martis
642 2192 814 2256 turbulenta
836 2201 885 2256 est
906 2201 939 2268 ιι
961 2193 1053 2256 stella
1079 2194 1170 2274 paulo
1200 2202 1270 2255 ante
1294 2193 1365 2256 illos
1390 2193 1514 2272 junctos
1537 2192 1625 2255 stetit
1654 2193 1753 2276 quoad
1775 2193 1855 2257 diem

504 2289 538 2342 et
560 2281 676 2359 locum;
704 2289 736 2345 et
758 2282 942 2363 Sagittarius
969 2281 1133 2363 triplicitas
1160 2281 1288 2345 habetur
1309 2283 1422 2345 Martis
1445 2288 1477 2343 et
1499 2281 1601 2345 Solis:
1624 2280 1732 2365 'itaque
1754 2281 1854 2366 maxi-
1891 2361 1894 2369 .

501 2388 620 2434 marum
649 2372 873 2434 contentionum
904 2371 1113 2445 novationem,
1146 2379 1178 2434 et
1204 2380 1238 2434 ut
1260 2392 1326 2434 cum
1348 2371 1477 2436 Rusliuo
1500 2370 1607 2453 loquar
1636 2393 1852 2453 maoospopqv,

502 2457 582 2522 forte
605 2468 637 2522 et
658 2480 767 2523 novam
791 2470 914 2535 sectam,
939 2471 973 2524 ut
995 2459 1143 2542 aetiologi
1167 2462 1260 2524 ceteri
1283 2468 1513 2543 suggesserunt,
1537 2459 1706 2541 significat;
1730 2468 1763 2523 et
1784 2459 1855 2544 quia
1929 2542 1931 2546 Ι

501 2549 595 2612 stella
617 2551 771 2613 antecedit
792 2550 862 2612 illos
886 2551 919 2613 in
940 2550 988 2612 die
1010 2557 1043 2611 et
1065 2549 1131 2612 loco
1154 2558 1219 2613 tam
1242 2548 1440 2631 longitudinis
1464 2568 1552 2632 quam
1576 2549 1762 2625 latitudinis,
1784 2550 1852 2614 ideo

501 2638 634 2721 quietem
654 2648 726 2720 post
740 2641 823 2702 rixas
845 2640 1022 2720 pollicetur3
1046 2646 1078 2701 et
1093 2639 1164 2720 qnia
1182 2639 1274 2702 stella
1287 2641 1374 2703 stetit
1392 2657 1485 2720 prope
1505 2639 1586 2702 viam
1608 2639 1724 2718 regiam
1744 2639 1853 2720 plane-

499 2734 610 2806 tarum,
633 2728 665 2790 id
687 2729 785 2792 innuit
806 2728 990 2793 confusionis
1008 2735 1040 2790 et
1057 2729 1288 2791 exorbitationis
1307 2729 1533 2809 abrogationem
1555 2736 1587 2791 et
1607 2727 1721 2791 ordinis
1743 2726 1853 2792 re'duc-

499 2817 631 2898 ιιιιιιιι;
661 2819 742 2900 quod
765 2819 819 2881 alii
842 2819 879 2881 de
901 2819 1001 2881 reditu
1023 2817 1064 2880 ad
1093 2818 1275 2881 catholicam
1306 2818 1483 2907 ecclesiam,
1515 2817 1569 2881 alii
1592 2817 1629 2880 de
1658 2817 1853 2921 simplicitate

500 2907 634 2969 cultuum
664 2908 836 2989 apostolica
864 2908 1022 3011 accipient
1068 2908 1111 2970 Ει
1132 2907 1203 2988 quia
1225 2916 1296 2970 tuuc
1318 2908 1377 2971 fuit
1405 2906 1522 2984 initium
1546 2905 1626 2987 ignei
1649 2906 1779 2998 trigopi,
1802 2907 1853 2991 qni

500 2995 679 3058 nobilitatus
709 3005 758 3059 est
788 2997 957 3079 praecipuis
985 3015 1084 3059 rerum
1116 3004 1269 3075 gestarum
1301 2996 1457 3072 articulis,
1490 3004 1523 3059 ut
1552 2996 1705 3059 creatione
1731 2983 1851 3070 mundi,

499 3084 662 3148 nativitate
693 3086 809 3150 Christi
842 3087 924 3160 (vide
956 3105 1022 3167 cap
1052 3086 1122 3148 VII.
1154 3093 1188 3146 et
1216 3086 1389 3167 Tychonem
1416 3085 1607 3149 Braheum
1598 3106 1630 3148 ιι
1661 3085 1853 3149 conclusione

502 3173 665 3256 Progy‘mn.
691 3176 742 3237 iol.
766 3172 863 3252 805),
894 3177 962 3239 ideo
979 3174 1182 3255 ¹significatur
1212 3175 1326 3257 aliqua,
1347 3174 1499 3239 revocatio
1522 3176 1562 3237 ad
1588 3174 1738 3257 principia
1761 3172 1852 3244 Chri-

503 3263 682 3348 stianitatis.
727 3265 771 3326 Et
792 3267 863 3346 quia
885 3265 975 3328 stella
997 3264 1056 3326 suit
1077 3262 1168 3327 altior
1189 3265 1266 3327 Jov'e
1290 3273 1322 3328 et
1343 3268 1459 3341 Marte,
1485 3273 1606 3327 etcum
1628 3263 1705 3342 illis,
1729 3261 1853 3346 quorum

502 3352 555 3415 ille
576 3372 727 3436 pompam,
751 3356 874 3431 fastum,
897 3354 1126 3426 auctoritatem,
1150 3352 1199 3415 ιιι
1222 3353 1466 3437 inquietudinem,
1490 3373 1623 3435 pugnas,
1646 3350 1747 3431 riorus,¹
1768 3353 1851 3416 sedi-

501 3442 612 3518 tiones,
636 3445 765 3506 lurorem
787 3444 870 3525 vulgi
893 3453 925 3508 et
947 3445 1076 3525 impetus
1099 3443 1277 3506 temerarios
1301 3445 1468 3525 significat:
1494 3444 1560 3506 ideo
1584 3442 1770 3522 significatur
1791 3441 1851 3520 ali-
1923 3510 1927 3519 ,

502 3531 575 3613 quid
596 3531 646 3595 ιιι
669 3533 785 3596 duabus
807 3533 944 3615 partibus
967 3531 1159 3619 ιοιιιιιιιιι,
1196 3532 1239 3594 Et
1261 3533 1332 3616 quia
1353 3535 1444 3598 stella
1466 3552 1526 3597 nou
1548 3531 1606 3594 luit
1621 3550 1687 3594 oum
1702 3532 1850 3612 Saturqo:
1968 3545 1970 3553 ’

500 3621 586 3683 nulla
609 3641 680 3702 ergo
713 3624 848 3687 imminet
877 3623 994 3686 molitio
1024 3629 1133 3685 contra
1155 3639 1205 3684 res
1228 3622 1406 3699 Satumias3
1437 3622 1492 3685 sed
1519 3622 1591 3705 quia
1621 3620 1679 3683 fuit
1705 3640 1771 3684 oum
1798 3620 1852 3684 illo

500 3711 691 3774 consentiens
728 3713 759 3774 in
796 3713 969 3789 latitudine,
1007 3732 1043 3774 ea
1076 3729 1108 3772 re
1150 3709 1346 3774 adumbratur
1384 3711 1470 3774 nobis
1505 3710 1713 3775 Saturniarum
1753 3727 1853 3774 rerum

500 3800 639 3877 victoria,
662 3802 802 3864 nimirum
824 3803 1023 3885 antiquitatis,
1056 3800 1257 3875 constantiae,
1291 3799 1419 3875 consilii,
1448 3798 1636 3881 prudentiae,
1667 3798 1851 3875 severitatis,

500 3889 713 3971 parsimoniae.
766 3892 1000 3955 Restaurabitur
1027 3888 1150 3973 publico
1180 3888 1307 3951 concilio
1338 3889 1500 3970 disciplina
1532 3889 1760 3966 ecclesiastica3
1793 3909 1869 3951 non*

499 3980 713 4061 permittentur
736 3977 864 4062 amplius
888 3982 1117 4044 concionatores
1140 3977 1272 4041 scribere
1294 3978 1491 4060 prognostica
1516 3979 1665 4060 fidemque
1688 3985 1720 4040 et
1742 3978 1851 4040 existi·
1893 4052 1895 4056 ¹

498 4069 664 4132 mationem
694 4071 808 4133 ordinis
830 4072 888 4133 hac
910 4070 1045 4133 vanitate
1076 4065 1279 4144 labefactare3
1310 4066 1517 4131 emendabitur
1546 4067 1695 4143 ecclesia;
1727 4069 1852 4131 tolletur

498 4160 625 4221 libertas
644 4160 788 4239 juvenilis
813 4160 1000 4241 disputandi,
1024 4156 1241 4231 calumniandi;
1265 4156 1465 4220 refrenabitur
1487 4158 1569 4219 furor
1595 4156 1721 4239 populi,
1736 4157 1852 4220 valebit

498 4248 711 4330 ἀριστοκραιια
727 4250 940 4331 collegiorum
956 4248 1141 4313 coercebitur
1156 4264 1276 4327 pompa,
1292 4247 1390 4322 luxus,
1407 4246 1546 4329 superbia
1560 4269 1621 4310 roo
1631 4268 1850 4330 μοναρχιηιι,

498 4340 581 4422 quod
603 4348 635 4401 et
655 4339 793 4403 Braheus
816 4339 868 4401 fol.
893 4337 958 4404 802
982 4359 1020 4401 ex
1043 4355 1099 4403 suo
1122 4334 1214 4397 stella
1237 4336 1379 4399 deduxit:
1404 4336 1435 4398 in
1458 4347 1584 4414 summa,
1606 4336 1741 4400 Jovialia
1764 4343 1852 4400 erunt

497 4428 678 4504 mediocria,
701 4429 859 4492 Martialia
889 4429 1066 4506 deterrima,
1095 4428 1244 4492 Saturnus
1275 4424 1499 4530 praevalebit
1516 4426 1559 4516 ιιι
1586 4426 1656 4509 quia
1686 4425 1743 4489 fuit
1771 4425 1851 4490 idem

498 4518 574 4583 ordo
603 4525 732 4621 quatuor
764 4519 921 4582 stellarum
950 4518 1129 4594 latitudine,
1161 4514 1211 4598 qui
1234 4524 1284 4577 est
1304 4535 1337 4579 ιι
1352 4534 1429 4578 vera
1449 4515 1481 4577 in
1503 4506 1613 4580 mundo
1645 4515 1849 4602 sphaerarum,

497 4608 569 4672 ideo
592 4599 708 4689 sper'ari
730 4617 833 4690 potest
856 4608 1025 4672 emendatio
1057 4607 1188 4672 maxime
1220 4613 1424 4668 consentanea
1447 4623 1545 4668 rerum
1568 4612 1703 4668 naturae.
1747 4597 1853 4689 Atque.

462 4728 472 4747 ·
498 4698 575 4760 haec
598 4704 647 4760 est
676 4697 731 4759 illa
760 4698 947 4762 clarissimae
970 4707 1001 4761 et
1011 4693 1279 4780 flagrantissimae
1311 4693 1420 4758 stellae
1452 4693 1621 4758 amoenitas
1645 4694 1683 4756 ab
1713 4693 1849 4778 omuibus
1965 4751 1967 4756 .

497 4788 617 4869 passim
638 4789 863 4850 commendata:
888 4788 946 4851 uisi
970 4788 1049 4891 quod
1070 4788 1161 4869 paulo
1177 4783 1246 4864 plus
1268 4783 1401 4860 ruboris,
1426 4803 1493 4845 cum
1516 4789 1600 4847 esset
1620 4777 1770 4859 ιιιιιιιι,Ι
1774 4802 1849 4867 prae

498 4896 535 4941 se
557 4878 646 4941 tulit:
671 4876 749 4939 unde
772 4878 934 4959 conjicias,
962 4875 1050 4942 initia
1072 4876 1123 4960 ad
1134 4880 1237 4937 tantos
1260 4891 1420 4935 successus
1443 4871 1592 4951 difficilia,
1622 4871 1795 4937 turbulenta
1817 4881 1850 4936 et

499 4968 646 5048 sangnine
668 4975 833 5048 purpurata
856 4968 971 5042 futura,
995 4968 1085 5029 linem
1106 4981 1178 5029 vero
1200 4960 1366 5046 pulchrum.
1411 4960 1559 5040 Nimirum
1582 4962 1626 5025 sic
1649 4961 1742 5050 etiam
1764 4961 1849 5028 illam

498 5057 621 5120 stellam
643 5055 714 5120 anni
739 5055 831 5122 1572.
855 5056 1046 5139 interpretati
1077 5064 1146 5119 sunt
1168 5051 1319 5128 nonnulli:
1353 5050 1603 5118 incensam‘esse.
1618 5071 1729 5115 novam
1751 5051 1848 5116 lucem

497 5146 531 5210 iu
554 5165 640 5228 spem
658 5146 791 5229 piomm,
822 5146 871 5230 qui
892 5146 1009 5229 passim
1035 5143 1174 5209 maximis
1206 5139 1431 5205 calamitatibus
1460 5140 1655 5216 circumventi
1675 5139 1846 5236 gemebant
