4584 6192
468 585 535 672 462
896 588 998 640 mmm
1016 587 1120 653 mnes
1137 587 1289 665 'limiti‘
1306 592 1408 649 Μ

469 767 602 836 perspioilli
630 768 722 832 primus
749 764 823 814 inerit
851 769 954 815 auctor:
982 764 1046 829 quod
1071 764 1123 826 ipse
1140 778 1191 813 non
1214 764 1305 828 primus
1323 764 1348 812 in
1366 762 1442 814 Luna
1467 767 1670 818 animadverterit
1694 769 1836 834 impolitam

470 839 641 904 superficiem:
671 836 739 902 qnod
754 851 803 884 non
823 836 913 898 primus
940 835 1032 886 mundo
1051 835 1175 895 ostendat,
1195 835 1276 899 plnres
1293 834 1319 882 iu
1339 835 1406 885 coelo
1425 836 1518 892 stelles,
1537 853 1611 903 quam
1629 854 1691 904 quas
1708 840 1834 892 hactenns

469 912 495 960 in
516 918 627 960 veterum
645 910 742 972 scriptis
761 913 895 956 annotatas
907 907 1043 957 habemns:
1063 912 1088 955 et
1106 921 1171 970 qnae
1190 912 1275 955 cetera
1286 912 1352 955 sunt.
1384 906 1413 955 ln
1426 922 1477 972 qua
1495 909 1669 960 dissertatione
1682 926 1725 973 pro
1738 910 1830 963 hones-

470 983 570 1032 tissirna
587 983 663 1030 etiarn
681 980 731 1028 mei
748 978 818 1028 facts
837 980 961 1028 mentione
979 979 1024 1026 tibi
1042 992 1125 1026 rursm
1147 978 1242 1041 gratias
1261 990 1323 1041 ago,
1341 992 1391 1026 non
1410 993 1472 1041 quas
1491 980 1569 1031 debeo
1588 982 1632 1030 sed
1651 995 1714 1046 quas
1732 996 1833 1045 possum

469 1054 601 1104 maximas.
639 1051 722 1100 Unum
740 1050 852 1098 restabat
870 1063 917 1112 quo
937 1050 1018 1099 adhue
1037 1049 1147 1098 exultare
1165 1050 1261 1111 potuit:
1282 1048 1397 1097 videlicet
1415 1051 1551 1100 observatio
1569 1051 1654 1115 ipsah
1672 1053 1833 1115 planetam

469 1138 587 1176 nouorum
606 1124 673 1172 eirea
690 1122 786 1170 dorem.
811 1120 884 1169 Hanc
904 1121 999 1170 claram
1012 1121 1058 1183 ipsi
1076 1126 1214 1169 exterorum
1233 1134 1304 1167 uerno
1318 1135 1348 1168 ex
1365 1122 1479 1170 manibus
1498 1129 1641 1187 extorquere
1659 1130 1753 1187 potest,
1773 1127 1834 1189 qnia

467 1193 509 1244 hie
527 1193 596 1243 nulla
614 1193 699 1242 valent
716 1197 865 1255 argumenta
882 1191 1031 1255 theologica,
1049 1190 1226 1254 philosophica,
1244 1192 1424 1247 astronomica,
1444 1194 1533 1256 optica
1572 1194 1611 1243 Ea
1629 1196 1713 1244 omnia
1731 1203 1832 1260 poterat

469 1264 577 1314 eludare.
613 1263 680 1314 Nam
699 1262 724 1312 S.
740 1261 867 1324 Scriptura
885 1278 1012 1312 nnmerum
1031 1263 1187 1324 planetarum
1205 1262 1275 1309 uobis
1289 1276 1337 1309 uon
1357 1261 1470 1323 prodidit,
1489 1266 1547 1328 quin
1566 1266 1648 1327 potius
1663 1265 1710 1315 Dei
1728 1268 1830 1331 sapien-

469 1338 532 1386 tiam
550 1341 576 1384 et
593 1335 731 1399 potentiam
749 1335 895 1382 immensam
913 1334 1048 1396 praedicat,
1069 1335 1138 1393 cujns
1158 1347 1227 1381 mens
1246 1339 1331 1380 nostra
1349 1347 1429 1395 capax
1447 1349 1496 1383 nou
1515 1338 1555 1383 sit.
1581 1336 1742 1399 Philosophia
1759 1337 1831 1388 nobis

468 1407 582 1471 perfecte
601 1407 702 1471 cognita
720 1419 769 1454 non
789 1411 843 1461 est,
868 1405 913 1454 sed
931 1418 1075 1467 quocunque
1094 1405 1119 1451 iu
1139 1418 1170 1451 ea
1188 1418 1232 1451 nos
1252 1405 1431 1460 convertimus,
1456 1405 1566 1455 ridemus
1588 1409 1659 1457 nobis
1678 1422 1709 1457 ex
1726 1409 1831 1459 infinitis

468 1478 580 1542 paucula
607 1491 662 1526 esse
689 1482 766 1524 nota:
796 1482 821 1523 et
843 1478 952 1540 quotidie
971 1476 1041 1538 plura
1065 1476 1181 1530 inveniri,
1210 1489 1274 1538 qnae
1293 1480 1370 1523 anteo
1398 1484 1470 1524 eraut
1497 1478 1632 1541 incognita
1671 1478 1832 1532 Mathemata

469 1562 544 1613 quam
563 1549 614 1596 siut
632 1547 780 1595 inexhausta
798 1548 852 1609 quis
878 1546 1109 1596 mathematicorum
1128 1543 1247 1609 ignorat?
1277 1547 1477 1595 Astrouomornm
1502 1547 1582 1597 nullus
1605 1548 1728 1598 haetenus
1747 1550 1793 1599 hos
1814 1550 1830 1599 t

468 1619 583 1683 planetas
609 1619 685 1666 norit.
724 1620 758 1666 At
786 1617 880 1666 diceret
898 1618 1041 1667 Galilaens:
1071 1618 1260 1664 instrumentum
1287 1615 1334 1663 boc
1362 1629 1404 1665 eos
1433 1618 1576 1667 observandi
1602 1634 1652 1668 non
1679 1619 1830 1672 habuerunt.

469 1689 536 1750 Qud
555 1689 586 1739 de
604 1687 711 1752 opticis'l
732 1686 853 1750 Quicquid
873 1689 937 1737 alins
955 1689 1117 1750 opposuisset,
1137 1689 1234 1736 etamsi
1246 1687 1319 1751 longe
1337 1688 1469 1749 perfectius
1488 1690 1636 1739 coniecisset
1653 1692 1829 1755 perspieillnm,

468 1760 562 1812 uallum
580 1766 666 1809 tamen
685 1774 729 1809 suo
748 1766 908 1821 praestasset.
947 1758 1106 1823 Horologium
1134 1774 1206 1807 suum
1225 1758 1287 1807 adeo
1316 1767 1460 1808 accuratum
1485 1774 1538 1809 esse
1566 1761 1710 1824 praedicat,
1740 1771 1770 1814 ue
1787 1763 1831 1814 Sol

469 1832 542 1882 citius
561 1846 643 1880 errare
671 1832 747 1893 possit
774 1844 848 1893 quam
875 1831 934 1879 illud
960 1832 1017 1879 vitio
1044 1830 1166 1880 laborare.
1203 1829 1296 1878 Verum
1314 1829 1355 1877 hic
1373 1828 1409 1878 M.
1428 1831 1514 1893 Horlry
1532 1846 1577 1880 nos
1594 1832 1643 1881 hac
1662 1834 1831 1886 sollicitudine

468 1901 567 1958 liberat,
587 1902 628 1966 qui
647 1899 817 1963 deceptionem
836 1902 901 1950 risus
924 1900 1149 1956 animadverterat,
1168 1915 1217 1948 non
1236 1901 1260 1947 in
1281 1899 1330 1947 alio
1349 1900 1430 1957 simili,
1449 1902 1537 1950 sedin
1556 1903 1631 1965 ipsius
1646 1904 1754 1954 Galilaei
1772 1921 1828 1970 per·

468 1972 572 2037 spicillo,
592 1973 719 2036 ipsumque
739 1978 866 2021 auctorem
884 1987 928 2021 auo
943 1973 1038 2035 proprio
1058 1971 1140 2035 gladio
1153 1973 1188 2019 sic
1204 1970 1335 2034 jugularit,
1355 1979 1383 2018 ut
1401 1986 1456 2019 oum
1476 1979 1552 2022 antea
1570 1974 1722 2037 exemplaria
1735 1974 1831 2027 Siderei

467 2042 561 2094 Naum
578 2043 658 2092 mults
675 2044 768 2105 passim
786 2044 811 2090 in
830 2043 904 2092 Italia
922 2048 1050 2101 extarent,
1074 2056 1141 2090 nunc
1169 2042 1261 2090 nullum
1280 2040 1384 2103 amplias
1403 2040 1479 2103 (sicut
1503 2041 1589 2104 refert)
1618 2052 1714 2107 prestet
1731 2047 1828 2097 renale

469 2113 564 2166 Idcirco
588 2116 664 2177 ipsius
682 2113 785 2163 Martini
810 2116 928 2178 scriptum
947 2111 1218 2176 („Peregrinationem“
1238 2111 1357 2173 inscribit)
1370 2114 1429 2162 mihi
1448 2114 1607 2165 vehementer
1623 2116 1726 2179 placem
1744 2118 1831 2183 loquor

470 2192 556 2236 autem
575 2185 606 2235 de
623 2186 663 2243 iis,
682 2187 789 2250 quaein
808 2200 837 2235 eo
856 2185 950 2249 proprie
970 2185 1002 2232 ad
1021 2200 1071 2233 rem
1090 2185 1199 2241 iaciunt,
1220 2192 1304 2235 cetera
1323 2185 1396 2241 enim,
1416 2187 1524 2248 quaein
1543 2201 1572 2235 eo
1590 2202 1641 2236 non
1659 2202 1744 2250 panca
1761 2195 1829 2248 sunt,

472 2256 547 2321 plane
567 2256 658 2305 omissa
676 2262 795 2320 optarem.
832 2254 888 2305 Non
908 2256 974 2304 ehim
992 2255 1090 2312 dubito,
1114 2255 1173 2318 qniu
1193 2255 1225 2303 ad
1243 2254 1287 2303 illa
1305 2263 1390 2304 cetera
1408 2256 1521 2305 Galliaco
1540 2257 1704 2321 respondendi
1722 2261 1829 2311 matema

468 2341 520 2377 nou
539 2328 572 2376 sit
589 2326 718 2382 delatura,
739 2327 802 2376 adeo
820 2333 849 2375 nt
866 2333 965 2391 proptor
982 2328 1078 2389 copiam
1107 2340 1190 2374 eorum
1218 2324 1378 2388 principalem
1406 2328 1555 2390 quaestionis
1573 2334 1668 2378 statum
1685 2330 1720 2379 sit
1737 2344 1829 2396 magno

467 2398 567 2450 silentio
586 2400 772 2460 praeteriturus.
810 2397 860 2448 Sed
879 2398 931 2448 dies
951 2398 1019 2447 dabit
1036 2396 1094 2461 qnid
1119 2411 1278 2460 responsurus
1296 2397 1335 2444 sit
1372 2396 1466 2446 Verum
1490 2414 1561 2461 spero
1579 2406 1605 2449 te
1623 2414 1721 2466 quoque
1740 2408 1830 2452 eontra

468 2483 528 2520 eum
546 2477 641 2518 mutum
659 2484 709 2518 nou
728 2469 843 2518 laturum.
864 2494 897 2505 —

560 2557 690 2608 Mittentes
709 2557 829 2607 llorlrium
847 2570 930 2622 panna
948 2569 1012 2620 quae
1030 2555 1061 2604 de
1079 2555 1155 2617 ipsius
1174 2556 1226 2604 rita
1244 2557 1404 2604 innotuerunt
1422 2556 1543 2605 addimus.
1580 2555 1681 2607 Relicta
1699 2558 1785 2624 Praga
1801 2561 1829 2610 in

466 2630 574 2692 patriam
601 2629 686 2677 urbem
704 2628 834 2679 Loohoniz
862 2628 961 2677 transiit
987 2628 1068 2690 ibique
1094 2627 1234 2675 medicinae
1263 2640 1362 2690 operam
1382 2627 1466 2676 dabat.
1503 2627 1551 2677 Per
1575 2641 1654 2676 annos
1674 2627 1825 2680 sort-lt.

469 2698 682 2761 Constantinopoli
701 2700 853 2756 versabatur,
872 2699 956 2762 legato
973 2697 1128 2760 Imperatoris
1148 2697 1287 2759 adjunctus.
1325 2695 1398 2746 Circa
1417 2712 1508 2747 anunm
1523 2694 1600 2757 1619,
1620 2699 1746 2750 immixtus
1764 2702 1827 2753 rorte

467 2769 545 2818 turbis
564 2769 594 2818 ob
612 2768 686 2817 iidem
705 2771 803 2830 coortis,
822 2768 971 2819 eBohemia
988 2768 1110 2832 expulsus,
1130 2770 1222 2831 passim
1234 2782 1278 2831 per
1291 2769 1449 2818 Germaniam
1468 2770 1614 2834 vagabatur,
1635 2772 1709 2819 anuis
1722 2772 1828 2838 deniqne

470 2836 547 2890 1032.
568 2845 594 2889 et
613 2836 656 2888 3³.
674 2840 812 2906 Hamburgi
830 2841 914 2889 sedem
932 2841 1013 2889 fixisse
1031 2840 1128 2889 ridetur
1144 2839 1293 2889 medicinam
1312 2854 1430 2891 exercens
1448 2847 1474 2889 et
1491 2842 1650 2905 prognostica
1668 2842 1755 2894 edens.

557 2928 732 2979 Galilaeae
760 2930 914 2979 inventiones
933 2943 999 2988 suas,
1027 2929 1064 2977 nti
1083 2929 1195 2983 diximus,
1223 2942 1285 2991 quas
1303 2934 1359 2990 post
1383 2928 1475 2977 editrrm
1495 2928 1652 2985 ,Nunnium“
1672 2945 1828 2993 perannum

469 2995 546 3047 1610.
566 3001 764 3064 persequebatur,
784 3000 891 3067 Pragam
913 3002 1032 3050 nunciare
1050 3001 1130 3064 pergit
1156 3014 1247 3063 easque
1265 3001 1357 3062 primo,
1385 3000 1438 3063 ipse
1457 3000 1544 3049 dubius
1563 3000 1824 3069 confirmationemque

468 3077 617 3136 exspectans
637 3072 776 3135 repetendis
796 3072 1018 3131 observationibus,
1037 3086 1083 3120 uec
1102 3086 1151 3119 nou
1171 3070 1279 3120 aemulos
1299 3077 1325 3119 et
1343 3071 1521 3120 obtrectatores
1546 3079 1721 3134 praevertens,
1748 3075 1827 3140 griphi

467 3141 547 3190 roma
564 3143 709 3191 transmisit.
735 3143 858 3206 Keplems
871 3143 897 3192 in
911 3140 1092 3201 ,Narratioue“
1107 3142 1190 3198 refert,
1210 3142 1301 3191 trustra
1318 3155 1345 3189 se
1364 3155 1464 3205 operam
1483 3143 1646 3192 consumsisse
1659 3145 1685 3192 iu
1703 3144 1827 3196 solvendis

466 3211 516 3262 illis
531 3212 633 3278 griphis,
652 3228 704 3263 rem
722 3216 801 3276 ipsam
819 3229 875 3263 vero
893 3213 991 3278 propius
1010 3213 1063 3261 adit
1081 3213 1106 3261 in
1129 3212 1284 3276 praelatione
1307 3226 1354 3262 sua
1372 3211 1404 3262 ad
1425 3212 1620 3275 ,Dioptricam“.
1659 3213 1733 3274 Quae
1751 3232 1826 3282 quum

465 3285 565 3348 propius
574 3290 689 3347 spectent
699 3285 731 3335 ad
741 3286 886 3349 praemissa,
897 3298 983 3349 parum
991 3298 1047 3333 rero
1058 3283 1090 3333 ad
1099 3298 1130 3334 ea
1142 3298 1207 3347 qnae
1220 3283 1318 3333 exhibet
1328 3282 1465 3347 Dioptrioa
1476 3284 1545 3333 illam
1558 3285 1720 3346 praelationis
1730 3294 1828 3351 partem

466 3353 515 3404 hue
533 3355 689 3405 referendam
715 3358 862 3407 censuimus.
900 3356 1000 3404 Litorae
1028 3369 1089 3419 quas
1117 3354 1217 3404 exhibet
1242 3354 1306 3405 haec
1326 3355 1457 3416 praelatio,
1477 3368 1493 3403 a
1512 3354 1623 3404 Galilaeo
1642 3356 1676 3406 ad
1695 3356 1826 3408 Oratorem

466 3422 593 3475 lulianum
611 3426 722 3477 Medicas
750 3429 816 3476 sicut
838 3429 931 3490 priores
949 3425 1039 3475 Italica
1060 3428 1212 3489 perscriptae
1239 3431 1297 3473 suut
1317 3425 1412 3489 lingua,
1439 3439 1529 3488 easque
1547 3425 1671 3489 Koplerus
1689 3428 1782 3479 Latino
1801 3437 1827 3481 et

438 3535 442 3544 .
466 3495 555 3547 ltallco
573 3512 685 3547 sermone
704 3499 830 3562 prodidit;
849 3513 893 3547 nos
912 3512 969 3547 vero
988 3497 1093 3546 Latinas
1111 3504 1210 3546 tantum
1229 3497 1402 3560 imprimendas
1422 3498 1568 3545 curarimus.

556 3595 680 3659 Keplerus
699 3595 764 3647 haee
782 3596 937 3660 praemittit:
987 3587 1094 3648 Annus
1113 3587 1178 3664 jam
1201 3586 1343 3653 vertitur,
1369 3604 1406 3644 ex
1429 3604 1486 3665 quo
1512 3584 1670 3647 Galilaeus
1693 3587 1824 3667 Pragam

468 3676 664 3756 perscripsit,
699 3697 732 3737 se
766 3675 833 3737 novi
867 3675 936 3754 quid
969 3675 998 3735 in
1023 3676 1106 3736 coelo
1136 3681 1257 3753 praeter
1288 3674 1389 3753 priora
1423 3674 1668 3753 deprehendisse.
1714 3676 1757 3738 Et
1789 3696 1825 3738 ue

469 3764 623 3839 existeret,
651 3766 699 3845 qui
724 3762 953 3826 obtrectationis
978 3764 1078 3824 studio
1102 3765 1230 3841 priorem
1255 3782 1288 3823 se
1313 3769 1515 3842 spectatorem
1538 3762 1727 3839 venditaret,
1751 3784 1824 3845 spa·

467 3853 540 3916 tium
556 3854 639 3915 dedit
652 3854 839 3933 propalandi,
866 3872 940 3932 qnae
957 3853 1081 3932 quisque
1098 3871 1175 3912 nova
1200 3851 1346 3924 vidisset3
1375 3851 1439 3929 ipse
1463 3851 1581 3914 interim
1606 3870 1692 3914 snum
1715 3853 1824 3916 iuren-

468 3950 531 4004 tum
555 3942 652 4003 literis
678 3942 871 4024 transpositis
896 3942 925 4001 iu
950 3942 1026 4001 hunc
1050 3941 1169 4002 modum
1193 3940 1374 4019 descripsit:

771 4071 1516 4155 Smniemrmilmepoetolenmibnnennptloniros.

557 4189 603 4250 Ex
623 4187 706 4249 hisce
726 4190 822 4252 literis
842 4208 897 4268 ego
920 4208 1040 4251 versum
1064 4189 1177 4250 confeci
1198 4187 1445 4257 semibarbarum,
1470 4204 1557 4266 quem
1571 4185 1823 4251 Narratiunculae

466 4296 552 4339 meae
576 4277 696 4353 inserui,
722 4299 823 4341 mense
847 4277 1019 4358 Septembri
1042 4277 1205 4358 superioris
1228 4277 1316 4339 anni:

584 4402 587 4408 ’
634 4401 753 4466 Salve
787 4402 1047 4466 ambistineum
1080 4400 1306 4479 geminatum
1330 4399 1481 4461 Martia
1511 4399 1647 4480 proles.

556 4508 617 4571 Sed
648 4510 821 4590 longissime
854 4530 873 4569 a
901 4509 1053 4570 sententia
1086 4508 1240 4569 literarum
1270 4506 1422 4579 aberravi;
1460 4506 1532 4566 nihil
1565 4505 1618 4566 illa
1650 4505 1688 4565 de
1722 4506 1824 4568 Marte
1879 4524 1882 4529 ’

466 4597 651 4661 continebat
688 4599 732 4661 Et
751 4618 787 4660 ue
811 4606 841 4659 te
867 4598 960 4659 lector
984 4597 1144 4670 detineam,
1170 4615 1207 4657 ne
1233 4594 1432 4656 detectionem
1456 4594 1555 4673 griphi
1573 4592 1667 4673 ipsius
1691 4591 1823 4657 Galilaei

466 4686 600 4750 auctoris
627 4686 744 4749 verbis:
785 4687 859 4761 „sed
883 4695 916 4747 nt
939 4687 977 4746 ad
1002 4687 1129 4747 alterum
1153 4693 1246 4764 caput
1263 4685 1328 4763 jam
1351 4684 1483 4756 veniam,
1507 4683 1586 4762 quod
1608 4682 1647 4743 D.
1672 4679 1823 4761 Keplenis

465 4774 495 4837 in
523 4776 577 4838 illa
603 4795 659 4837 sua
686 4776 868 4838 Narratione
893 4794 1006 4854 nupera
1028 4774 1109 4856 typis
1133 4774 1268 4836 exhibuit
1291 4773 1414 4846 literas,
1440 4791 1514 4852 quas
1537 4789 1594 4849 ego
1618 4774 1823 4850 transpositas

438 4863 506 4950 'ad
534 4864 648 4926 illustr.
684 4865 722 4925 D.
748 4865 782 4924 T.
814 4864 899 4937 misi;
931 4882 998 4925 cnm
1023 4874 1054 4925 et
1081 4861 1280 4941 significatum
1313 4859 1385 4923 mihi
1409 4860 1469 4935 sit,
1493 4877 1601 4937 cupere
1624 4859 1821 4937 Majestatem
1872 4872 1875 4877 '

467 4948 561 5014 Suam
579 4952 684 5014 doceri
708 4970 827 5014 sensum
850 4952 984 5024 illamm3
1013 4972 1050 5013 en
1082 4950 1166 5012 illum
1195 4950 1233 5010 ad
1260 4951 1305 5011 Ill.
1332 4949 1370 5009 D.
1396 4949 1431 5009 Τ.
1457 4947 1646 5024 transmitto,
1681 4959 1715 5012 nt
1738 4969 1821 5013 oom-

467 5038 599 5103 municet
622 5059 689 5102 eum
712 5059 778 5103 cum
800 5041 842 5101 Μ.
866 5038 900 5102 S.
925 5058 992 5102 cnm
1013 5040 1053 5103 D.
1078 5039 1210 5117 Keplero
1234 5046 1266 5100 et
1289 5056 1415 5118 quocum
1437 5036 1576 5097 voluerit.

555 5129 679 5192 Literae
702 5129 805 5209 itaque
827 5127 907 5203 iuter
928 5146 963 5189 se
985 5137 1138 5192 eonneme
1161 5134 1196 5189 nt
1217 5133 1339 5207 oportet
1359 5125 1418 5188 hoc
1440 5124 1563 5205 dieunt:
