4584 6192
1057 606 1249 673 casnm.
1765 607 1828 677 ser

472 783 609 865 singulos
632 803 758 866 seseque
782 784 866 866 qnasi
891 792 977 847 assat
1001 786 1139 847 adhunc
1168 785 1277 864 ignem.
1325 782 1475 847 Credibile
1500 795 1549 848 est
1574 786 1681 868 igitur,
1704 798 1737 851 et
1760 789 1830 871 pla-

471 881 563 935 netas
587 882 618 934 et
636 874 712 935 lixas
736 893 840 935 omnes
864 893 995 956 quosque
1014 874 1123 935 insuia
1146 875 1240 935 rotari
1264 873 1389 952 spatiis;
1413 892 1450 935 ue
1465 875 1507 936 sit
1529 877 1641 958 aliquid
1665 877 1829 954 inmundo,

471 962 553 1043 quod
576 963 687 1037 centri,
721 962 899 1024 nobilissimi
921 962 1071 1041 corporis,
1105 960 1200 1023 radiis
1232 961 1376 1022 vitalibus
1399 969 1432 1024 et
1453 963 1564 1025 lumine
1587 965 1830 1047 splendidissimo

470 1051 593 1131 penitus
625 1052 769 1131 privetur.
816 1052 895 1114 Nam
929 1052 1007 1130 quod
1037 1052 1075 1111 de
1098 1050 1186 1112 Luna
1219 1050 1274 1112 tibi
1307 1050 1409 1111 forsan
1442 1053 1590 1125 occurrit,
1625 1074 1692 1117 eam
1725 1056 1830 1119 eodem

471 1158 593 1219 semper
615 1141 701 1201 vultu
720 1141 831 1201 Terras
855 1140 1014 1219 respicere,
1040 1141 1109 1200 dum
1129 1139 1239 1201 circum
1259 1157 1324 1199 eam
1349 1140 1581 1219 circumagitur:
1605 1141 1657 1204 iila
1680 1162 1751 1206 vero
1774 1145 1831 1206 hoc

470 1228 539 1309 ipso
563 1228 745 1289 circumactu
769 1247 834 1289 cum
858 1247 915 1289 nou
941 1227 1056 1302 Solem,
1086 1228 1139 1289 sed
1164 1227 1259 1289 solam
1283 1228 1409 1290 Terram
1432 1230 1647 1308 amplectatur,
1677 1232 1738 1294 bac
1757 1232 1827 1313 ipsa

473 1318 645 1379 constantis
669 1318 769 1378 vultus
794 1318 831 1377 ad
856 1317 979 1378 Terram
1004 1317 1144 1377 affixione
1169 1316 1270 1388 efficit,
1294 1324 1328 1376 ut
1347 1313 1419 1378 Sole
1443 1335 1480 1376 ex
1503 1317 1583 1378 omui
1605 1326 1692 1398 parts
1717 1322 1830 1384 mensis

472 1405 561 1468 unius
584 1405 685 1484 spatio
708 1407 840 1478 fruatur3
874 1406 989 1467 eminus
1012 1406 1040 1466 in
1065 1405 1243 1484 plenilunio,
1278 1404 1365 1466 faciei
1388 1414 1475 1485 parte
1499 1426 1518 1466 a
1540 1405 1628 1468 nobis
1658 1410 1829 1489 conspicua,

474 1494 640 1556 comminus
664 1494 693 1555 in
719 1494 878 1563 novilunio,
902 1501 987 1574 parte
1012 1515 1031 1555 a
1054 1494 1140 1555 nobis
1164 1512 1281 1554 aversa.

561 1583 648 1644 Duae
671 1583 743 1643 mihi
766 1591 926 1644 occurrunt
958 1582 1159 1662 objectiones,
1190 1581 1300 1661 prima,
1334 1582 1412 1662 quod
1441 1581 1513 1643 nihil
1537 1582 1576 1643 ad
1599 1583 1675 1643 fixas
1699 1584 1829 1647 attinere

473 1671 596 1732 videtur
617 1681 796 1749 conspectus
820 1670 919 1745 Solis;
943 1672 1013 1751 quia
1036 1671 1163 1745 dictum,
1195 1679 1291 1731 totam
1315 1668 1438 1730 Saturni
1461 1671 1620 1750 sphaeram
1650 1673 1729 1752 apud
1753 1673 1829 1735 fixas

475 1760 530 1820 vix
553 1777 699 1837 occupare
724 1760 811 1820 trium
837 1760 1017 1821 minutorum
1037 1761 1189 1839 angulum.
1226 1757 1279 1820 Sol
1301 1757 1401 1837 igitur,
1427 1759 1476 1840 qui
1491 1760 1637 1821 tantulam
1660 1761 1830 1840 portionem

470 1848 592 1910 obtinet
614 1849 651 1908 de
676 1848 753 1908 coeli
777 1847 910 1909 Saturuii
944 1848 1106 1922 diametro,
1137 1866 1230 1928 penes
1263 1847 1338 1907 fixas
1366 1848 1485 1908 omniuo
1517 1858 1699 1911 evanescet:
1733 1849 1829 1912 minor

472 1936 553 1998 enim
577 1956 664 2017 quam
689 1936 956 2015 septingentesima
975 1956 1046 2016 pars
1060 1936 1147 1998 unius
1163 1935 1267 2001 minuti
1292 1934 1475 2014 apparebit?
1497 1936 1617 2012 Altera,
1642 1938 1721 2019 quod
1745 1939 1826 2000 scin-

470 2024 642 2087 tillationes
665 2025 774 2105 oppido
798 2026 912 2086 celeres
935 2035 1024 2087 suut:
1048 2025 1154 2086 mirum
1178 2025 1277 2104 igitur,
1303 2024 1408 2085 sitam
1431 2032 1521 2086 vasta
1544 2044 1679 2105 corpora,
1704 2045 1829 2107 quorum

472 2113 576 2194 aliqua
599 2124 744 2193 superant
768 2112 891 2175 Saturni
915 2115 1039 2189 coelum,
1065 2121 1288 2175 convertuntur.

564 2202 705 2276 Primum,
731 2202 890 2263 simultas
914 2203 1026 2264 habent
1049 2211 1154 2281 partes
1178 2201 1331 2281 ejusmodi,
1357 2201 1462 2280 quales
1481 2200 1609 2262 diximus
1633 2203 1828 2266 scintillatio·

471 2291 561 2353 nibus
584 2300 618 2352 et
639 2292 789 2353 coloribus
818 2292 950 2365 servire3
984 2291 1062 2371 quod
1096 2292 1214 2369 quidem
1248 2309 1313 2350 eum
1337 2295 1393 2369 par
1422 2300 1470 2351 est
1502 2292 1666 2352 concedere
1690 2293 1741 2364 (eo
1764 2292 1830 2373 ipso

474 2379 555 2461 quod
578 2397 705 2458 corpora
727 2388 798 2440 suut
820 2380 984 2459 iugentia),
1015 2380 1063 2459 qui
1088 2380 1125 2440 de
1148 2387 1249 2440 cetero
1278 2397 1400 2440 causam
1424 2379 1501 2440 hauc
1524 2379 1651 2458 recipit;
1679 2381 1745 2459 jam
1770 2402 1828 2444 nou

470 2477 523 2530 est
544 2486 680 2541 necesse,
705 2476 740 2529 ut
763 2468 881 2547 quoties
905 2488 964 2529 una
988 2468 1097 2529 emicat
1120 2468 1307 2540 scintillatio,
1333 2467 1424 2528 toties
1448 2486 1506 2528 una
1529 2468 1648 2545 integra
1671 2470 1713 2531 sit
1735 2471 1829 2533 abso-

471 2559 537 2619 luta
560 2557 691 2630 rotatio;
721 2557 775 2617 sed
799 2565 832 2618 ut
854 2566 922 2618 rota
945 2558 1055 2619 multos
1080 2558 1198 2625 claros,
1231 2556 1275 2616 sic
1298 2556 1373 2617 haec
1401 2572 1527 2634 corpora
1557 2557 1667 2618 multos
1691 2559 1828 2638 angulos,

471 2646 568 2708 multa
591 2645 709 2724 fulgura
733 2645 821 2707 unica
843 2646 994 2708 rotatione
1013 2665 1151 2708 exserere
1171 2645 1339 2706 credentur.
1377 2643 1420 2705 Et
1436 2644 1505 2724 qnid
1522 2644 1548 2704 si
1572 2644 1691 2706 omniuo
1714 2647 1828 2709 celeres

470 2735 536 2795 siut
559 2734 608 2795 isti
639 2742 773 2808 rotatus,
807 2735 836 2795 in
860 2735 1136 2815 compensationem
1169 2743 1298 2811 negatae
1328 2733 1403 2811 ipsis
1433 2733 1605 2795 tralationis
1628 2733 1658 2795 in
1689 2735 1826 2810 solidum,

470 2832 525 2884 aut
548 2822 586 2884 ob
609 2822 666 2883 hoc
691 2824 799 2901 ipsum,
834 2824 912 2903 quod
945 2825 1042 2885 lumen
1067 2821 1148 2884 Solis
1181 2823 1260 2901 apud
1294 2822 1377 2901 ipsas
1401 2830 1463 2881 tam
1496 2820 1620 2882 debile?
1656 2823 1725 2885 Non
1749 2824 1829 2887 enim

469 2911 627 2972 evanescit
658 2910 712 2973 Sol
745 2912 801 2990 ipsi
834 2931 931 2973 rernm
965 2920 1091 2972 naturae
1125 2911 1268 2972 redactus
1304 2910 1342 2970 ad
1375 2909 1672 2988 septingentesimam
1712 2912 1826 2988 minuti,

469 3000 542 3081 qnia
564 3000 642 3060 forte
666 3008 696 3061 et
711 3000 828 3060 omnino
852 3001 970 3079 quidem
994 3000 1105 3061 nostris
1128 2999 1223 3060 oculis
1237 2998 1299 3059 illic
1323 2998 1497 3059 constitutis
1520 3008 1729 3062 evanesceret
1761 3002 1827 3064 Nec

469 3088 549 3149 enirn
573 3106 699 3167 aequum
714 3095 771 3160 est,
797 3097 902 3151 nostra
924 3090 1008 3150 visus
1031 3088 1212 3149 hebetudine
1231 3085 1290 3147 vim
1307 3086 1467 3148 aestimare
1486 3095 1518 3147 et
1532 3106 1656 3150 acumen
1680 3097 1824 3165 naturaa;

470 3176 719 3258 quemadmodum
735 3195 830 3256 neque
845 3187 1014 3239 nostrorum
1037 3177 1279 3256 corpusculorum
1298 3183 1452 3237 contemta
1465 3176 1597 3238 exilitas.
1610 3178 1827 3257 praejudicium

471 3273 558 3328 creat
581 3265 610 3325 iu'
626 3266 819 3344 agnoscenda
841 3268 992 3328 coelorum
1016 3265 1221 3345 amplitudine.
1260 3262 1294 3325 Si
1318 3273 1382 3325 tam
1396 3270 1446 3326 est
1461 3273 1570 3344 potens
1583 3264 1667 3328 Deus
1689 3268 1718 3329 in
1738 3267 1826 3345 mole,

468 3363 504 3417 ut
528 3372 620 3433 supra
643 3354 858 3433 expendimus:
882 3356 951 3434 quiu
976 3354 1068 3434 igitur
1091 3361 1200 3416 ettam
1224 3361 1331 3415 acutus
1347 3361 1437 3433 atque
1461 3353 1580 3415 subtilis
1594 3355 1686 3417 estin
1701 3356 1826 3438 dispen-

469 3443 567 3504 sando
591 3441 672 3504 Solis
696 3443 816 3505 lumine.
864 3442 986 3514 Quaeso
1011 3452 1041 3504 te
1065 3444 1173 3517 lector,
1200 3451 1234 3503 nt
1256 3441 1327 3504 mihi
1352 3442 1520 3518 condones,
1545 3441 1571 3503 si
1594 3444 1725 3507 minutus
1749 3463 1825 3515 sum,

469 3532 709 3610 argumentando
734 3533 770 3592 de
785 3551 827 3601 re,
852 3534 995 3613 adquam
1020 3551 1111 3612 supra
1133 3530 1236 3593 vidisti
1260 3550 1314 3592 nos
1330 3530 1465 3592 homines
1489 3540 1682 3612 nostrumque
1704 3535 1827 3613 globum

468 3619 610 3701 globique
634 3622 750 3682 coelum
774 3621 907 3703 adeoque
932 3631 964 3683 et
986 3622 1066 3683 iilius
1091 3620 1167 3681 coeli
1195 3621 1351 3699 decuplum
1376 3638 1444 3679 esse
1466 3620 1556 3698 plane
1585 3620 1825 3687 minutissimum.

469 3709 597 3770 Maneat
621 3717 721 3770 autem
745 3727 799 3770 suo
823 3713 888 3773 loco
912 3712 986 3773 baec
1017 3708 1241 3771 scintillationis
1265 3728 1370 3781 cansa,
1403 3708 1526 3770 rotatio.
1574 3708 1740 3771 Videamus
1759 3711 1826 3790 jam

467 3797 603 3877 reliquas
626 3796 785 3877 Scaligeri.

559 3885 726 3948 Verissime
750 3886 825 3947 dicit
847 3885 976 3946 secundo
1002 3886 1077 3960 ioco,
1103 3884 1292 3947 debilitatem
1316 3883 1436 3946 luminis
1461 3883 1582 3945 obstare
1606 3886 1826 3965 scintillationi‚

468 3995 559 4056 qnam
582 3975 763 4055 interpretor
790 3974 1010 4036 hebetudinem.
1058 3972 1193 4037 Claritas
1221 3991 1292 4052 ergo
1316 3983 1347 4034 et
1370 3972 1486 4053 puritas
1516 3973 1634 4035 luminis
1658 3994 1677 4034 a
1699 3979 1828 4040 materia

468 4065 621 4127 defaecati
644 4065 801 4143 plurimum
825 4062 1069 4125 scintillatiouem
1093 4062 1260 4142 adjuvabit.
1303 4061 1422 4142 Utique.
1460 4062 1540 4125 Nam
1564 4063 1634 4143 quia
1657 4064 1753 4126 lumen
1778 4077 1827 4129 est

468 4154 554 4231 origo
578 4153 793 4227 scintillarum,
827 4171 883 4231 quo
908 4151 1010 4229 purius
1034 4171 1106 4231 ergo
1135 4153 1248 4223 lumen,
1284 4151 1340 4211 hoc
1370 4150 1538 4231 expeditior
1561 4160 1610 4213 est
1637 4153 1825 4219 scintillatio.
1876 4203 1882 4214 .

466 4242 637 4320 Propterea
660 4242 848 4320 planetamm
871 4240 1006 4301 valentia
1033 4241 1152 4322 quidem
1181 4248 1249 4301 aunt
1274 4239 1387 4300 lumina
1409 4248 1441 4301 et
1463 4238 1629 4316 evidentis,
1662 4243 1765 4324 utique
1788 4246 1826 4307 ob

451 4330 736 4412 propinquitatem,
761 4330 815 4391 sed
838 4328 971 4411 pinguia,
995 4330 1099 4409 piena,
1124 4330 1314 4408 corpulenta,
1339 4330 1475 4390 colorata
1497 4330 1641 4392 multum:
1677 4339 1766 4412 atque
1789 4351 1828 4395 ea

466 4419 570 4482 miuus
592 4419 776 4482 scintillant:
801 4419 926 4480 lixarum
949 4436 1021 4480 vero
1044 4418 1142 4499 magis
1167 4436 1274 4497 aquea,
1298 4418 1397 4485 exilia,
1421 4424 1520 4489 acuta,
1544 4417 1652 4494 vitrea,
1677 4421 1827 4499 pellucido

466 4527 524 4572 seu
547 4499 654 4570 diluta.
701 4509 803 4588 Atque
826 4508 901 4569 haec
924 4526 1016 4570 cansa
1040 4515 1102 4584 est,
1135 4515 1274 4568 curtam
1305 4506 1412 4585 rapida
1442 4505 1532 4567 tuerit
1556 4506 1585 4568 iu
1614 4518 1721 4569 nostra
1746 4527 1827 4571 nova

466 4596 563 4659 stella
584 4596 771 4659 scintillatio.
818 4597 897 4659 Nam
921 4596 993 4658 nihil
1027 4595 1143 4677 purius,
1175 4596 1247 4657 nihil
1271 4594 1398 4669 clarius,
1431 4594 1503 4655 nihil
1528 4595 1683 4657 amoenius
1716 4596 1826 4659 eximio

467 4686 522 4748 illo
546 4684 656 4746 lumine
680 4705 748 4747 esse
773 4694 827 4748 aut
848 4684 919 4764 fingi
942 4687 1050 4765 potnit.

558 4772 703 4854 Sequitur
734 4774 963 4853 magnitudo,
998 4792 1074 4855 quaa
1103 4771 1260 4852 Scaligero
1291 4770 1388 4851 primo
1421 4771 1486 4831 loco
1518 4773 1649 4851 ponitur.
1695 4772 1827 4840 Rursum

467 4870 572 4926 autem
595 4862 669 4923 uibil
698 4863 873 4942 magnitudo
903 4872 1023 4942 posset,
1055 4862 1080 4922 si
1108 4861 1206 4922 lumen
1240 4861 1372 4921 abesset.
1418 4859 1503 4921 Haec
1532 4861 1622 4938 igitur
1654 4862 1760 4938 efficit,
1792 4874 1828 4927 ut

467 4952 563 5015 stella
592 4952 690 5031 magis
722 4953 765 5014 sit
792 4951 1005 5033 aspectabilis,
1039 4969 1132 5031 quare
1164 4956 1197 5010 et
1224 4948 1291 5028 ejus
1323 4948 1509 5011 scintillatio.
1555 4949 1693 5029 Adjuvat
1722 4951 1826 5034 itaque

466 5047 611 5121 respectu
634 5041 730 5105 nostri
753 5040 847 5115 visua,
870 5041 921 5123 qui
934 5038 1052 5121 maguis
1074 5038 1175 5102 valide
1198 5044 1344 5102 movetur.
1382 5035 1463 5099 Ecce
1486 5057 1588 5100 rursus
1606 5038 1683 5102 hauc
1697 5038 1826 5118 Noram,
