4584 6192
1023 585 1054 635 de
1071 586 1153 656 robus¹
1164 584 1267 649 Optlcls.
1392 622 1394 625 -
1783 589 1826 656 77

466 761 543 812 utcu
560 759 646 825 procul
666 760 749 818 dubio,
767 761 794 811 ld
812 772 951 826 repugnare
975 760 1083 810 omnium
1112 759 1243 810 authorum
1260 759 1451 818 traditionibnsr
1478 762 1566 811 fateor.
1603 766 1652 815 sed
1671 768 1768 816 interm
1787 775 1826 818 ase

466 833 626 891 maumam,
646 839 722 898 atque
740 833 803 883 adeo
822 831 984 882 demonstrari
1001 838 1093 894 potest.
1120 830 1153 880 So
1172 830 1242 880 seiud
1262 832 1301 880 die
1320 833 1502 881 observationes
1521 832 1708 899 chaldaeorum,
1728 853 1824 901 quasa

465 903 609 955 Ptolemaeo
637 911 835 967 praesumuntur,
865 902 956 952 andere
976 902 1106 952 Vrsachen
1125 917 1157 951 zu
1184 902 1364 968 gesehveigen.
1393 903 1456 952 such
1480 904 1566 953 darum
1592 906 1679 964 falech,
1708 910 1762 958 weil
1781 910 1825 959 der

465 973 672 1032 lisbonossarns.
701 975 940 1038 Mardooempados‚
970 971 1123 1035 Cambyses,
1143 972 1235 1021 Darius
1257 971 1311 1034 dtu,
1341 974 1490 1030 damahlen‚
1519 978 1564 1024 wie
1588 992 1618 1026 zu
1638 979 1823 1036 domonstriren‚

466 1045 591 1096 vielleicht
608 1047 646 1095 nit
664 1047 734 1096 mehr
751 1047 777 1094 in
795 1061 876 1094 rernm
895 1051 985 1093 natura
1003 1052 1105 1109 gevest
1131 1043 1214 1092 Wann
1232 1059 1291 1092 man
1303 1059 1354 1093 nun
1368 1046 1412 1093 auf
1422 1045 1462 1094 die
1480 1047 1622 1096 verschieue
1635 1048 1824 1099 Observationes

466 1119 502 1167 nit
519 1114 589 1166 kann
613 1117 742 1173 fondiren,
770 1117 816 1165 vie
834 1116 883 1164 vill
908 1129 965 1164 mun
984 1129 1015 1163 er
1042 1115 1182 1177 praeteritis
1201 1122 1226 1162 et
1254 1117 1423 1177 praesentibus
1451 1118 1663 1168 observationibus
1683 1121 1715 1170 ad
1741 1122 1825 1171 futura

467 1188 640 1253 confingentis
658 1188 834 1238 concludenter
852 1185 1003 1237 interieren?
1423 1223 1428 1232 .

553 1259 600 1309 Ich
618 1260 667 1308 vill
687 1260 742 1309 dem
754 1259 845 1315 Horon,
864 1272 935 1305 wenn
949 1271 975 1306 es
994 1257 1069 1307 dahin
1088 1259 1183 1307 hommt
1201 1256 1251 1305 und
1265 1272 1291 1304 er
1310 1257 1399 1306 dessen
1419 1258 1550 1323 heditrltig‚
1571 1273 1632 1324 geru
1650 1276 1680 1310 ox
1699 1264 1824 1313 autoribus

467 1345 516 1381 vas
534 1329 576 1381 ich
594 1330 646 1379 hah
664 1331 714 1379 und
735 1330 879 1379 behommen
898 1328 974 1386 kann,
995 1329 1194 1377 communioiren.
1234 1326 1283 1376 Sed
1302 1328 1374 1377 erede
1393 1328 1459 1387 mihi,
1489 1343 1515 1377 es
1534 1331 1593 1379 vird
1613 1332 1694 1380 zulezt
1716 1334 1823 1390 heissen.

466 1403 590 1452 incassum
616 1401 797 1450 laboraverunt.
834 1400 911 1448 Danu
939 1399 1006 1447 diese
1033 1400 1156 1448 restitutio
1175 1397 1213 1446 vel
1232 1400 1311 1461 potius
1331 1401 1438 1447 inventio
1458 1404 1599 1462 apparentis
1618 1410 1698 1452 motus
1717 1405 1824 1468 quinque

467 1474 623 1537 planetarum
642 1487 692 1522 non
710 1473 784 1520 unius
803 1472 903 1524 aetatis,
923 1470 1013 1518 nedum
1031 1472 1104 1519 unius
1123 1470 1234 1518 hominis.
1272 1470 1316 1519 Ich
1334 1470 1388 1518 halt
1407 1485 1450 1519 aus
1474 1470 1602 1521 allerhand
1621 1474 1747 1531 Gritnden
1767 1477 1825 1525 dass

467 1545 509 1594 dor
526 1544 633 1593 olchete
652 1543 717 1608 Weg
736 1542 816 1592 dieser
833 1556 894 1604 seyn
913 1541 1005 1597 vitrde.
1035 1555 1108 1590 vanu
1130 1542 1198 1589 einer
1224 1545 1317 1589 motum
1335 1541 1499 1597 luminarium,
1519 1542 1582 1591 Solis
1601 1551 1626 1592 et
1646 1544 1732 1595 Lunae
1751 1548 1823 1596 aller·

469 1630 567 1665 museo
587 1614 638 1663 und
659 1613 757 1663 Gestalt
775 1615 820 1662 vio
840 1628 866 1661 er
881 1615 934 1673 iezt
956 1611 1003 1660 hoc
1019 1620 1102 1660 nostro
1121 1620 1231 1675 tempore
1251 1618 1276 1659 et
1294 1612 1341 1661 hac
1369 1620 1454 1661 aetate
1473 1614 1511 1668 ist,
1532 1617 1670 1670 assumtae,
1690 1616 1823 1666 densolben

471 1685 541 1740 auch.
561 1684 596 1734 da
613 1685 664 1734 ihm
684 1686 721 1733 nit
741 1700 771 1732 zu
789 1691 886 1738 tranen,
906 1698 933 1730 so
946 1681 992 1731 viel
1011 1682 1118 1747 mbglioh
1130 1683 1155 1730 in
1168 1681 1279 1730 mehrere
1298 1683 1469 1731 certitudinem
1483 1698 1512 1731 zu
1532 1683 1634 1750 hringen
1646 1686 1698 1735 sich
1717 1687 1823 1744 buflisse‚

468 1757 515 1806 ond
533 1756 590 1806 weil
608 1757 657 1806 deu
677 1754 894 1805 observationibus
922 1755 1108 1816 praeteritorum
1137 1759 1273 1816 tempomm
1292 1755 1330 1801 nit
1348 1769 1379 1801 ιιι
1406 1761 1503 1809 tranen.
1533 1754 1590 1803 dass
1609 1758 1677 1804 einer
1700 1758 1823 1808 domnach

468 1828 507 1877 die
523 1828 628 1891 oohpsos
647 1842 678 1876 ex
697 1827 838 1876 authoribus
856 1827 896 1873 tur
913 1824 988 1873 Haud
1015 1824 1103 1874 nehmo
1130 1824 1182 1873 und
1205 1824 1244 1871 die
1272 1825 1366 1873 medios
1391 1832 1471 1873 motus
1498 1826 1618 1875 allerseits
1647 1827 1723 1877 dahin
1751 1829 1823 1878 coril-

468 1899 720 1964 magdeburgius,
747 1898 825 1946 damit
842 1896 967 1946 hesolben
986 1896 1071 1944 sulvirt
1088 1896 1186 1944 werden
1205 1896 1330 1944 mtohten.
1368 1895 1428 1944 Was
1447 1897 1507 1944 aber
1524 1897 1564 1945 die
1587 1912 1655 1947 veros
1674 1907 1700 1947 et
1718 1901 1823 1950 visibiles

469 1981 548 2019 motus
568 1970 669 2025 betridb
688 1971 714 2017 in
733 1968 865 2017 denselbon
884 1982 911 2014 so
930 1967 990 2032 lang
1007 1967 1059 2016 und
1077 1966 1132 2022 viel,
1153 1968 1188 2014 bis
1208 1980 1234 2014 es
1254 1966 1293 2015 die
1312 1966 1447 2015 Nothdurtt
1465 1968 1597 2023 erfordert.
1618 1969 1682 2019 auch
1700 1971 1823 2021 mehreres

469 2042 571 2090 alsdann
590 2043 636 2097 nit.
666 2040 702 2088 als
720 2038 788 2088 Noth
807 2041 846 2093 ist,
874 2039 1009 2086 immutiret
1036 2039 1095 2086 oder
1121 2037 1250 2085 innoviret.
1289 2037 1410 2085 Danaes
1438 2037 1529 2086 einmul
1555 2041 1655 2102 genias,
1685 2040 1742 2089 dass
1768 2043 1823 2091 eine

468 2112 563 2176 eclipsis
582 2109 646 2161 Solis
658 2110 697 2158 vel
711 2109 798 2159 Lunae
816 2123 862 2174 gar
880 2108 956 2158 leicht
974 2108 1039 2157 auch
1057 2109 1137 2156 einem
1152 2107 1238 2169 Layen
1251 2107 1431 2156 unfehlbarlich
1443 2123 1474 2156 zu
1487 2109 1621 2167 erheunen,
1635 2111 1685 2159 nod
1699 2112 1728 2160 ob
1742 2112 1823 2177 gleich

468 2183 529 2232 vohl
548 2181 657 2232 anchin
679 2181 820 2231 demselben
839 2181 912 2229 keine
931 2180 1135 2229 circumscribirte
1155 2179 1337 2227 ohservationes
1354 2179 1505 2237 vorhanden‚
1524 2195 1551 2229 so
1570 2181 1636 2229 kann
1650 2181 1713 2231 doch
1726 2182 1824 2233 dassolb

468 2254 545 2303 durch
572 2254 614 2303 dio
632 2252 710 2317 Meug
738 2252 781 2301 der
808 2252 922 2314 Eclipnen
950 2251 1056 2300 berorab
1075 2249 1157 2306 Solis,
1186 2251 1223 2298 nit
1241 2249 1279 2298 als
1297 2250 1337 2299 die
1363 2250 1433 2299 mehr
1451 2251 1481 2300 ob
1504 2251 1556 2299 sich
1581 2251 1670 2311 haben,
1699 2254 1823 2304 leiehtlich

468 2333 546 2376 traezt
562 2325 671 2374 verdon

552 2413 742 2493 Keplerus
779 2425 888 2468 veterum
924 2420 950 2466 in
986 2417 1138 2466 observando
1183 2415 1337 2481 diligentiam
1381 2431 1499 2483 suumque
1543 2421 1692 2483 propositum
1735 2421 1821 2471 desen·

468 2510 526 2560 teuo
553 2509 643 2559 aaut:
681 2501 739 2562 etsi
771 2517 842 2560 vero
876 2500 940 2578 ipse
969 2517 1085 2578 quoque
1117 2496 1207 2558 velim
1248 2496 1383 2557 revidere
1417 2496 1498 2559 Solis
1531 2508 1563 2560 et
1600 2500 1699 2561 Lunae
1732 2502 1820 2564 theo·

468 2590 542 2665 riae,
582 2608 641 2649 oon
677 2588 790 2669 possim
825 2596 927 2649 tamen
964 2586 1029 2647 sine
1065 2606 1182 2648 summa
1215 2584 1345 2645 omnium
1385 2586 1664 2650 mathematicorum
1699 2589 1821 2665 invidia,

471 2679 643 2759 priusquam
667 2678 761 2739 ceteri
786 2686 914 2757 quatuor
937 2676 974 2736 ad
1000 2677 1086 2736 finem
1112 2675 1222 2736 tuerint
1253 2674 1402 2754 perducti.
1449 2675 1613 2738 Praeterea
1636 2698 1683 2739 me
1707 2699 1821 2743 summo

468 2767 596 2830 ludibrio
620 2785 810 2847 exponerem,
831 2765 857 2827 si
876 2764 948 2825 nihil
973 2765 1122 2825 efficerem
1141 2762 1281 2842 amplius,
1306 2784 1394 2843 quam
1410 2765 1513 2844 Tycho
1533 2764 1643 2828 elleeit.
1667 2767 1821 2831 Tollamus

466 2857 546 2936 prius
574 2856 606 2917 in
634 2856 736 2916 Marte
766 2873 882 2917 errores
911 2849 949 2917 3⁰
977 2854 1023 2925 (ut
1053 2872 1140 2931 spero
1172 2852 1315 2926 laetum),
1350 2852 1378 2914 in
1410 2853 1530 2914 Venere
1555 2851 1589 2921 5.
1619 2853 1647 2916 in
1671 2857 1820 2920 Mercurio

466 2945 566 3006 forsan
589 2945 660 3025 plus
680 2943 795 3017 adhuc;
818 2951 928 3023 postea
950 2943 987 3002 de
1011 2940 1140 3003 residuis
1163 2941 1193 3001 in
1209 2939 1329 3003 Luua5
1350 2938 1433 3004 velli
1457 2942 1603 3021 scrupulis
1627 2952 1819 3026 satagamus;

466 3043 573 3113 postea
603 3053 623 3093 a
651 3032 791 3113 Tychone
825 3029 991 3092 constituta
1024 3030 1165 3091 subtilius
1201 3030 1460 3092 transformemus.
1514 3031 1677 3094 Praeterea
1705 3043 1817 3110 tamen,

466 3123 531 3184 dnm
554 3121 584 3182 iu
609 3122 741 3201 planetis
775 3120 955 3190 laboramus,
991 3137 1047 3180 non
1072 3117 1224 3188 desinam,
1258 3137 1312 3179 neo
1336 3118 1440 3180 desino
1473 3120 1602 3199 undique
1635 3123 1818 3202 conquirere,

466 3230 537 3292 quae
561 3210 601 3271 ad
625 3210 778 3289 negotium
801 3208 956 3288 eclipsium
981 3207 1109 3288 amplius
1133 3207 1324 3268 tractandum
1347 3207 1545 3287 requirantur.

549 3298 594 3359 Et
617 3298 686 3360 huic
710 3296 884 3378 negotiola
909 3305 995 3377 parte
1020 3296 1131 3358 serviet
1155 3295 1348 3376 peculiariter
1370 3297 1585 3366 Astronomiae
1609 3317 1681 3377 pars
1705 3299 1817 3380 optica,

465 3407 549 3468 quam
573 3388 722 3449 adornare
755 3385 857 3466 cogito
888 3386 1043 3465 usquead
1075 3383 1170 3468 serias
1202 3384 1369 3448 natalitias.
1423 3384 1576 3465 Siquidem
1615 3387 1713 3450 aulica
1743 3388 1817 3451 haec

464 3477 630 3556 ἀσφαλησις
653 3483 770 3536 tantum
794 3474 867 3535 mihi
890 3474 1045 3552 reliquerit
1067 3473 1121 3534 otii
1145 3481 1177 3533 et
1199 3473 1283 3533 Deus
1307 3474 1387 3535 vires
1410 3474 1659 3554 suppeditaverit.

548 3564 623 3614 Haec
643 3566 710 3613 circa
727 3565 824 3613 initium
844 3561 900 3612 Oct.
923 3558 991 3609 1602
1015 3563 1107 3625 scripta
1125 3561 1198 3625 paulo
1217 3567 1273 3624 post
1285 3559 1340 3623 (12.
1357 3559 1433 3623 Nor.)
1452 3563 1517 3612 aliae
1535 3570 1637 3614 secutae
1655 3572 1714 3614 sunt
1730 3565 1817 3616 literae

464 3645 570 3711 ltepleri,
591 3646 617 3694 iu
636 3646 722 3709 quitos
741 3644 804 3693 haec
823 3643 944 3707 legium:
975 3633 1043 3695 Non
1069 3633 1181 3694 desinis
1205 3632 1336 3705 hortari,
1369 3642 1402 3694 ut
1433 3634 1462 3694 in
1496 3643 1595 3697 motus
1629 3636 1816 3698 luminarium

465 3725 615 3809 inquiram.
664 3723 766 3795 Quare
791 3723 949 3785 certiorem
972 3722 1015 3783 M.
1042 3722 1075 3783 T.
1100 3721 1193 3791 facio,
1217 3740 1282 3782 cum
1314 3722 1596 3785 animadvertissem
1624 3744 1720 3786 meam
1744 3724 1814 3786 dili·

466 3818 593 3892 geutiam
619 3813 795 3875 indubium
828 3811 944 3884 vocari,
977 3811 1007 3872 in
1032 3830 1078 3871 me
1112 3810 1262 3891 recepisse
1287 3811 1344 3872 duo
1369 3830 1475 3892 opera,
1508 3812 1637 3875 alterum
1660 3832 1753 3892 usque
1776 3813 1815 3874 ad

465 3901 579 3967 Pascha
603 3905 733 3965 futurum
757 3909 829 3962 sunt
852 3898 1079 3962 commentaria
1107 3900 1177 3972 (seu
1205 3900 1284 3979 quod
1307 3901 1388 3961 aliud
1412 3900 1543 3962 futurum
1567 3910 1615 3963 est
1637 3904 1760 3975 nomen)
1784 3901 1814 3962 in

468 3991 619 4056 'lheoriam
653 3990 773 4069 Martisa
796 4009 849 4052 seu
878 3988 973 4050 clavis
1000 3989 1039 4049 ad
1067 3988 1236 4049 universam
1276 3989 1489 4049 astronomiam
1519 4008 1584 4051 cum
1618 3989 1815 4069 problematis

469 4082 657 4144 monadorum
680 4078 831 4140 mobilium
856 4076 992 4159 plurimis
1018 4085 1048 4138 et
1067 4075 1295 4156 jucundissimis
1320 4096 1358 4137 ex
1381 4078 1643 4139 observationibus
1664 4077 1815 4159 Tychonis

469 4166 569 4232 lirahe.
626 4170 767 4230 Alterum
801 4169 881 4229 intra
917 4164 938 4229 8
970 4166 1158 4244 septimanas
1195 4163 1411 4227 absolvendum
1448 4176 1515 4228 est:
1550 4167 1814 4228 Astronomiae

469 4253 547 4320 Pars
579 4257 732 4338 Optica‚
757 4257 836 4337 quod
859 4256 897 4316 ad
922 4254 952 4316 id
976 4255 1014 4315 ad
1039 4255 1117 4333 quod
1146 4274 1193 4315 me
1217 4254 1347 4316 hortaris
1371 4274 1429 4316 non
1462 4256 1600 4335 exiguum
1633 4265 1813 4318 momentum

473 4346 573 4410 afferet.
620 4347 655 4408 In
680 4365 715 4406 eo
740 4345 818 4406 onim
841 4342 1081 4415 observationes,
1106 4351 1276 4422 quaesunt
1304 4344 1499 4405 fundamenta
1530 4344 1636 4405 calculi
1661 4353 1692 4406 et
1716 4345 1814 4426 hypo·

474 4433 597 4510 thesium,
623 4454 698 4514 quas
722 4434 858 4508 informo,
884 4441 915 4493 et
930 4451 967 4492 ex
986 4431 1088 4493 multis
1107 4429 1341 4511 particularibus
1364 4432 1533 4494 universale
1557 4432 1670 4511 aliquid
1693 4433 1813 4513 colligo,

476 4522 706 4585 considerandum
732 4523 769 4596 ei,
795 4522 843 4602 qui
867 4520 1013 4584 theoriam
1040 4521 1181 4581 luminum
1200 4520 1265 4581 vult
1288 4521 1421 4599 aggredi.
1458 4520 1660 4599 Disputantur
1684 4530 1715 4582 et
1739 4540 1813 4583 con·

478 4610 622 4674 stituuntur
636 4612 731 4672 multa
756 4610 992 4672 fundamentalia
1007 4608 1043 4669 de
1068 4608 1223 4670 diametris
1243 4608 1429 4670 luminarium
1445 4618 1478 4670 et
1496 4611 1618 4670 umbrae
1632 4609 1812 4684 visibilibus,

479 4695 503 4757 de
523 4711 599 4764 motu
632 4700 751 4761 horario
775 4699 831 4761 sub
854 4700 951 4780 ipsam
985 4696 1224 4777 oppositionem,
1250 4697 1286 4758 de
1310 4699 1420 4778 angulo
1444 4698 1632 4774 latitudinis,
1658 4698 1694 4758 de
1720 4697 1813 4760 variis

479 4785 542 4850 risus
564 4787 802 4869 deceptionibus,
828 4788 865 4849 de
889 4787 987 4849 modis
1010 4786 1191 4848 observandi
1215 4786 1268 4847 lic.

547 4895 641 4957 Quibus
659 4894 802 4944 Bernartus
827 4893 970 4956 respondit:
999 4893 1048 4942 Die
1076 4893 1165 4943 beiden
1183 4892 1290 4947 Bilcher‚
1319 4907 1345 4940 so
1365 4893 1408 4942 der
1425 4892 1490 4942 Herr
1509 4892 1635 4959 ausgehon
1654 4892 1736 4943 lasson
1754 4892 1813 4952 vill,

481 4971 553 5021 it'trt
569 4967 609 5016 ioh
627 4965 674 5015 mit
691 4965 819 5015 hochstem
839 4964 983 5029 Vorlangen
1001 4979 1032 5013 zu
1050 4963 1135 5021 sehon.
1155 4965 1201 5013 vie
1218 4964 1258 5012 ich
1278 4964 1326 5012 den
1344 4964 1415 5021 bitte,
1434 4964 1520 5014 sobald
1539 4966 1607 5013 eines
1625 4963 1749 5029 gedrum,
1768 4967 1814 5015 mir

482 5030 509 5081 tin
523 5034 647 5101 Exemplar
666 5035 793 5086 allerehist
809 5035 972 5085 uidertahron
991 5050 1020 5083 zu
1039 5033 1129 5084 lasseu.
1161 5033 1220 5084 Und
1237 5034 1294 5083 that
1312 5034 1355 5084 der
1366 5035 1431 5084 liert
1447 5035 1534 5084 hieran
1552 5048 1617 5100 gans
1636 5035 1744 5085 velalioh
1762 5034 1814 5086 und

404 5129 406 5140 ·
481 5102 533 5164 ΙΝ,
548 5108 604 5159 du
622 5107 657 5157 Er
683 5106 783 5157 aeifflch
799 5106 851 5156 und
876 5104 1017 5171 ullgomeh
1034 5104 1100 5156 nach
1117 5104 1168 5155 und
1186 5104 1253 5156 nach
1270 5118 1323 5155 vu
1350 5106 1477 5171 umgehen
1499 5105 1584 5156 lasset.
1620 5104 1698 5158 Dana
1716 5120 1743 5157 er
1759 5105 1813 5158 rich
