4584 6192
527 593 593 661 211
998 599 1187 663 Paralipomena
1208 600 1233 649 in
1254 598 1420 649 Vitellionem.

528 795 595 838 cum
615 777 702 837 Luna
721 778 786 856 jam
811 785 882 838 tunc
906 775 1059 855 coepisset
1081 775 1197 854 ingredi
1221 776 1370 849 umbram,
1395 774 1495 835 soleat
1518 788 1590 833 vero
1613 767 1731 849 ingredi
1754 776 1884 851 aparte

528 863 710 939 occidentis,
751 868 806 928 fuit
846 882 917 945 ergo
950 873 1086 926 centrum
1117 868 1221 928 Lunae
1262 862 1478 926 occidentalius
1511 861 1633 923 umbrae
1670 867 1794 927 centro,
1826 877 1884 939 quo

529 952 687 1014 occidente
702 956 807 1016 Lunae
831 964 965 1015 centrum
984 953 1050 1032 jam
1074 955 1237 1016 occiderat.
1274 953 1317 1015 Et
1332 962 1435 1016 tamen
1450 950 1566 1012 duobus
1590 948 1733 1029 gradibus
1756 948 1883 1010 attolle-

528 1043 616 1103 batur
640 1043 678 1103 ad
702 1043 808 1105 visum.
847 1043 920 1103 Plus
945 1042 1035 1122 igitur
1059 1044 1176 1106 duobus
1200 1043 1343 1123 gradibus
1363 1050 1430 1103 erat
1450 1040 1478 1100 in
1503 1045 1670 1119 aggregato
1693 1035 1885 1100 retractionis

528 1129 682 1212 utriusque
707 1130 788 1193 Solis
812 1139 843 1192 et
865 1131 984 1205 Lunae,
1010 1139 1043 1193 ut
1065 1140 1195 1207 taceam,
1221 1133 1298 1212 quod
1327 1130 1448 1193 horizon
1474 1127 1673 1207 Tubiugensis
1697 1144 1756 1188 non
1780 1133 1887 1188 canat

529 1219 693 1295 montibus,
719 1240 843 1299 quorum
867 1221 1021 1299 fastigium
1047 1220 1225 1283 libramento
1250 1240 1345 1299 aquae
1368 1220 1459 1300 paulo
1483 1225 1532 1279 est
1554 1216 1666 1289 altius;
1690 1216 1793 1297 itaque
1816 1215 1885 1276 dum

530 1307 584 1370 Sol
609 1307 750 1371 dimidius
774 1318 868 1377 extat,
894 1309 919 1370 si
944 1318 1060 1369 montes
1085 1310 1228 1371 abessent
1253 1317 1336 1371 totus
1360 1314 1488 1369 extaret.
1531 1306 1631 1384 Major
1653 1304 1745 1385 igitur
1766 1304 1886 1384 integro

530 1397 625 1476 gradu
651 1397 707 1458 luit
730 1397 871 1459 retractio
896 1398 981 1458 unius
1005 1398 1123 1461 sideris.
1162 1399 1221 1459 Est
1244 1408 1345 1460 autem
1365 1398 1418 1458 illa
1432 1396 1561 1459 Sueviae
1584 1411 1656 1475 pars
1679 1412 1737 1455 nou
1761 1393 1886 1456 multum

530 1493 647 1547 remota
671 1507 690 1545 a
713 1487 845 1547 tontibus
864 1487 947 1548 Nicri
973 1494 1004 1546 et
1017 1487 1169 1549 Danubii:
1195 1506 1337 1567 monsque
1361 1486 1501 1563 Hoeberg
1524 1502 1617 1563 prope
1632 1483 1767 1545 llorbam
1790 1501 1886 1544 rene-

531 1573 606 1636 ticiis
630 1583 661 1634 et
685 1583 833 1636 conventu
864 1593 1005 1653 sagarum
1030 1586 1078 1637 est
1101 1576 1237 1649 intamis,
1261 1577 1343 1656 vulgi
1372 1573 1550 1636 credulitate
1579 1579 1706 1634 naturae
1733 1571 1887 1652 ingenium

532 1670 564 1723 et
586 1663 708 1724 crebras
731 1672 946 1743 tempestatum
970 1665 1173 1726 eructationes
1196 1665 1379 1744 praestigias
1403 1664 1630 1741 interpretante.

618 1750 707 1821 Quod
732 1771 802 1813 vero
826 1752 953 1813 diversis
977 1753 1162 1833 temporibus
1186 1754 1325 1816 diversae
1349 1754 1411 1813 sint
1434 1750 1539 1812 eodem
1563 1750 1655 1811 etiam
1680 1747 1746 1809 loco
1769 1748 1886 1809 retrac-

531 1840 644 1915 tiones,
675 1839 827 1901 obstinate
856 1842 1011 1902 contendit
1035 1843 1244 1903 Rothmannus
1274 1843 1324 1903 tol.
1349 1839 1402 1903 85.
1428 1836 1481 1903 86.
1506 1838 1711 1919 Epistolarum
1734 1835 1888 1917 'tychonis

533 1928 815 2004 astronomicarum,
840 1948 895 1990 nec
919 1929 1079 1991 difficulter
1102 1932 1229 2009 largitur
1252 1941 1283 1992 et
1306 1930 1408 2012 Tycho
1431 1929 1531 1991 Brahe
1554 1928 1583 1989 in
1610 1926 1889 2008 Progymnssmatis

535 2018 586 2079 tol.
613 2014 666 2080 79.
692 2026 723 2078 ιι
746 2014 825 2091 289,
851 2027 883 2079 ιι
911 2026 991 2079 tomo
1017 2021 1040 2079 1.
1065 2020 1270 2099 Epistolarum
1295 2020 1346 2080 tol.
1372 2015 1423 2081 61.
1459 2016 1582 2097 requirit
1605 2023 1705 2077 atram
1729 2014 1888 2077 admodum

532 2124 637 2185 pumm
661 2115 693 2166 et
715 2125 863 2181 serenum,
888 2108 1007 2186 quando
1031 2109 1195 2187 perieulum
1223 2108 1436 2170 retractionum
1465 2105 1548 2167 tacit.
1596 2108 1701 2185 ltaque
1724 2102 1755 2164 in
1779 2103 1888 2164 obser-

531 2193 704 2255 vationibus
733 2195 771 2255 ad
807 2215 915 2257 annum
944 2193 996 2258 87.
1032 2217 1135 2257 mense
1160 2195 1305 2258 Januario
1339 2203 1516 2257 annotatum
1548 2194 1663 2262 inveni,
1704 2202 1888 2258 retractiones

532 2293 607 2348 eirea
625 2291 754 2347 solstitia
774 2293 860 2347 videri
881 2295 1009 2364 majores.
1057 2284 1203 2356 Quamvis
1235 2305 1302 2346 mea
1334 2284 1486 2347 sententia
1513 2301 1607 2344 causa
1635 2290 1742 2343 auctae
1771 2281 1890 2343 retrac-

533 2371 626 2433 tionis
650 2372 688 2432 ad
713 2371 792 2432 diem
818 2372 883 2449 jam
914 2374 1025 2435 dictum
1054 2393 1111 2436 non
1137 2375 1165 2435 in
1195 2376 1317 2436 bmmae
1346 2373 1509 2435 solstitium
1538 2371 1719 2433 conterenda
1742 2377 1805 2444 est,
1835 2369 1891 2431 sed

441 2468 444 2473 ’
532 2460 564 2521 in
587 2460 765 2540 tepidiorem
789 2466 891 2521 atram
921 2462 1034 2523 tactum
1057 2463 1096 2525 ob
1125 2464 1304 2543 quadratum
1326 2462 1413 2524 Jovis
1437 2468 1469 2522 et
1490 2460 1612 2535 Martis,
1637 2459 1686 2540 qui
1715 2468 1787 2521 tuno
1809 2466 1889 2520 erat.

533 2549 613 2610 Nam
637 2548 715 2628 quod
738 2549 768 2608 in
793 2549 860 2611 fixis
883 2550 1006 2612 inventa
1029 2559 1079 2612 est
1097 2552 1229 2633 Tychooi
1255 2552 1351 2613 minor
1374 2550 1516 2614 retractio
1540 2567 1628 2630 quam
1646 2548 1676 2609 in
1691 2547 1773 2622 Sole,
1797 2565 1893 2609 causa

479 2645 486 2658 “
534 2636 618 2697 nulla
650 2636 711 2696 alia
738 2636 873 2712 videtur,
904 2658 993 2719 quam
1022 2640 1116 2715 haec,
1151 2641 1229 2719 quod
1261 2640 1459 2702 retractiones
1483 2636 1566 2701 Solis
1596 2644 1733 2710 aestate,
1764 2638 1892 2698 lixarum

533 2723 640 2805 hyeme
669 2724 835 2786 rectissime
864 2729 1079 2803 observantur,
1108 2737 1229 2790 aestate
1257 2748 1442 2809 veroquam
1471 2730 1577 2809 hyeme
1605 2725 1744 2806 rapidior
1766 2735 1816 2787 est
1838 2731 1892 2787 abr

534 2819 566 2873 et
589 2812 689 2875 altior.
727 2813 808 2875 Nam
831 2814 880 2876 tol.
898 2812 950 2878 61.
975 2816 1181 2895 Epistolarom
1206 2818 1272 2879 libri
1294 2820 1319 2880 Ι.
1345 2824 1474 2897 apparet
1496 2824 1528 2878 et
1550 2815 1579 2876 in
1603 2815 1744 2898 Progym.
1770 2814 1821 2875 tol.
1836 2810 1891 2877 93.

535 2908 639 2980 aperte
662 2902 860 2981 praecipitur,
886 2912 956 2966 tunc
980 2906 1171 2983 potissimum
1199 2907 1406 2968 observandas
1420 2905 1642 2978 retractiones,
1666 2922 1733 2964 cum
1756 2903 1783 2964 is
1807 2910 1840 2964 et
1862 2901 1892 2963 iu

534 2990 657 3051 meridie
681 2991 758 3052 satis
782 2991 844 3052 alte
868 2994 1006 3071 pervadit
1030 3003 1061 3056 et
1084 2995 1317 3058 declinationem
1341 2997 1422 3057 intra
1446 2994 1573 3056 eundem
1601 2993 1681 3055 diem
1705 2992 1891 3053 adsensum

535 3078 608 3140 nihil
632 3086 743 3153 mutat,
773 3081 852 3158 quod
875 3082 909 3142 fit
932 3082 960 3143 in
992 3083 1124 3145 solstitio
1152 3084 1278 3146 aestivo.
1324 3085 1404 3147 Nam
1431 3092 1565 3162 ternpore
1596 3082 1730 3163 hyberno
1753 3079 1891 3146 Soluon

535 3175 660 3247 superat
682 3168 897 3230 retractionem
921 3171 1122 3233 altitudinem.
1163 3172 1278 3235 Contra
1297 3174 1421 3234 fixarum
1445 3172 1642 3235 retractiones
1665 3176 1786 3231 aestate
1810 3169 1892 3230 diffi-

535 3256 632 3318 culter
655 3255 870 3331 observantur,
894 3260 1005 3338 partim
1028 3261 1066 3321 ob
1090 3270 1264 3341 pernoctem
1288 3262 1367 3323 aeris
1395 3261 1565 3322 claritatem
1587 3259 1617 3321 in
1641 3257 1757 3332 Dauia,
1782 3258 1893 3337 partim

537 3343 608 3423 quia
630 3362 751 3405 crassus
776 3352 829 3406 abr
856 3346 937 3408 circa
965 3348 1149 3411 horizontem
1178 3359 1370 3430 conspectum
1401 3350 1557 3411 stellarum
1583 3346 1756 3427 intercipit;
1786 3347 1893 3429 hyeme

538 3439 661 3512 ergoet
680 3433 875 3495 serenissima
893 3444 991 3511 nocte,
1016 3437 1066 3499 ubi
1085 3446 1139 3500 aer
1158 3438 1337 3518 depressior.
1378 3438 1421 3499 Et
1444 3437 1546 3516 quidni
1575 3434 1741 3498 orientibus
1769 3434 1893 3497 datibus

538 3521 737 3582 retractiones
765 3522 981 3601 increscerent,
1011 3545 1078 3588 cum
1101 3527 1312 3589 Rothmaunus
1337 3528 1387 3589 tol.
1415 3524 1487 3589 122.
1511 3524 1716 3605 Epistularum
1740 3524 1894 3606 Tychoni·

537 3625 638 3670 earnm
663 3609 809 3687 affirmet,
834 3632 909 3673 ase
938 3614 1074 3694 saepius,
1099 3635 1166 3677 cum
1190 3616 1220 3677 in
1250 3617 1348 3677 medio
1380 3622 1479 3677 staret
1512 3612 1712 3677 observatorii
1742 3609 1894 3686 calefacti,

536 3698 618 3808 visas
643 3717 711 3758 esse
735 3700 842 3761 stellas
866 3702 997 3763 refracta
1020 3723 1075 3783 per
1098 3723 1240 3783 vaporem
1264 3703 1466 3786 hypocausti?

576 3785 732 3867 Itaque
758 3797 791 3849 ut
823 3788 901 3850 hunc
932 3792 1029 3853 locum
1062 3794 1257 3867 concludam,
1293 3799 1406 3854 certum
1430 3793 1487 3854 hoc
1515 3789 1573 3865 sit,
1608 3787 1736 3853 diversis
1764 3789 1842 3851 locis
1865 3796 1898 3851 et

537 3875 724 3955 temporibus
758 3876 894 3939 diversas
926 3898 994 3941 esse
1027 3879 1224 3943 retractiones
1253 3888 1284 3942 ιι
1315 3880 1445 3942 insolitis
1477 3877 1626 3941 insolitas.
1673 3878 1717 3961 Ut
1739 3877 1765 3939 si
1789 3878 1897 3958 ingens

535 3963 578 4026 sit
601 3963 658 4026 loci
683 3964 826 4039 altitudo,
858 3965 1000 4029 retractio
1024 3969 1106 4031 nulla
1130 3969 1207 4043 erit;
1236 3969 1261 4032 si
1285 3968 1448 4049 praecipua
1471 3963 1615 4030 resolutio
1637 3985 1797 4047 vaporum,
1820 3984 1896 4045 pro-

536 4052 653 4130 digiosa
684 4053 742 4114 erit
780 4056 932 4117 retractio.
996 4054 1051 4118 Sin
1089 4058 1158 4120 loca
1188 4066 1219 4120 ιι
1256 4066 1391 4137 tempora
1426 4055 1619 4119 mediocriter
1649 4076 1683 4118 se
1723 4054 1896 4129 habuerint,

536 4142 734 4202 retractiones
759 4151 846 4204 eruut
867 4144 1081 4224 propemodum
1104 4146 1241 4208 eaedem.

604 4278 635 4344 9.
673 4282 724 4343 Ι)ι
749 4283 1015 4346 observatione
1037 4276 1334 4348 Hellandorum
1326 4303 1361 4347 ιι
1384 4285 1466 4346 alto
1490 4279 1767 4365 septentrione.
1785 4271 1828 4358 ¹²)

553 4406 556 4411 ’
626 4403 742 4466 Tritum
775 4414 824 4468 est
860 4407 990 4470 omnium
1024 4406 1163 4470 manibus
1202 4407 1386 4471 itinerarium
1416 4408 1603 4472 Batavorum
1640 4421 1694 4470 seu
1731 4405 1899 4493 descriptio

537 4491 740 4571 navigationis
763 4514 817 4575 per
841 4512 985 4557 oceanum
1009 4497 1309 4576 septentrionalem
1299 4516 1329 4558 m
1350 4498 1489 4559 desertas
1509 4497 1648 4577 regiones
1666 4496 1756 4560 nova
1770 4486 1900 4558 Zentbla

538 4582 651 4650 dictas,
684 4582 724 4643 ad
748 4584 948 4662 quaerendum
980 4585 1103 4660 tretum,
1135 4601 1193 4665 quo
1217 4586 1247 4648 iu
1280 4599 1424 4647 oceanum
1448 4583 1624 4668 Scythicum
1652 4589 1684 4646 et
1716 4581 1898 4647 orientalem

538 4678 622 4732 esset
649 4672 806 4734 transitus.
855 4670 922 4743 Quo
953 4673 1054 4737 libello
1083 4674 1163 4735 inter
1191 4674 1252 4736 alia
1278 4672 1487 4737 memorabilia
1510 4681 1542 4735 ιι
1564 4673 1621 4735 ιιι
1650 4664 1798 4748 referunt,
1829 4681 1900 4735 ttlm

536 4760 731 4821 haerentes
722 4780 752 4820 m
776 4761 873 4840 glacie
897 4780 956 4823 nox
979 4763 1193 4843 oppressisse,
1218 4769 1249 4823 et
1272 4782 1350 4823 anno
1374 4757 1468 4827 1696.
1493 4757 1594 4826 dieii.
1609 4753 1792 4826 Novembris
1811 4765 1898 4824 stu.

537 4846 641 4911 Solem
664 4847 769 4909 ultimo
799 4848 964 4925 vidissent,
988 4871 1027 4913 ex
1056 4847 1215 4912 altitudine
1238 4869 1311 4912 vero
1320 4850 1409 4955 poli,
1438 4870 1527 4931 quam
1556 4857 1703 4931 putarunt
1731 4869 1801 4913 esse
1825 4844 1899 4923 76⁰,

532 4936 598 5014 jam
622 4944 738 4997 certum
762 4935 911 4999 haberent
931 4958 969 5000 ex
997 4936 1209 5001 astronomicis
1232 4939 1402 5018 principiis,
1426 4959 1485 5001 uon
1508 4940 1674 5003 reditumm
1696 4937 1801 5003 Solem
1824 4944 1900 5000 ante

540 5022 590 5088 11.
616 5024 773 5087 Februarii
803 5025 874 5086 anni
900 5024 999 5102 1597,
1028 5029 1141 5089 tactum
1164 5033 1281 5102 ιιιιιιι,
1310 5034 1345 5090 ιι
1372 5024 1426 5091 21.
1453 5027 1592 5091 Januarii
1617 5024 1658 5091 17
1687 5027 1795 5090 diebus
1824 5032 1899 5089 sata

538 5110 706 5192 legitimum
730 5121 850 5193 tempus
869 5112 972 5178 Solem
995 5133 1112 5178 rursum
1135 5114 1273 5179 viderent
1295 5135 1435 5196 supremo
1458 5118 1593 5198 margine
1616 5117 1647 5180 in
1670 5117 1738 5197 ipen
1760 5114 1900 5180 meridiei
