4584 6192
933 1004 1449 1146 Peroratio

616 1361 805 1439 Hactenus
829 1362 950 1462 itaque
973 1361 1017 1435 de
1039 1361 1137 1435 visus
1162 1362 1432 1462 deceptionibus
1456 1364 1613 1464 egimus:
1641 1388 1787 1463 remque
1809 1389 1875 1464 per

511 1488 723 1564 observandi
749 1485 876 1560 modos
899 1499 937 1560 et
959 1486 1141 1560 cautiones
1174 1486 1378 1561 deductam
1399 1513 1492 1588 pene
1521 1490 1617 1562 intra
1638 1488 1770 1563 limites
1793 1483 1875 1563 libri

510 1611 575 1688 lv.
602 1610 645 1688 V.
670 1624 708 1686 et
735 1609 799 1685 Vl.
838 1610 877 1683 in
900 1608 1019 1709 Opere
1049 1609 1186 1709 Magno
1213 1609 1411 1685 Ptolemaei
1435 1611 1663 1687 devolvimus.
1711 1612 1873 1713 Tempus

508 1735 618 1836 igitur
640 1749 682 1810 ut
703 1734 862 1835 receptui
886 1757 1068 1818 canamus,
1092 1758 1138 1807 ne
1161 1734 1282 1807 omnia
1303 1736 1341 1808 in
1365 1734 1543 1810 omnibus.

617 1858 789 1936 Ceterum
824 1857 857 1932 si
877 1855 993 1931 Deus
1030 1858 1141 1932 vitum
1177 1859 1339 1957 viresque
1375 1858 1465 1932 mihi
1500 1859 1717 1960 prorogarit,
1754 1859 1874 1934 libello

508 1981 632 2068 altero,
657 2009 764 2083 quem
787 1984 860 2058 sive
883 1980 1081 2056 secundem
1102 1981 1209 2082 hujus
1226 1981 1357 2082 Operis
1380 1995 1523 2083 purtem
1540 1984 1614 2057 sive
1637 1984 1874 2084 appendicem

507 2107 651 2193 dixeris,
675 2133 781 2182 usum
795 2107 923 2181 harum
942 2104 1230 2179 observationum
1243 2106 1477 2207 patefaciam
1501 2119 1647 2206 tresque
1665 2109 1742 2208 jam
1755 2109 1872 2181 nomi-

506 2242 612 2308 notor
638 2229 750 2306 libros
777 2229 976 2305 Ptolemaei
1004 2229 1104 2304 noris
1135 2230 1332 2329 ingeniosis
1361 2243 1402 2316 et
1424 2231 1696 2331 jucundissimis
1727 2230 1873 2331 proble-

505 2355 614 2432 matis
643 2355 884 2430 secundorum
910 2354 1097 2428 mobilium
1123 2355 1263 2455 passim
1289 2354 1528 2455 interpolab03
1556 2354 1762 2454 doceboque
1787 2353 1872 2430 bre-

504 2479 595 2556 vius·
620 2492 658 2553 et
694 2479 983 2579 compendiosius
1022 2478 1401 2580 observationibusque
1430 2479 1658 2579 paucioribus
1698 2493 1735 2554 et
1770 2479 1873 2554 facile

505 2601 806 2705 comparabilibus
834 2603 961 2677 eadem
990 2589 1222 2703 investigere,
1252 2628 1343 2702 quae
1370 2603 1599 2677 Ptolemaeus
1632 2604 1871 2704 investigavit.

505 2728 550 2804 Id
571 2739 673 2804 tanto
696 2727 812 2828 magis
834 2727 974 2801 videtur
996 2729 1251 2812 necessarium,
1276 2728 1372 2826 quod
1386 2727 1569 2828 Tychouis
1583 2727 1703 2803 Brahe
1716 2727 1874 2804 Luuaria

506 2853 586 2930 sine
608 2852 956 2928 demonstrationum
979 2864 1154 2953 apparatu
1168 2852 1389 2952 prodierunt,
1406 2845 1496 2926 libri
1508 2851 1874 2953 Progymnasmatum

504 2977 631 3061 forme.
654 2988 696 3052 ut
718 2976 756 3050 in
778 2977 856 3077 ejus
878 2977 1079 3076 appendice
1102 2976 1295 3062 monitum,
1325 3002 1404 3050 rem
1433 3000 1577 3050 omnem
1604 2977 1749 3051 nonnisi
1777 2979 1873 3052 intra

504 3119 639 3202 pauea's
662 3100 810 3201 paginus
834 3101 1060 3175 admittente.
1105 3101 1156 3176 Et
1169 3101 1253 3200 quia
1274 3101 1486 3202 potissimus
1509 3099 1620 3176 libelli
1642 3127 1773 3202 scopus
1792 3103 1870 3190 erit,

504 3225 719 3325 investigare
740 3225 1008 3323 magnitudines
1024 3238 1061 3299 et
1079 3225 1264 3300 intervalla
1281 3225 1390 3299 trium
1412 3251 1612 3326 corporum,
1627 3224 1732 3311 Solis,
1746 3227 1871 3304 Lunae

505 3349 700 3434 etTerrse‚
725 3349 876 3423 eandem
897 3376 980 3423 vero
1002 3350 1190 3424 materiam
1203 3347 1446 3450 Hipparchus,
1471 3361 1512 3423 ut
1532 3375 1575 3423 ex
1589 3349 1735 3425 Theone
1757 3364 1869 3452 patet,

504 3472 676 3576 peculiari
698 3472 827 3558 libello,
852 3474 908 3546 cui
931 3471 990 3546 hic
1012 3474 1092 3574 ipse
1114 3473 1251 3558 titilus,
1277 3487 1334 3548 est
1359 3487 1596 3573 persecutus:
1638 3475 1732 3574 quod
1760 3475 1870 3575 igitur

505 3597 591 3674 lelix
629 3599 859 3697 faustumque
894 3597 959 3681 sit,
1005 3599 1122 3673 libello
1159 3625 1289 3673 nomen
1319 3596 1588 3698 Hipparchus
1622 3613 1712 3674 esto.
1778 3598 1868 3674 Vale

504 3710 617 3798 lector
640 3736 676 3798 et
699 3736 845 3797 conatus
868 3746 968 3795 meos
991 3722 1083 3797 votis
1108 3748 1333 3824 persequere,
1357 3748 1504 3807 memor,
1529 3722 1625 3822 quod

771 3845 971 3921 Dimidium
992 3846 1090 3934 lacti,
1114 3850 1176 3949 qui
1197 3849 1289 3923 bene
1313 3847 1442 3947 coepit,
1467 3847 1588 3922 habet.
