4584 6192
573 613 638 682 7oe
1053 605 1447 670 mmmmm

575 797 607 858 ὴ
624 790 856 874 praesupposito
875 788 926 859 sit,
951 796 1049 849 tonum
1065 788 1144 847 buno
1165 786 1305 847 mundum
1322 785 1430 845 divina
1441 784 1631 861 provilentia
1647 783 1814 860 mutineri
1838 803 1931 866 neque

571 895 693 948 nutum
716 893 845 941 naturae
867 877 1001 938 ordinem
1023 876 1211 946 conserturi,
1242 875 1413 936 sedetiam
1435 875 1579 934 miracula
1605 874 1791 955 nandoque
1814 886 1932 954 praeter

573 983 699 1035 ntorae
721 986 840 1029 cursum
864 965 958 1030 Coelo
981 966 1135 1044 Terraque
1156 965 1218 1024 lieri
1242 975 1381 1044 (quumm
1403 984 1421 1022 e
1443 982 1565 1023 numero
1588 966 1682 1026 etiam
1705 964 1789 1025 bans
1814 963 1932 1026 stella·

574 1062 722 1132 babent),
753 1058 859 1117 diviua
885 1056 1022 1115 bonitate
1056 1055 1193 1115 homiues
1225 1055 1264 1113 ad
1294 1053 1511 1129 poenitentiam
1540 1065 1689 1125 vocantu
1722 1053 1788 1114 etsi
1819 1053 1932 1133 quidun

575 1150 799 1227 astrologorum
814 1145 943 1221 primam
960 1144 1041 1204 illam
1057 1142 1248 1214 seutentiam,
1271 1142 1382 1221 partim
1405 1157 1438 1202 ut
1453 1142 1571 1207 nudam·
1589 1143 1730 1221 jejunam
1757 1149 1794 1202 et
1815 1142 1932 1204 nimiu

577 1237 748 1318 riurplitem
775 1243 983 1306 contemnunt,
1013 1234 1125 1311 partim
1153 1250 1223 1291 uero
1247 1245 1282 1291 et
1302 1232 1468 1309 impietatis
1497 1242 1672 1309 Qum
1705 1231 1847 1293 hunt:
1879 1250 1931 1291 aaa

577 1339 678 1390 mo
700 1333 829 1401 negant,
856 1322 928 1401 quin
949 1322 987 1381 ob
1012 1323 1070 1382 bas
1091 1323 1177 1399 ipsas
1202 1321 1423 1398 astrologorum
1445 1320 1568 1398 regulas
1593 1339 1704 1381 norum
1727 1320 1788 1382 bor
1818 1321 1932 1382 divinae

573 1413 810 1494 ωἰρωιιῐὶω
839 1412 1016 1471 miraculum
1039 1421 1074 1469 et
1098 1410 1130 1470 in
1162 1423 1280 1488 tempus
1307 1425 1340 1469 et
1362 1411 1393 1470 in
1424 1410 1522 1469 lot-um
1550 1409 1777 1487 conjunctionis
1810 1428 1932 1489 maguae

575 1503 682 1568 &ina
704 1500 903 1579 dispositione
936 1499 1027 1559 biorn
1055 1499 1249 1560 collocatum.
1292 1498 1361 1559 lion
1389 1498 1469 1578 quod
1491 1517 1529 1558 ex
1558 1499 1753 1577 dogmatibus
1787 1499 1932 1560 bominum

573 1587 1309 1668 ranisdetriplioitateigomnaturamillo
1340 1587 1932 1665 mnumeesqittariuiteo

576 1683 698 1763 ipsam
724 1700 745 1739 a
766 1677 831 1739 neo
863 1677 1046 1755 mdiutem
1073 1678 1219 1755 accipiat,
1251 1677 1322 1756 quia
1352 1676 1520 1737 bominibus
1550 1677 1666 1756 placuit
1696 1697 1771 1738 eum
1798 1679 1841 1739 ab
1871 1677 1932 1755 igne

579 1769 792 1839 denominata
819 1767 875 1827 sed
897 1766 970 1844 quia
991 1785 1052 1826 uon
1073 1766 1237 1827 abutum
1264 1765 1452 1838 existimant,
1476 1765 1573 1827 Deum
1600 1766 1790 1843 temporario
1814 1767 1932 1828 consilio

578 1861 624 1921 nti
646 1855 842 1935 conceptibus
865 1854 1017 1916 bominum
1043 1854 1253 1934 popularibus,
1278 1855 1318 1914 ad
1340 1855 1558 1915 multitudinem
1587 1855 1743 1916 hominum
1768 1874 1826 1935 per
1848 1856 1932 1917 istan

578 1949 729 2009 rationem
750 1955 838 2005 tauto
861 1944 1031 2005 evidentius
1052 1943 1388 2004 commonefaciendam.
1433 1942 1583 2023 Exempla
1604 1943 1693 2005 nobis
1710 1944 1779 2006 ista
1802 1956 1933 2007 statuunt

579 2035 618 2099 ob
632 2035 748 2097 oculos.
783 2033 902 2095 Pharao
916 2030 986 2094 Rex
999 2034 1134 2113 Aegypti
1153 2033 1368 2093 consuemdine
1386 2033 1521 2093 nationis
1535 2034 1656 2094 deditus
1669 2045 1739 2096 ent
1754 2035 1933 2096 somnium

578 2121 898 2206 interpretationibus:
935 2121 965 2182 ei
992 2122 1077 2184 Deus
1113 2122 1227 2200 objecit
1261 2122 1429 2193 somnium,
1465 2141 1532 2183 rum
1560 2121 1689 2201 Joaepbi
1724 2124 1934 2185 liberationem

579 2213 790 2291 scabriorque
810 2212 1062 2292 propagationem
1083 2221 1117 2271 et
1138 2211 1374 2289 hospitationem
1393 2212 1577 2293 inbegppto
1601 2212 1774 2275 moliretur.
1806 2211 1933 2293 em

578 2301 726 2385 Aegyptii
742 2299 840 2363 Deum
857 2301 942 2379 Apin
964 2300 1109 2370 colerent,
1131 2301 1241 2361 bovem
1262 2319 1379 2379 nempe,
1403 2301 1482 2380 quod
1500 2313 1620 2361 ceterae
1642 2311 1757 2379 gentes
1781 2301 1933 2364 bobus-ad

581 2393 725 2454 undum
739 2399 909 2463 uterentur,
929 2390 1006 2469 ipsis
1019 2390 1099 2450 citra
1111 2389 1258 2450 arationis
1282 2390 1416 2450 laborem
1435 2401 1519 2450 esset
1540 2400 1734 2471 prospectum
1755 2393 1796 2453 de
1810 2411 1932 2465 naon,

576 2479 649 2545 nilo
672 2497 762 2557 agros
790 2479 924 2560 ipsorum
951 2480 1116 2557 irrigante:
1146 2478 1203 2538 bac
1231 2499 1304 2538 usos
1328 2478 1531 2557 DeusBegis
1559 2499 1613 2541 seu
1641 2479 1933 2560 imaginationem

578 2569 725 2640 mua,
754 2578 873 2647 septem
901 2586 1037 2629 annonas
1068 2567 1194 2627 totidem
1218 2567 1308 2628 boum
1331 2568 1432 2645 specie
1464 2569 1586 2647 objecta
1607 2568 1666 2648 ipsi
1688 2570 1846 2650 depinxit.
1889 2568 1932 2632 Sit

577 2657 859 2723 nnnmooomor
885 2655 956 2718 Rea
982 2654 1204 2718 Cbaltheorum
1234 2671 1399 2735 occupatus
1428 2658 1458 2718 in
1487 2667 1592 2719 statua
1612 2658 1716 2733 nelis,
1749 2659 1803 2739 qui
1837 2669 1932 2722 auctet

579 2756 649 2810 erat
669 2746 756 2826 regni
776 2744 936 2828 Assyriari
959 2747 1150 2825 ejusdemque
1174 2759 1370 2805 conservator
1392 2746 1581 2820 credebatur,
1603 2766 1660 2826 per
1677 2748 1834 2811 somnium
1858 2749 1931 2809 ridet

579 2847 717 2899 statuam
745 2835 913 2896 futurorum
945 2835 1159 2913 interpretem,
1190 2835 1336 2895 divinitus
1369 2834 1427 2913 ipsi
1457 2836 1593 2898 oblatam
1623 2836 1757 2899 Daniele
1791 2839 1931 2922 prophta

580 2925 763 2987 amnuo.
792 2924 979 2997 Abrabamo,
997 2925 1038 2985 ad
1052 2943 1140 3004 quem
1155 2923 1360 2984 astronomiae
1377 2924 1685 3004 principia'reteruut,
1701 2927 1791 2988 Deua
1806 2928 1930 2990 ostendit

580 3014 700 3082 mbae,
722 3012 887 3075 murus
906 3014 1006 3093 ipsum
1028 3014 1066 3074 de
1084 3012 1335 3092 multiplicatione
1357 3014 1549 3093 posteritatis
1563 3036 1647 3076 suae.
1683 3016 1774 3094 Magi
1790 3015 1930 3079 Chaldaei

580 3102 777 3182 astrologiam
799 3102 966 3174 coluerunt,
988 3102 1072 3163 soliti
1085 3121 1123 3163 ex
1137 3120 1283 3163 concursu
1305 3101 1438 3163 siderum
1452 3112 1484 3164 et
1498 3105 1622 3165 cometis
1645 3104 1823 3168 orientibus
1842 3108 1930 3169 estun

579 3193 761 3273 mejertarr.
805 3191 871 3252 llos
894 3191 978 3252 Deua
1010 3191 1051 3251 ad
1081 3189 1237 3253 Christum
1269 3190 1430 3253 Dominum
1460 3193 1658 3271 perducturus
1686 3194 1821 3257 iucem
1851 3195 1930 3257 stella

580 3281 735 3344 admonet.
778 3278 823 3341 Et
850 3289 982 3359 arguunt
1009 3280 1254 3341 obcumstantiae
1288 3279 1351 3340 fere
1382 3299 1504 3355 omues,
1533 3284 1684 3361 negotium
1714 3284 1803 3346 illius
1834 3284 1929 3347 subur

580 3370 764 3433 simillimum
789 3368 883 3431 luisse
904 3369 1063 3441 moderno,
1089 3369 1193 3430 demta
1215 3369 1324 3430 stellae
1346 3370 1435 3448 bujus
1462 3370 1673 3433 immobilitate
1698 3382 1732 3433 et
1755 3374 1928 3437 altitudmt:

580 3460 717 3522 nimirum
740 3469 773 3519 et
796 3460 892 3537 ipsam
916 3460 946 3519 in
968 3459 1129 3519 articulum
1156 3460 1311 3519 reuolutae
1343 3460 1530 3538 triplicitatis
1559 3462 1665 3540 igneae
1699 3462 1795 3543 inque
1824 3476 1928 3544 tenpus

669 3634 759 3708 Quod
790 3637 906 3698 medios
938 3645 1038 3697 motus
1071 3634 1200 3708 attinet,
1234 3631 1384 3697 Saturnus
1415 3646 1447 3697 et
1473 3637 1592 3717 Jupiter
1624 3657 1705 3697 anno
1738 3639 1866 3702 Juliano
1886 3636 1927 3702 40.

581 3727 702 3789 luerunt
724 3727 875 3805 conjuncti
898 3726 971 3787 solis
994 3721 1048 3789 34¹
1072 3735 1143 3786 aute
1167 3723 1343 3803 principium
1362 3727 1478 3787 Arietis
1501 3727 1549 3787 die
1569 3722 1621 3787 22
1637 3726 1794 3791 Januarii.
1833 3730 1928 3792 Statim

584 3816 635 3878 die
658 3813 712 3879 25.
736 3815 826 3877 Febr.
860 3816 990 3877 accasit
1021 3815 1121 3876 media
1149 3814 1319 3891 conjunctio
1343 3813 1468 3876 Saturni
1495 3827 1527 3874 et
1554 3816 1665 3876 Martis
1697 3817 1729 3879 in
1760 3816 1805 3881 3·
1827 3819 1878 3894 Υ;
1904 3829 1928 3876 et

581 3905 753 3985 conjunctio
775 3901 863 3966 Jorie
884 3915 918 3965 et
935 3905 1046 3965 blartis
1068 3905 1116 3965 die
1143 3903 1171 3963 1.
1187 3903 1290 3963 blartii
1313 3904 1344 3964 in
1365 3901 1404 3964 5·
1417 3901 1463 3978 Τ.
1499 3905 1602 3965 Motus
1625 3913 1729 3968 autem
1755 3919 1927 3988 apparentes

581 3995 625 4056 sic
649 4014 683 4055 se
706 3992 850 4056 habuere.
885 3995 977 4055 Auno
999 3993 1121 4054 Juliano
1141 3988 1193 4054 39.
1218 3993 1298 4053 circa
1321 3990 1374 4054 22.
1388 3992 1481 4066 lunii,
1505 3993 1577 4055 Sole
1602 3993 1630 4054 in
1650 3992 1765 4070 27⁶11
1789 4011 1926 4067 versante,

583 4083 640 4144 init
670 4082 840 4160 conjunctio
872 4081 994 4144 Saturni
1026 4091 1058 4143 et
1086 4082 1173 4143 Joris
1206 4081 1236 4140 in
1268 4078 1328 4144 23⁰
1351 4089 1397 4154 le:
1430 4102 1553 4161 qnorum
1585 4095 1713 4163 uterque
1748 4089 1845 4166 paulo
1871 4093 1928 4166 post

583 4171 682 4233 lamus
706 4183 756 4233 est
778 4173 992 4246 stationarius,
1023 4173 1066 4232 ita
1088 4180 1202 4232 utnon
1235 4171 1361 4232 multum
1382 4168 1503 4253 Jupiter
1524 4194 1543 4232 a
1566 4170 1700 4234 Saturno
1731 4187 1926 4256 separaretur.

582 4258 640 4331 Qui
664 4274 824 4341 postquam
846 4280 964 4324 cursum
987 4271 1019 4322 et
1041 4261 1107 4339 ipse
1130 4258 1160 4319 in
1184 4257 1337 4321 anteriora
1359 4262 1466 4335 vertit,
1495 4261 1602 4323 statim
1624 4263 1771 4341 Augusto
1797 4275 1927 4346 sequente

583 4347 745 4412 Saturnum
769 4361 851 4412 motu
874 4351 1051 4429 retrogrado
1073 4368 1190 4411 rursum
1215 4350 1271 4410 fuit
1294 4360 1399 4411 nactus
1428 4346 1659 4424 circa21⁰)(;
1696 4371 1926 4433 procurrensqoe

583 4439 612 4501 in
636 4438 788 4502 tundore
811 4438 958 4521 usquein
981 4438 1191 4512 Nouembrem,
1216 4440 1337 4501 tandem
1359 4440 1521 4503 Decembri
1543 4442 1632 4502 tertio
1652 4438 1825 4507 Saturnum
1848 4462 1926 4505 occu·

582 4529 668 4612 parit
700 4528 730 4590 in
765 4523 825 4592 17ο
852 4537 892 4602 34.
937 4526 1022 4598 Quos
1049 4529 1134 4590 biars
1166 4547 1244 4589 enno
1272 4525 1324 4591 40.
1348 4529 1510 4591 Februario
1541 4540 1572 4591 et
1598 4530 1714 4592 blattio
1748 4541 1926 4603 consecutus.

582 4615 664 4680 illurn
694 4617 724 4680 in
756 4617 813 4679 bne
844 4618 995 4692 Piscium,
1026 4618 1103 4680 bunc
1126 4618 1156 4679 in
1178 4618 1322 4699 principio
1345 4618 1477 4687 Arietis,
1511 4619 1649 4700 implerit
1681 4622 1926 4702 conjunctionem.

583 4706 654 4768 Fuit
676 4705 768 4786 igitur
796 4708 849 4769 illa
876 4726 987 4786 magna
1017 4708 1187 4787 conjunctio
1215 4709 1316 4787 potior
1337 4708 1393 4769 bac
1417 4718 1540 4781 nostra,
1570 4709 1648 4789 quod
1676 4729 1735 4790 pro
1768 4713 1926 4775 conditione

583 4806 717 4858 motuum
748 4804 818 4858 tunc
850 4797 994 4877 temporis
1023 4796 1248 4876 conjunctiones
1272 4796 1394 4859 Saturni
1418 4807 1450 4858 et
1472 4797 1559 4858 Joris
1591 4806 1760 4878 potnerunt
1789 4819 1926 4863 esserra

584 4884 648 4946 vioe
671 4895 754 4961 tres,
784 4885 861 4948 sicut
884 4886 972 4950 hodie
1003 4887 1124 4948 duorum
1157 4886 1284 4948 illorum·
1305 4887 1509 4968 oppositiones
1539 4897 1668 4967 possunt
1692 4908 1765 4951 esse
1797 4894 1924 4972 quinque,

584 4973 752 5054 conjunctio
774 4982 890 5037 tanturn
913 4994 982 5036 una.
1028 4974 1186 5051 Vicissim,
1210 4977 1269 5038 etsi
1292 4978 1390 5038 medio
1414 4976 1581 5056 conjunctio
1608 4987 1756 5056 punctum
1782 4977 1924 5042 cardinale

583 5064 784 5145 praecipuum,
808 5065 925 5127 scilicet
947 5064 1123 5145 principium
1135 5065 1250 5127 Arietis
1274 5085 1361 5145 qoam
1385 5067 1517 5146 proxime
1538 5066 1650 5146 attigit,
1677 5088 1822 5147 quorsum
1846 5072 1925 5130 etiam

584 5152 681 5233 ipsum
696 5171 796 5215 rerum
814 5173 941 5235 magum
960 5156 1175 5233 conjunctionis
1197 5156 1459 5235 complementum,
1482 5156 1548 5218 scil.
1568 5175 1640 5218 vera
1658 5158 1836 5236 conjunctio
1849 5157 1924 5221 lovis
