4584 6192
475 601 542 690 its
786 636 796 648 ·
945 622 1138 687 uveam
1155 624 1182 673 a
1199 619 1367 674 naam

475 800 586 864 caloris
610 815 701 862 sensu
725 806 757 861 ct
780 799 806 861 si
830 815 888 861 non
912 798 942 859 in
966 807 1118 860 momento
1141 799 1218 860 visio
1241 800 1448 879 perficeretur,
1482 798 1644 863 crederem.
1690 795 1737 860 At
1757 811 1837 861 nuuc

476 892 527 953 lux
550 897 582 951 et
612 889 743 961 colores,
775 888 893 950 minime
923 906 997 947 saue
1025 886 1242 950 calefacientes
1274 896 1309 949 et
1333 893 1487 949 momento
1514 887 1634 949 oculum
1666 886 1835 965 ingressae,

474 979 563 1058 louge
590 987 662 1039 suut
691 976 873 1050 subtiliores,
898 994 987 1056 quam
1009 983 1044 1037 ut
1067 996 1086 1036 a
1109 995 1253 1056 corporea
1282 976 1384 1038 tunica
1415 975 1619 1055 percipiantur
1645 976 1702 1038 sub
1732 983 1836 1037 tactus

476 1067 604 1130 ratione.
637 1065 718 1128 Vide
741 1084 817 1148 quae
839 1063 940 1144 eapite
961 1063 1057 1143 primo
1082 1064 1119 1125 de
1143 1074 1226 1128 motu
1249 1065 1452 1127 immateriato
1475 1065 1551 1126 lucis
1566 1063 1834 1145 disputaverimus.

473 1156 543 1218 Nou
566 1155 669 1236 itaque
691 1154 794 1216 tunica
817 1173 853 1215 ac
876 1171 914 1214 ue
937 1171 1046 1214 nervus
1070 1153 1207 1233 quidem,
1232 1154 1286 1215 sed
1310 1154 1449 1234 spiritus,
1482 1153 1541 1215 imo
1565 1154 1679 1233 aliquid
1701 1152 1835 1214 fortasse

475 1242 606 1306 divinius
635 1253 698 1318 est,
732 1242 811 1323 quod
838 1242 934 1303 lucem
963 1241 1091 1321 suscipit
1118 1250 1150 1303 et
1181 1242 1391 1322 persentiscit,
1420 1242 1499 1323 quod
1531 1260 1625 1321 supra
1650 1241 1764 1321 negavi
1795 1241 1836 1303 ab

474 1331 585 1414 opticis
608 1331 783 1411 investigari
806 1348 908 1410 posse.
942 1331 1022 1391 h'am
1046 1331 1156 1392 ibidem
1179 1339 1211 1392 et
1234 1331 1291 1393 hoc
1312 1331 1478 1392 refutatum
1501 1339 1559 1405 est,
1583 1330 1702 1410 species
1723 1329 1835 1391 iubae·

474 1438 592 1483 rescere
615 1429 669 1482 aut
691 1419 819 1500 imprimi
843 1418 1026 1480 humoribus.

562 1508 633 1571 Jam
657 1509 735 1591 quod
768 1507 958 1570 simulacrum
996 1525 1080 1568 suum
1116 1506 1244 1568 Vitellio
1273 1505 1385 1568 format
1416 1506 1492 1568 solis
1523 1504 1835 1586 perpendicularibus,

474 1597 603 1659 immane
640 1616 730 1679 quam
763 1595 917 1658 subtiliter
947 1594 1115 1674 distinguat
1146 1596 1226 1657 iuter
1257 1595 1523 1675 perpendiculares
1553 1595 1675 1674 illisque
1711 1594 1834 1656 omniuo

473 1686 636 1766 proximas.
674 1683 708 1747 Si
731 1686 783 1747 lux
807 1683 871 1763 agit
894 1684 923 1745 in
948 1703 1069 1745 sensum
1093 1691 1125 1743 et
1149 1703 1256 1745 seusus
1280 1684 1337 1745 hac
1360 1685 1480 1745 actione
1502 1684 1628 1761 patitur,
1649 1701 1707 1765 pro
1725 1682 1834 1744 robore

473 1774 567 1855 igitur
591 1774 720 1836 actionis
749 1773 885 1851 graviter
911 1772 976 1852 ipse
1004 1780 1036 1833 et
1062 1772 1207 1851 patietur.
1253 1772 1349 1853 Atqui
1377 1791 1455 1852 pene
1482 1772 1556 1834 nihil
1589 1772 1733 1834 diffemut
1759 1770 1834 1832 illn-

473 1864 599 1925 strando
629 1862 892 1943 perpendiculares
924 1869 956 1921 et
987 1860 1049 1922 illis
1067 1861 1246 1940 proximae,
1277 1879 1314 1921 eo
1337 1861 1417 1941 quod
1438 1878 1516 1940 pene
1539 1861 1612 1923 nihil
1635 1861 1693 1922 bae
1721 1859 1834 1923 refrin-

472 1959 592 2033 gautur.
638 1951 785 2031 Aequalis
807 1950 901 2029 igitur
922 1967 999 2028 pene
1021 1950 1142 2030 passio,
1175 1949 1207 2011 id
1230 1957 1279 2011 est
1301 1949 1402 2011 sensio
1425 1949 1715 2029 perpendicularium
1738 1957 1771 2010 et
1793 1946 1833 2010 iia

471 2040 687 2120 proximarum.
734 2036 871 2101 Confusa
893 2037 996 2118 itaque
1019 2037 1130 2112 sensio,
1157 2038 1269 2099 frustra
1291 2036 1449 2100 laborante
1463 2038 1641 2101 Vitellioue.
1673 2035 1735 2101 Sed
1755 2035 1832 2099 nibil

470 2128 572 2190 verbis
596 2147 680 2210 opus.
726 2128 973 2189 Demonstratum
998 2134 1047 2187 est
1068 2125 1237 2188 rationibus
1259 2135 1293 2188 et
1314 2127 1527 2206 experimentis
1549 2126 1737 2200 certissimis,
1759 2125 1831 2204 pio-

471 2224 570 2280 turam
594 2218 637 2280 rei
661 2236 714 2278 seu
747 2216 961 2297 hemisphaerii
993 2216 1087 2277 statui
1117 2216 1155 2276 ad
1187 2233 1294 2276 cavum
1319 2214 1468 2295 parietem
1498 2215 1676 2289 retiformis,
1708 2213 1833 2276 sublata

469 2305 561 2386 plane
583 2305 758 2368 confusione
780 2305 860 2366 omni
883 2305 1043 2380 radiorum.
1086 2302 1210 2365 Certum
1234 2303 1342 2365 deinde
1365 2312 1428 2380 est,
1453 2305 1614 2367 multorum
1633 2303 1831 2383 aspectabilis

474 2394 685 2475 hemisphaerii
710 2401 886 2473 punctomm
910 2393 1012 2454 radios
1035 2393 1185 2454 confluere
1208 2392 1238 2452 in
1261 2411 1349 2454 unum
1365 2392 1533 2475 crystallini
1545 2400 1699 2473 punctum.
1732 2392 1831 2458 Deui-

474 2502 532 2564 que
554 2502 645 2545 seusu
668 2490 764 2563 patet,
788 2482 900 2545 idolum
924 2501 978 2543 seu
1001 2481 1162 2561 imaginem
1185 2482 1403 2544 contrastantis
1417 2500 1563 2563 apparere
1586 2482 1623 2544 in-
1640 2481 1727 2563 nigro
1741 2481 1831 2545 oculi.

473 2571 665 2633 Democritus
689 2570 780 2650 igitur
803 2569 979 2652 antiquitus,
1004 2577 1038 2632 ut
1060 2577 1110 2632 est
1133 2569 1212 2649 apud
1226 2569 1425 2633 Aristotelem
1449 2571 1486 2632 de
1500 2569 1694 2633 sensibilibus
1715 2577 1782 2650 oap'.
1798 2568 1830 2643 2,

472 2659 619 2721 visionem
641 2660 706 2721 fieri
729 2658 808 2720 dixit
828 2678 883 2738 per
906 2659 982 2720 hanc
1007 2658 1167 2738 imaginem
1191 2677 1243 2719 seu
1267 2657 1388 2720 idolum.
1422 2659 1549 2722 Vitellio
1573 2659 1659 2734 dixit,
1684 2658 1831 2721 visionem

472 2748 537 2810 lieri
559 2764 615 2829 per
644 2747 800 2809 confusam
828 2747 1061 2809 illustrationem
1088 2746 1267 2827 crystallini.
1313 2747 1380 2826 Ego
1406 2748 1488 2822 dico,
1511 2747 1658 2810 visionem
1688 2748 1755 2811 fleri
1777 2767 1831 2829 per

474 2836 553 2898 hane
583 2836 753 2899 confessam
786 2844 817 2897 et
846 2835 957 2898 invicte
991 2836 1228 2897 demonstratam
1258 2836 1416 2915 picturam.
1463 2834 1578 2899 Omnes
1599 2844 1664 2898 tres
1686 2838 1830 2920 supposi-

473 2924 573 2987 tiones
597 2932 699 2987 certae
722 2933 812 3000 sunt3
844 2925 992 2986 incertum
1019 2925 1045 2986 si
1073 2924 1129 2986 tibi
1162 2935 1229 2994 est,
1257 2942 1387 3004 quanam
1416 2944 1454 2986 ex
1476 2926 1524 2988 his
1545 2925 1721 3004 perficiatur
1742 2925 1832 3000 visio,

473 3023 599 3095 sequere
614 3013 789 3096 quamlibet,
813 3012 981 3076 rationibus
1003 3020 1104 3075 tamen
1128 3012 1250 3074 auditis.
1283 3014 1488 3076 Democritum
1510 3014 1628 3094 quidem
1641 3014 1831 3078 Aristotelea

472 3103 627 3178 refutavit,
650 3121 785 3177 mouens,
809 3120 868 3164 uon
893 3121 961 3164 esse
983 3102 1095 3163 idolum
1117 3101 1150 3163 id
1173 3119 1237 3163 rem
1252 3103 1395 3182 aliquam,
1419 3102 1474 3163 sed
1496 3100 1632 3179 ἔμφασιν,
1655 3103 1829 3184 imaginem,

473 3192 561 3253 utin
584 3192 773 3270 catoptricis,
798 3211 856 3253 uon
870 3190 1029 3271 picturam,
1053 3209 1109 3252 uec
1132 3208 1202 3252 esse
1224 3196 1327 3261 παθος
1350 3191 1428 3254 oculi
1451 3192 1481 3252 in
1505 3210 1564 3272 quo
1582 3191 1683 3253 inesse
1696 3200 1833 3272 putatur,

474 3269 539 3340 sed'
561 3280 638 3342 oculi
669 3280 763 3360 positi
790 3288 897 3342 contra
924 3280 1004 3341 hunc
1036 3279 1153 3340 oculum
1182 3287 1215 3340 et
1247 3298 1315 3342 sese
1342 3280 1371 3341 iu
1402 3298 1439 3341 eo
1469 3280 1655 3359 aspicientis.
1702 3282 1754 3343 Ita
1777 3300 1834 3362 ego

473 3366 670 3429 Vitelliouem
693 3368 798 3430 refello
822 3368 975 3447 ipsissima
1003 3367 1178 3429 confusione
1210 3369 1371 3431 radiorum.
1417 3368 1497 3431 Nam
1525 3370 1603 3448 quod
1632 3370 1678 3431 ait
1709 3370 1834 3452 obliqua

474 3473 590 3536 quoque
613 3456 725 3530 videri,
750 3463 899 3536 quatenus
923 3456 1062 3538 obliquae
1086 3456 1271 3517 radiatioues
1295 3465 1476 3519 concurrant
1506 3476 1574 3519 cum
1596 3459 1832 3539 perpendicula-

472 3544 578 3615 ribus,
602 3545 707 3607 eodem
732 3545 822 3625 igitur
844 3554 956 3625 puncto
979 3545 1122 3624 recipitur
1136 3544 1258 3625 obliqua
1282 3554 1313 3607 et
1327 3546 1443 3608 directa
1461 3546 1600 3609 radiatio.
1628 3546 1717 3608 Duae
1740 3548 1834 3631 igitur

471 3650 522 3694 res
545 3651 605 3694 uuo
628 3634 694 3695 loco
718 3635 969 3696 existimabuntur
992 3653 1070 3695 esse.
1108 3634 1160 3694 Me
1184 3652 1255 3696 vero
1279 3635 1436 3697 coufirmat
1458 3634 1715 3697 universalissima
1737 3655 1833 3719 argu-

472 3721 621 3783 mentatio
644 3722 701 3803 ipsi
720 3722 877 3785 Vitellioui
900 3732 1056 3802 usurpata.
1090 3722 1198 3783 Passio
1222 3723 1347 3785 visionis
1370 3723 1506 3803 sequitur
1529 3724 1678 3786 actionem
1692 3724 1833 3788 illustra·

472 3809 576 3884 tionis,
600 3811 631 3872 in
655 3811 744 3873 modo
768 3820 799 3872 et
821 3812 1024 3892 proportione.
1057 3810 1172 3872 Retiua
1194 3830 1265 3873 vero
1286 3812 1455 3874 illustratur
1476 3812 1618 3875 distincte
1640 3832 1698 3894 per
1719 3824 1835 3894 puncta

470 3897 591 3979 singula
624 3918 644 3960 a
674 3902 795 3979 punctis
828 3919 925 3962 rerum
958 3898 1100 3978 singulis,
1140 3907 1172 3960 et
1201 3918 1256 3979 per
1278 3901 1398 3980 singula
1428 3911 1542 3979 puncta
1574 3903 1750 3965 fortissime.
1797 3905 1834 3966 ln

474 3989 573 4050 retina
596 3988 697 4068 igitur,
722 4008 780 4049 nou
796 3989 876 4059 alibi,
900 3989 965 4050 fieri
988 3988 1220 4049 distinctissime
1242 3998 1274 4052 et
1297 3989 1524 4052 evidentissima
1546 3991 1622 4053 visio
1645 4000 1773 4071 potest.
1796 3993 1834 4055 ld

470 4084 559 4137 tauto
582 4077 695 4156 magis,
725 4077 802 4158 quod
827 4079 919 4139 etiam
942 4077 1095 4138 turbatam
1117 4077 1254 4156 picturae
1284 4079 1432 4141 rationem
1455 4080 1531 4142 vitia
1553 4080 1673 4142 videndi
1696 4100 1833 4163 sequun-

470 4171 537 4238 tur,
571 4166 616 4226 uti
649 4165 887 4228 demonstratum
919 4175 977 4227 est.
1023 4167 1071 4226 Ac
1099 4166 1201 4227 nescio
1225 4186 1263 4228 au
1287 4168 1478 4229 Democritus
1502 4169 1580 4230 hauc
1601 4170 1705 4249 potius
1726 4172 1833 4250 pictu-

470 4269 545 4328 ram,
569 4252 642 4314 idoli
665 4254 711 4316 sui
735 4256 867 4331 nomine,
892 4274 949 4335 quo
973 4253 1049 4316 visio
1073 4256 1143 4329 fiat,
1167 4256 1384 4330 celebraverit,
1417 4275 1506 4337 quam
1527 4258 1612 4321 illam
1635 4261 1833 4341 specularem

470 4337 607 4419 ἐμφασιυ.
652 4340 752 4423 Saepe
781 4343 913 4424 antiquis
937 4344 1113 4417 usuvenit,
1138 4351 1174 4404 ut
1196 4345 1234 4405 ab
1257 4344 1426 4407 Aristotele
1449 4347 1505 4408 sub
1528 4348 1733 4411 commentitio
1757 4366 1832 4412 seu-

469 4428 584 4490 tentiae
608 4430 762 4493 schemate
785 4433 994 4494 refellerentur
1016 4432 1166 4494 immeriti.

527 4594 530 4598 ,
559 4516 648 4589 Quod
672 4538 742 4582 vero
769 4521 841 4583 mihi
874 4521 963 4601 objici
994 4530 1099 4601 posset
1127 4521 1258 4583 inversio
1288 4539 1373 4583 meae
1400 4522 1554 4603 picturae,
1590 4543 1680 4605 quam
1703 4525 1832 4590 Vitellio

470 4615 581 4686 magno
605 4608 706 4670 studio
731 4610 910 4671 declinavit:
934 4609 1060 4689 primum
1083 4610 1120 4682 is,
1144 4611 1183 4670 ad
1204 4629 1269 4671 eam
1294 4612 1475 4674 senteutiam
1498 4613 1702 4692 obtinendam,
1725 4617 1831 4696 plaui-

468 4695 541 4758 tiem
564 4696 742 4778 crystallino
766 4707 872 4761 contra
895 4699 1087 4761 manifestam
1111 4699 1328 4778 experientiam
1350 4701 1471 4774 tribuit:
1503 4719 1580 4781 quae
1609 4718 1677 4766 cum
1705 4705 1830 4785 gibbam

467 4801 536 4846 esse
559 4785 747 4865 superficiem
771 4787 854 4848 illam
877 4795 1011 4863 asserat,
1046 4790 1162 4849 fatente
1195 4787 1298 4868 itaque
1327 4788 1492 4853 Vitellione
1522 4791 1575 4854 liet
1601 4792 1831 4857 simulacrorum

463 4871 608 4936 inversio.
665 4875 767 4954 Atque
801 4894 857 4955 ego
889 4876 1057 4938 diutissime
1090 4894 1165 4938 saue
1194 4895 1241 4938 me
1273 4878 1363 4952 torsi,
1394 4885 1427 4940 nt
1449 4880 1641 4944 ostenderem
1672 4898 1767 4946 conos
1797 4883 1829 4946 iu

459 4961 605 5041 ingressu
630 4963 784 5024 foraminis
808 4983 902 5026 uveae
931 4965 1070 5026 sinistros
1103 4984 1141 5025 ex
1170 4965 1285 5027 dextris
1314 4967 1427 5042 factos,
1461 4978 1532 5047 post
1560 4970 1769 5054 crystallinum
1797 4972 1827 5033 iu

464 5051 564 5111 medio
588 5051 675 5113 vitrei
700 5071 814 5113 rursum
840 5052 936 5115 secari
959 5054 1080 5132 fierique
1105 5055 1232 5115 alteram
1255 5054 1464 5130 inversionem,
1491 5064 1523 5119 et
1545 5048 1596 5139 qui
1619 5059 1736 5124 sinistri
1753 5061 1828 5123 facti

465 5149 562 5215 eraut,
588 5140 712 5201 dextros
726 5158 842 5203 rursum
866 5142 930 5204 fleri
953 5142 1125 5221 priusquam
1150 5142 1189 5203 ad
1207 5144 1336 5205 retinam
1349 5147 1534 5226 pertingant.
1549 5182 1551 5190 ·
1566 5148 1633 5212 Nec
1654 5149 1723 5214 fiais
1741 5150 1827 5231 hujus
