4584 6192
475 541 541 611 584
898 542 998 595 literae
1016 542 1119 609 Keplari
1137 544 1288 609 aliormuqne
1305 552 1407 596 mamas

475 729 527 776 tres
552 720 665 773 admitto.
702 718 839 771 euntes·
863 718 1454 784 eoehatnnumeoeluur.1drepraeeentat
1479 719 1842 785 parabolieetriastatcmet

475 794 598 845 unitatem
623 792 741 842 dianam.
787 790 932 856 Supremum
960 791 1055 842 coelum
1081 791 1202 840 invisibile
1228 792 1374 842 invisibilem
1401 792 1483 842 innuit
1509 805 1642 856 personam
1670 790 1723 841 Dei
1751 793 1840 855 patrie.

475 865 670 916 Firmamentum
689 862 816 913 stellarum
834 863 938 912 fixarum
957 863 1060 911 denotat
1078 876 1209 924 personam
1226 861 1275 912 Dei
1293 862 1337 911 filii
1356 864 1506 914 mediatoria
1533 861 1628 914 Stellae
1646 862 1720 927 ipsae
1738 865 1840 928 magui-

473 936 565 986 tudinia
585 935 696 985 direrrae
715 935 824 984 roiernnt
841 934 911 983 nobis
930 934 1072 989 chrismata,
1093 933 1332 997 archiepiscopatum
1350 940 1377 983 et
1395 935 1577 997 episcopatum,
1598 936 1640 997 qui
1657 934 1685 983 in
1705 932 1840 996 sufficie

474 1008 550 1056 muns
564 1006 657 1055 Terrae
675 1006 786 1055 similiter
802 1005 941 1069 inaequalis
960 1005 1137 1069 magnitudinis
1150 1006 1201 1054 rire
1220 1005 1311 1053 ordinis
1329 1006 1421 1067 passim
1434 1011 1501 1062 eunt,
1520 1006 1621 1054 morunt
1639 1012 1667 1055 et
1678 1004 1759 1054 interi
1771 1012 1838 1055 sunt.

473 1076 588 1141 Denique
607 1076 703 1126 coelum
721 1083 816 1140 septem
833 1076 990 1140 planetarum
1008 1082 1180 1138 repraesentat
1198 1077 1310 1139 spiritum
1328 1083 1443 1126 sanctum
1461 1091 1518 1125 cum
1536 1074 1552 1123 7
1571 1077 1753 1133 samamenn‘a,
1771 1090 1838 1140 quae

475 1148 509 1199 ad
527 1148 658 1198 ecclesiam
677 1147 823 1197 militantem
841 1149 975 1210 pertinent,
994 1161 1069 1210 qnare
1088 1148 1158 1195 nohis
1170 1162 1213 1210 per
1230 1146 1315 1197 stellae
1332 1147 1435 1197 mobiles
1453 1154 1691 1211 repraesentantur:
1711 1145 1790 1196 Luna
1801 1152 1839 1197 est

474 1218 549 1269 stella
567 1218 697 1281 Baptismi,
716 1218 781 1283 quod
800 1233 830 1267 ex
848 1221 996 1283 cognatione
1014 1219 1139 1281 utriusque
1159 1232 1215 1267 cnm
1234 1231 1300 1282 aqna
1318 1217 1433 1282 colligere
1450 1233 1598 1282 possumus,
1625 1224 1653 1268 et
1670 1232 1719 1282 per
1736 1217 1837 1267 Lunam

475 1289 505 1340 ht
522 1291 641 1339 transitur
659 1289 692 1339 ad
715 1290 881 1353 cognitionem
908 1290 1055 1353 reliquarum
1081 1289 1217 1337 stellarum.
1253 1288 1390 1337 Mercurius
1417 1299 1455 1339 est
1481 1289 1554 1339 stella
1576 1288 1750 1344 Matrimonii,
1780 1289 1837 1338 aab·

475 1361 587 1418 obscura,
615 1373 688 1424 vaga.
724 1360 863 1409 Venus-
883 1360 953 1410 Sacri
973 1360 1078 1418 Ordinis,
1108 1362 1216 1409 omnium
1243 1358 1414 1422 pulcherrima
1452 1358 1495 1410 Sol
1513 1386 1547 1396 -
1565 1360 1756 1420 Poeniteutiae,
1781 1360 1836 1417 dnn,

476 1432 570 1489 oenlns,
590 1446 639 1488 cor,
658 1432 711 1480 fons
721 1434 830 1481 omnium
848 1432 995 1496 reliquarum
1013 1432 1139 1480 stellarum
1157 1430 1290 1484 mobilium.
1310 1431 1411 1493 perinde
1424 1439 1453 1481 ut
1466 1432 1595 1488 contessio,
1615 1433 1745 1489 contritio,
1764 1432 1835 1481 satie·

474 1503 551 1554 laeuo
569 1502 715 1565 reliquorum
742 1509 960 1552 sacramentorum.
997 1502 1066 1552 Mars
1086 1528 1118 1537 -
1139 1502 1353 1559 Confirmationis,
1377 1502 1476 1552 biennio
1494 1517 1640 1560 recurreno,
1666 1505 1753 1567 pueris
1772 1517 1836 1553 eom·

475 1580 571 1638 petens,
591 1574 698 1638 aliquam
717 1576 884 1623 constantiam
903 1574 1033 1623 denotans.
1069 1573 1219 1637 Jupiter-
1238 1572 1423 1634 Eucharistiae,
1442 1574 1567 1637 pubertati
1585 1589 1745 1641 congruens.
1765 1572 1837 1623 atella

475 1647 583 1694 omnium
599 1645 779 1707 jucundissima
798 1652 824 1694 et
841 1645 994 1694 suavissima.
1032 1643 1154 1694 Saturnus
1175 1670 1205 1679 -
1226 1643 1358 1694 Extremae
1379 1645 1510 1693 unctionis.

563 1714 590 1765 Si
608 1718 662 1780 quis
680 1719 842 1780 proprietates
860 1723 1072 1766 sacramentorum
1091 1731 1146 1766 cnm
1164 1716 1271 1766 motibus
1296 1715 1452 1779 planetarum
1477 1716 1603 1773 conferet,
1623 1715 1800 1767 admirabilem
1816 1716 1836 1764 ia

475 1785 524 1837 hac
542 1788 568 1836 ln
586 1802 612 1836 re
632 1789 825 1838 concinnitatem
843 1790 956 1851 reperiet.
977 1812 1009 1821 ··

565 1868 604 1917 Ad
631 1867 695 1917 haec
722 1867 848 1932 respondit
874 1867 1039 1930 Keplerns
1066 1866 1138 1931 paulo
1167 1873 1222 1931 post
1241 1864 1306 1928 (dies
1325 1864 1406 1928 deest)
1433 1865 1499 1916 hunc
1516 1868 1542 1916 in
1564 1865 1684 1915 modnmr
1713 1857 1836 1920 Liberat

476 1946 568 2023 Tuas,
592 1947 697 2027 Magn.
722 1958 754 2010 et
775 1948 854 2012 Nob.
880 1948 937 2010 Vir
960 1948 1006 2009 his
1031 1948 1135 2009 diebus
1164 1967 1275 2027 magna
1302 1948 1421 2009 laetitia
1445 1948 1558 2028 accepi.
1604 1947 1706 2027 Igitur
1730 1946 1836 2009 statim

477 2037 517 2099 ad
540 2038 778 2116 respondendum
799 2057 972 2111 conversus,
993 2037 1071 2117 quod
1090 2037 1296 2115 magnitudine
1315 2038 1479 2098 officiorum
1498 2056 1557 2098 non
1572 2054 1707 2118 possum,
1731 2054 1835 2116 prom-

474 2124 601 2189 titndine
627 2135 659 2187 et
682 2126 823 2206 obsequio
848 2127 955 2188 testari
979 2126 1059 2187 volui
1083 2146 1181 2187 meam
1205 2126 1428 2203 gratitudinem.

565 2232 676 2293 Libelli
699 2232 758 2295 mei
778 2233 815 2293 de
839 2232 938 2294 Stella
960 2242 1063 2312 partes
1087 2241 1158 2293 sunt
1172 2232 1303 2305 ,multae
1327 2250 1451 2311 quarum
1474 2249 1550 2304 eam,
1575 2249 1654 2310 quae
1679 2230 1834 2310 significa·

474 2320 607 2383 tionibus
632 2329 688 2395 est,
713 2321 827 2382 minimi
850 2322 943 2395 facio;
968 2321 1026 2382 etsi
1050 2322 1145 2383 multa
1169 2322 1306 2401 inspersa
1328 2320 1545 2400 philosophica.
1591 2318 1669 2381 Cum
1689 2319 1835 2399 judicium

473 2408 518 2471 Μ.
543 2409 582 2470 V.
607 2419 750 2489 peterem,
776 2419 842 2472 erat
866 2411 937 2472 mihi
962 2410 1042 2472 inter
1064 2410 1227 2491 praecipua
1258 2410 1287 2470 in
1316 2410 1414 2470 animo
1439 2407 1515 2487 Cap.
1539 2406 1659 2471 xxvi.
1684 2408 1834 2482 XXVII,

474 2507 509 2560 ut
532 2500 655 2571 scirem,
680 2518 839 2578 quamnam
863 2500 1031 2579 expositis
1055 2499 1243 2578 opinionibus
1267 2498 1443 2578 sequereris.
1490 2498 1537 2559 De
1562 2496 1835 2575 significationibus

472 2588 559 2649 vides
582 2608 628 2649 me
653 2588 736 2649 litem
759 2608 889 2650 movere.
937 2589 1046 2650 Testor
1069 2589 1098 2649 in
1122 2588 1327 2667 praefatione,
1360 2596 1460 2648 testor
1486 2585 1517 2648 in
1549 2585 1756 2648 conclusione.
1802 2585 1834 2647 In

474 2686 616 2738 contextu
640 2696 712 2737 vero
742 2696 859 2757 semper
887 2697 1008 2738 assumo
1042 2677 1212 2756 hujusmodi
1243 2676 1404 2757 principia,
1439 2694 1515 2755 quae
1549 2683 1619 2737 sunt
1648 2696 1834 2751 corrosam,

472 2784 567 2845 neque
591 2773 692 2826 tamen
718 2767 806 2827 lacile
831 2766 1009 2834 refutantur,
1033 2766 1170 2845 populari
1193 2766 1388 2844 persuasione
1412 2764 1544 2825 suffulta.
1591 2763 1634 2825 Et
1658 2764 1732 2843 quid
1757 2763 1834 2825 aliud

472 2862 521 2914 est
554 2862 636 2914 totns
667 2853 800 2929 libellus,
837 2874 925 2934 quarn
965 2855 1096 2916 solennis
1133 2853 1365 2930 decacuminare
1407 2854 1501 2915 totius
1541 2854 1604 2914 iere
1647 2852 1834 2932 astrologiae

471 2941 658 3023 judiciariae,
684 2943 757 3004 solis
781 2944 954 3023 aspectibus
976 2944 1006 3004 iu
1031 2951 1156 3004 naturae
1179 2953 1283 3023 partes
1307 2942 1465 3004 traductis.
1512 2943 1620 3020 ltaque
1640 2941 1715 3002 dum
1730 2959 1832 3020 negas,

472 3031 694 3111 praedictiones
723 3050 820 3093 rerum
843 3032 1070 3114 particularium
1102 3032 1156 3093 niti
1189 3033 1286 3093 solido
1319 3041 1350 3093 et
1373 3031 1456 3092 firmo
1489 3031 1707 3104 fundamento,
1742 3030 1833 3091 habes

472 3139 521 3182 me
545 3120 781 3182 consentientem
805 3141 859 3183 nec
884 3122 963 3183 aliud
994 3140 1032 3181 ex
1065 3121 1140 3182 libro
1168 3121 1304 3182 eviceris.
1351 3120 1396 3181 At
1428 3118 1547 3181 interim
1579 3118 1674 3199 pilam
1708 3119 1832 3180 eandem

473 3208 636 3270 identidem
660 3210 886 3290 repercutimus,
910 3211 989 3290 quod
1013 3209 1132 3271 scilicet
1154 3229 1211 3270 non
1236 3210 1303 3270 ideo
1327 3209 1401 3270 nihil
1432 3209 1548 3270 coelum
1579 3216 1655 3287 agat
1677 3205 1710 3267 in
1735 3208 1830 3269 homi-

471 3316 554 3372 nem,
579 3298 604 3358 si
629 3318 705 3378 quae
728 3298 840 3360 homini
863 3300 1005 3360 eveniunt
1027 3298 1224 3378 particularia
1255 3298 1387 3378 praedici
1419 3317 1478 3358 non
1504 3305 1644 3375 possunt.
1693 3295 1831 3358 Praedici

472 3387 604 3449 fortasse
627 3386 726 3465 potuit
749 3396 916 3467 tempestas
939 3387 968 3448 iu
994 3389 1060 3448 lacu
1086 3386 1286 3450 Genesareth.
1320 3386 1365 3448 At
1389 3384 1543 3447 Christum
1566 3385 1597 3446 in
1621 3383 1695 3446 navi
1719 3384 1831 3447 dormi-

470 3484 578 3550 turum,
605 3476 768 3555 discipulos
793 3478 1004 3555 trepidaturos,
1031 3476 1165 3556 praedici
1188 3497 1245 3537 non
1270 3475 1378 3556 potnit.
1426 3475 1605 3555 Tempestas
1635 3473 1717 3535 enim
1741 3485 1830 3535 natu·
1874 3465 1876 3479 ¹

472 3565 567 3626 ralem
592 3567 668 3625 forte
693 3584 816 3628 cansam
840 3565 954 3639 habuit;
979 3575 1133 3644 aspectum
1150 3567 1323 3637 coelestem,
1348 3563 1502 3627 Christum
1526 3582 1596 3624 vero
1614 3581 1673 3624 non
1690 3574 1830 3643 aspectos

470 3654 524 3714 sed
548 3654 704 3714 arbitrium
728 3655 758 3715 in
786 3655 886 3715 navim
917 3655 1084 3715 induxerat.
1132 3655 1240 3733 Itaque
1271 3673 1364 3716 causa
1387 3654 1469 3714 nulla
1497 3660 1559 3724 est,
1588 3671 1641 3713 cur
1663 3651 1830 3714 Martinam

470 3742 529 3803 Del
552 3741 611 3803 Rio
635 3743 683 3803 hic
706 3743 877 3825 repudiem‚
902 3743 930 3804 in
955 3743 1005 3803 illo
1030 3752 1171 3804 accurato
1196 3743 1332 3804 examine
1366 3741 1548 3820 astrologiae
1582 3738 1699 3821 aliquid
1731 3748 1829 3803 tamen

472 3831 556 3893 coelo
581 3833 713 3894 dantem.
760 3831 823 3892 Alii
846 3852 927 3908 vcro,
952 3832 1002 3911 qui
1025 3833 1139 3893 coelum
1164 3831 1250 3911 ajunt
1273 3831 1417 3893 inclinare
1441 3850 1498 3892 non
1522 3829 1729 3906 necessitate,
1755 3830 1830 3911 quod

471 3921 570 3982 altera
601 3941 691 3983 mauu
724 3921 871 3982 dederant
901 3922 998 3982 altera
1030 3941 1146 3983 rursum
1180 3921 1330 4001 eripiunt3
1368 3919 1511 3981 inclinare
1548 3918 1762 3997 intelligentes
1794 3918 1830 3979 ad

469 4009 682 4091 particularia,
709 4029 786 4089 quae
810 4018 880 4070 sunt
903 4009 1021 4071 arbitrii
1045 4020 1097 4070 aut
1121 4030 1223 4084 casus,
1257 4019 1290 4070 ut
1314 4011 1353 4070 ad
1377 4010 1505 4081 caedes,
1540 4008 1578 4068 ad
1603 4008 1763 4082 incestus,
1795 4008 1830 4068 ad

470 4098 549 4159 ictus
578 4099 758 4177 ignitorum:
797 4099 876 4178 quod
904 4118 977 4159 sane
1007 4118 1064 4159 non
1092 4099 1201 4177 probo:
1240 4099 1324 4160 nulla
1356 4097 1434 4157 enirn
1467 4096 1539 4158 talis
1572 4104 1622 4157 est
1650 4116 1712 4158 non
1746 4097 1830 4158 modo

468 4187 655 4255 necessitas,
689 4188 743 4248 sed
767 4206 803 4247 ne
828 4186 983 4248 inclinatio
1007 4187 1135 4267 quidem.
1182 4187 1343 4248 Inclinatio
1367 4205 1437 4247 vero
1462 4205 1500 4246 ex
1523 4185 1609 4247 coelo
1632 4186 1716 4264 petit
1739 4186 1830 4247 affec·

468 4282 519 4336 tus
543 4276 669 4336 hominis
693 4285 868 4356 ceterasque
892 4278 997 4338 brutas
1022 4277 1194 4339 facultates.
1233 4276 1295 4339 Sed
1319 4276 1422 4353 accipe
1447 4275 1525 4355 quod
1548 4274 1655 4352 petisti
1675 4275 1829 4355 judicium.

558 4363 760 4444 Comparatur
782 4366 829 4426 hic
854 4366 969 4426 coelum
993 4385 1059 4426 cnm
1083 4365 1223 4427 ecclesia.
1269 4364 1441 4426 Probabile.
1488 4364 1568 4425 Nam
1591 4362 1680 4425 Deus
1703 4366 1831 4445 popula·

467 4453 543 4516 riter
566 4455 699 4516 creditur
720 4454 808 4516 nohis
832 4455 868 4514 de
893 4456 982 4516 rebus
1006 4456 1118 4517 nostris
1142 4456 1174 4516 in
1197 4456 1298 4517 Terris
1323 4454 1410 4531 signa
1441 4452 1576 4513 mittere:
1610 4452 1711 4515 mittit
1736 4463 1831 4517 autern

467 4544 556 4621 signa
580 4544 617 4604 de
641 4545 736 4606 coelo.
785 4541 911 4605 (ioelum
935 4542 1026 4621 igitur
1050 4545 1152 4623 signat
1175 4563 1224 4605 res
1255 4552 1385 4604 nostras.
1432 4540 1480 4601 Ex
1509 4541 1598 4602 rebus
1627 4542 1748 4605 uostris
1780 4562 1832 4623 po·

468 4632 606 4693 tissimae
632 4632 867 4706 ecclesiasticae,
893 4633 1050 4712 inquibus
1074 4633 1190 4694 animus
1215 4641 1393 4711 occupatur,
1417 4629 1471 4691 illa
1493 4647 1566 4708 pars
1589 4629 1738 4701 hominis,
1762 4648 1832 4713 quat

468 4730 543 4800 apta
579 4730 628 4782 est
671 4722 784 4783 moveri
819 4742 837 4781 a
870 4721 964 4802 signis
999 4721 1117 4784 divinis.
1179 4720 1276 4801 Signa
1314 4721 1405 4799 igitur
1442 4717 1589 4781 coelestia
1626 4718 1760 4800 signant
1789 4737 1832 4783 res

468 4810 628 4871 ecclesiae.
674 4809 852 4872 Auctoritas
876 4830 902 4871 s.
929 4811 1082 4872 literarum
1112 4811 1274 4873 ecclesiam
1298 4816 1457 4888 comparat
1478 4808 1598 4880 Lunae,
1631 4810 1833 4889 particulares

469 4898 617 4960 ecclesias
650 4908 767 4979 septem
790 4899 885 4961 Asiae
915 4907 1073 4979 comparat
1096 4909 1213 4980 septem
1244 4900 1341 4962 stellis
1375 4915 1535 4977 earumque
1569 4898 1722 4976 angelos,
1757 4901 1786 4961 h.
1808 4917 1831 4958 e.

467 5003 637 5066 episcopos.
