4584 6192
868 613 871 618 ·
962 594 1044 661 capae
1061 591 1135 646 xxx.
1654 598 1716 667 741

368 769 437 848 ipso
460 772 652 850 retrogradus
676 792 733 835 non
748 772 846 846 fuerit,
872 772 927 834 sed
950 773 1207 853 simplicissimus:
1232 774 1313 835 linea
1335 774 1520 853 trajectoria,
1546 794 1622 855 quae
1640 778 1720 842 solet

368 877 438 919 esse
462 878 621 941 parumper
648 871 782 925 arcuata.
828 862 909 923 Nam
932 862 962 923 in
990 863 1179 924 meridionali
1211 864 1303 943 plaga
1334 863 1480 941 sphaerae
1504 864 1615 927 Martis
1639 867 1720 932 circa

372 943 433 1010 15⁰
461 948 498 1027 Υ
526 960 664 1026 coortos,
697 952 811 1032 impetu
842 952 1056 1031 propemodum
1085 952 1242 1015 rectilineo
1275 970 1392 1013 sursum
1421 954 1450 1014 in
1482 954 1717 1034 septentrionem

368 1037 451 1100 latus
481 1048 543 1114 est,
578 1049 609 1101 et
640 1042 720 1102 saltn
753 1060 843 1121 super
871 1038 974 1102 Solem
997 1042 1095 1117 facto,
1129 1061 1235 1103 versus
1257 1040 1440 1121 ipsissimum
1462 1041 1573 1104 Terrae
1601 1044 1659 1107 iter
1686 1047 1715 1110 in

368 1127 496 1189 confinio
520 1129 630 1191 Librae
654 1129 880 1209 etScorpionis
903 1130 1049 1210 perlatus,
1074 1131 1249 1211 exspiravit.
1289 1128 1399 1190 Terrae
1422 1130 1523 1211 itaque
1550 1143 1647 1196 rnotns
1672 1136 1716 1199 illi

368 1217 543 1279 conciliavit
565 1219 644 1280 hanc
675 1221 805 1299 speciem
837 1220 1114 1298 retrogradationis.
1161 1219 1277 1284 Verum
1299 1218 1376 1279 istas
1410 1218 1545 1298 argutias
1573 1242 1628 1285 non
1658 1226 1717 1289 tert

368 1304 446 1368 haec
469 1308 618 1369 mantice:
644 1309 768 1389 etquid
791 1309 891 1369 verbis
914 1309 1013 1389 opus?
1037 1309 1129 1384 Vicit,
1153 1305 1228 1371 vicit
1249 1308 1384 1388 inquam,
1408 1306 1528 1369 Rllslini
1557 1329 1715 1389 argumen-

368 1396 774 1476 tatio;quomagisilla1n
796 1399 901 1461 miror.
933 1398 1081 1461 Nimirum
1101 1398 1150 1460 uti
1173 1400 1247 1461 haec
1270 1396 1408 1477 prodigia
1430 1403 1503 1457 sunt
1525 1406 1611 1461 extra
1633 1403 1715 1465 ordi-

369 1502 455 1559 nem,
491 1487 536 1547 sic
559 1487 772 1566 interpretibus
805 1506 921 1568 quoque
952 1507 1027 1567 opus
1063 1488 1178 1550 habent
1207 1485 1352 1569 peculiari
1381 1505 1436 1548 nec
1465 1485 1599 1580 omnibus
1629 1489 1715 1553 obvio

370 1574 528 1636 utentibus
551 1575 716 1638 instinctu:
740 1596 794 1637 nec
818 1577 906 1638 aliter
929 1579 1115 1657 explicantur
1134 1578 1192 1640 nis'i
1211 1575 1385 1657 prodigiosa
1407 1574 1517 1636 mentis
1540 1564 1715 1653 agitatione

369 1660 453 1732 Quid
476 1665 602 1726 multis?
626 1664 792 1728 Coniundit
805 1666 887 1727 Dens
911 1667 1088 1729 artificiosas
1112 1668 1247 1748 argutias
1272 1683 1381 1740 eorum,
1407 1663 1457 1743 qui
1474 1663 1571 1727 inflati
1590 1666 1717 1730 scientia

369 1753 533 1832 magistros
556 1774 623 1816 sese
647 1756 823 1835 profitentur
845 1755 987 1835 eligitque
1007 1757 1065 1818 sibi
1083 1754 1369 1837 proinstrumentis
1383 1772 1446 1828 eos,
1471 1753 1520 1833 qui
1543 1754 1589 1814 ιιι
1613 1765 1713 1818 mente

368 1841 454 1921 capti
477 1844 525 1904 vel
548 1838 699 1923 simplices
722 1854 792 1906 sunt
818 1845 976 1908 manifeste
1006 1848 1147 1926 (plurima
1170 1846 1285 1927 ,quippe
1319 1842 1463 1905 vaticinia
1484 1843 1523 1904 ab
1546 1842 1713 1924 hujusmodi

368 1930 539 1994 hominibus
567 1934 658 1995 etiam
686 1943 790 1997 nostro
818 1935 919 1995 seculo
948 1937 1157 2016 proveniunt),
1181 1936 1229 1996 vel
1252 1931 1427 1996 inconnexis
1455 1932 1538 1994 hisce
1561 1943 1594 1995 et
1615 1952 1715 2000 coram

369 2019 502 2082 humana
531 2024 647 2084 ratione
681 2025 784 2086 stultis
817 2025 1126 2103 argumentationibus
1160 2025 1314 2104 indulgent
1343 2022 1466 2084 creduli.
1518 2023 1624 2104 ltaque
1657 2022 1716 2086 etsi

365 2108 490 2172 Rdslioi
513 2114 735 2191 argumentatio
763 2113 837 2175 nihil
865 2114 1035 2177 concludit:
1069 2134 1200 2194 agnosco
1228 2125 1330 2175 tamen
1362 2111 1495 2173 divinam
1518 2112 1664 2191 virgulam
1687 2112 1716 2174 in

368 2198 437 2278 ejus
459 2200 517 2262 viri
539 2202 702 2263 vaticiniis.
746 2202 868 2268 Dixeris
899 2204 1004 2281 glebas
1036 2205 1193 2284 plurimum
1224 2204 1351 2285 quidem·
1375 2219 1485 2262 arenae
1516 2201 1716 2276 continentes,

368 2290 495 2350 confuso
519 2300 620 2353 tamen
644 2291 754 2352 alicubi
777 2311 860 2353 auro.
897 2292 965 2353 Ει
958 2304 1002 2369 ita
1024 2294 1115 2355 moris
1139 2302 1197 2369 est,
1222 2294 1272 2374 qui
1287 2309 1359 2353 auro
1383 2290 1489 2365 inhiat,
1514 2291 1590 2352 hunc
1614 2292 1715 2372 pigere

367 2396 429 2439 uon
463 2380 554 2442 debet
584 2383 751 2464 egerendas
782 2389 881 2442 terrae
910 2381 1032 2444 immani
1061 2385 1188 2445 cumulo.
1242 2383 1308 2445 Nec
1346 2399 1461 2469 moror,
1491 2380 1648 2443 Rilslinum
1680 2399 1718 2442 ex

369 2468 481 2528 affectu
505 2490 621 2549 quoque
652 2470 745 2550 loqui,
777 2480 811 2532 ut
833 2490 900 2532 cnm
923 2491 1000 2533 anuo
1028 2469 1122 2536 1596.
1146 2473 1276 2534 nondum
1300 2470 1376 2533 talia
1403 2459 1616 2549 contigissent,
1641 2488 1717 2550 qnae

367 2555 430 2636 ipsi
453 2558 624 2636 placebant,
649 2560 767 2621 distulit
791 2562 1046 2640 exspectationem
1069 2570 1101 2623 et
1116 2563 1198 2624 illam
1222 2581 1306 2624 suam
1330 2559 1574 2652 catastrophen
1566 2579 1595 2621 ιιι
1610 2576 1719 2621 annum

372 2642 470 2708 1604.
499 2647 570 2709 Dixi
603 2649 711 2728 quippe
744 2659 883 2725 naturam
911 2671 994 2725 eam,
1027 2670 1103 2730 quae
1132 2652 1272 2731 prodigia
1300 2649 1386 2712 nobis
1416 2658 1557 2729 procurat
1586 2666 1720 2751 quaeque

369 2733 497 2796 somnia
512 2737 661 2812 immittit,
694 2737 886 2818 conceptibus
909 2735 954 2801 nti
979 2700 1114 2802 humanis
1143 2743 1282 2820 (quorum
1312 2739 1457 2820 plurimos
1484 2738 1571 2800 nobis
1595 2737 1721 2819 gignunt

369 2823 465 2886 etiam
489 2835 561 2887 vota
584 2830 702 2902 nostra)
727 2830 792 2890 loco
808 2828 971 2903 literarum,
997 2848 1071 2910 quas
1087 2831 1256 2893 admirabili
1279 2839 1346 2892 arte
1365 2830 1405 2890 ad
1427 2828 1571 2942 placitam
1594 2834 1719 2889 senten·

373 2913 451 2976 tiam
475 2918 698 2995 exprimendam
723 2917 847 2995 colligat
870 2926 901 2979 et
923 2929 1093 2998 componat.

359 3061 361 3065 ,
461 3005 620 3067 Attendite
645 3026 757 3088 quaeso
781 3006 873 3087 quid
882 3008 1039 3088 scripserit
1062 3009 1108 3069 vir
1134 3008 1186 3069 ille
1209 3007 1374 3086 Haganoae
1397 3000 1483 3089 llll.
1509 3006 1617 3069 Octob.
1642 3023 1720 3067 auno

373 3087 476 3155 1004.
469 3105 584 3159 ‘Stella
605 3106 676 3159 haec
696 3113 776 3160 tanto
787 3106 855 3160 mihi
875 3108 938 3176 plns'
953 3116 1031 3162 creat
1051 3107 1248 3172 admirationis,
1268 3110 1341 3179 quod
1361 3107 1424 3161 inde
1445 3123 1464 3160 a
1481 3105 1582 3177 viginti
1603 3104 1720 3175 amplius

354 3186 452 3241 ‚annis
473 3205 510 3241 ex
530 3187 615 3241 stella
634 3187 700 3240 anni
723 3187 808 3243 1572.
829 3195 859 3241 et
879 3196 986 3242 cometa
1006 3189 1070 3242 anni
1095 3185 1180 3244 1580.
1200 3189 1322 3258 providi,
1348 3189 1400 3242 hoc
1420 3204 1493 3241 anno
1511 3187 1594 3242 1604.
1616 3185 1720 3256 aliquid

368 3268 507 3331 futurum,
533 3270 605 3337 quod
629 3267 721 3321 omnia
748 3268 882 3322 miracula
912 3276 1033 3339 superet.
1074 3271 1155 3341 Rogo
1176 3268 1282 3334 autem,
1311 3270 1392 3341 legas
1413 3285 1484 3360 quae
1514 3272 1639 3322 tractatu
1659 3282 1721 3321 meo

367 3348 736 3419 Meteorastrologophysico
770 3352 804 3402 de
833 3349 951 3403 Cometie
991 3349 1056 3403 anni
1097 3351 1181 3406 1580.
1210 3358 1240 3404 ιι
1273 3350 1356 3405 1596.
1386 3349 1557 3419 scripserim:
1588 3346 1720 3411 invenies,

368 3428 497 3484 mirabile
527 3428 614 3491 dictu,
646 3436 779 3483 cometam
805 3430 870 3483 anni
895 3430 1124 3502 menagium
1154 3432 1331 3486 intendisae'
1324 3449 1353 3485 ιιι
1378 3432 1453 3486 hanc
1476 3445 1573 3483 noram
1599 3427 1720 3481 stellam.

367 3507 519 3579 Disparuit
539 3509 611 3561 enim
630 3509 659 3561 in
673 3509 725 3563 hoc
740 3510 809 3574 ιοιο,
831 3528 884 3580 quo
899 3529 970 3564 nunc
991 3511 1075 3565 stella
1096 3512 1189 3584 fulget
1202 3519 1232 3564 et
1246 3493 1402 3580 conjunctio
1421 3526 1524 3582 magna
1543 3509 1720 3578 planetarum

369 3590 482 3645 accidit.
525 3590 656 3659 Quodque
677 3589 782 3659 scripsi,
804 3591 857 3644 hoc
877 3598 1000 3661 tempore
1022 3592 1143 3646 futuram
1162 3593 1361 3662 catastrophen
1381 3608 1472 3645 rerum
1492 3589 1621 3653 omnium,
1649 3604 1721 3659 quae

368 3670 401 3725 in
422 3672 488 3724 orbe
510 3668 666 3723 Christiano
688 3686 707 3723 a
726 3670 818 3724 multis
841 3672 919 3725 annis
941 3671 1086 3726 inchoatae
1108 3679 1189 3725 sunt:
1211 3672 1238 3724 id
1258 3671 1360 3741 partim
1381 3671 1443 3741 jam
1467 3670 1609 3740 impletum
1629 3675 1674 3722 est
1694 3667 1722 3722 in

368 3749 517 3822 Angha,
504 3766 617 3820 Jamque
639 3749 667 3802 in
687 3750 803 3822 Belgio;
825 3751 936 3805 residua
955 3753 1041 3816 brevi,
1064 3769 1192 3822 quorsum
1213 3767 1332 3805 evasura
1352 3752 1415 3815 sint,
1437 3751 1630 3821 apparebunt,
1651 3757 1723 3819 puts

369 3832 461 3903 Regis
483 3831 637 3884 Galliarum
659 3830 773 3901 negotia
794 3837 823 3883 et
842 3821 1028 3902 Episcopatus
1048 3832 1262 3903 argentinensis
1284 3839 1314 3886 et
1333 3849 1380 3887 res
1398 3831 1565 3903 Ungaricae.
1581 3829 1618 3896 ⁸²)

462 3910 634 3989 Scripserat
649 3908 723 3969 haec
742 3903 827 3989 llll.
846 3909 1013 3972 Octobris'
1005 3932 1035 3972 ιιι
1050 3910 1185 3984 Alsatia‚
1208 3929 1275 3971 cum
1294 3929 1363 3971 ecce
1385 3910 1533 3991 postridie
1549 3903 1635 3991 5s15.
1652 3908 1721 3970 Oct.

368 4000 470 4082 prima
493 4006 525 4059 et
546 3998 709 4059 manifesta
732 3997 818 4059 initia
840 4007 975 4061 motuum
991 4000 1240 4080 ilungaricorum‚
1263 4000 1313 4080 qui
1334 3987 1517 4063 Christianis
1540 4017 1608 4060 cum
1624 3998 1724 4059 ‘iurca

368 4088 574 4174 pugnantibus
605 4087 750 4148 hacteuus
783 4087 873 4149 sudes
907 4099 976 4150 sunt
1006 4089 1036 4149 in
1068 4090 1172 4151 oculis.
1217 4088 1421 4169 Episcopatus
1452 4088 1572 4170 quidem
1599 4089 1723 4167 Argen-

368 4178 502 4242 tinensis
531 4177 653 4255 negotia
676 4178 706 4237 in
734 4199 941 4256 κατιστροφηι
972 4178 1088 4239 interea
1111 4178 1266 4241 desierunt
1292 4178 1441 4240 mitiorem
1468 4178 1604 4258 quidem,
1634 4176 1726 4258 quam

369 4274 605 4350 exspectaverat
616 4265 771 4328 Roshnus
810 4267 852 4327 Et
859 4266 937 4329 Rex
956 4266 1158 4331 Galliarum'
1143 4290 1252 4347 ηριμιι,
1272 4268 1327 4329 sed
1346 4261 1448 4329 tamen
1469 4287 1656 4345 κατιστραφι
1676 4288 1725 4327 ιιι

368 4380 423 4436 eps
446 4360 550 4434 στηληι
564 4379 610 4417 και
623 4376 658 4417 το
676 4360 769 4434 δογμα
783 4379 829 4417 και
842 4378 896 4427 τας
913 4360 1029 4418 achion
1051 4357 1183 4428 ὅιᾳιοιας
1204 4356 1368 4440 etquid
1343 4377 1369 4419 sl
1393 4357 1488 4437 ipsius
1502 4355 1646 4419 Rbslini.
1664 4356 1724 4417 Kar

369 4470 431 4511 ros
444 4469 496 4524 pas
510 4466 709 4525 κατασιροφη,
724 4467 782 4507 sor
795 4451 826 4506 da
840 4441 1162 4525 dicospamcdmos'
1144 4469 1326 4527 αιασιριφη.
1350 4447 1398 4508 Ιιι
1411 4446 1487 4507 nihil
1500 4464 1577 4526 pene
1591 4446 1723 4506 frustra-

369 4557 462 4601 neum
491 4531 539 4598 his
570 4535 670 4596 verbis
698 4533 877 4615 perscripsit
904 4536 1077 4599 ιιὸιιιιιιιι.Ι
1115 4536 1202 4608 Quae
1231 4555 1304 4597 vero
1336 4536 1373 4597 de
1401 4534 1593 4615 Belgicarum
1623 4549 1723 4595 rernm

372 4627 569 4691 conversione
594 4633 664 4685 tnnc
688 4624 828 4686 inchoata
851 4643 918 4687 esse
941 4625 1027 4701 dixit,
1052 4643 1089 4686 ea
1109 4625 1346 4706 sequentianno
1375 4623 1468 4689 1605.
1491 4632 1523 4685 et
1544 4623 1602 4686 hoc
1625 4615 1720 4685 1606.

372 4718 595 4789 continuarunt,
618 4714 764 4794 Hispanis
781 4714 818 4774 ab
843 4715 981 4776 orientali
1005 4714 1100 4790 latere
1115 4714 1296 4776 munitiones
1315 4715 1430 4795 aliquot
1451 4711 1720 4793 intercipientibus.

371 4810 409 4872 ln
431 4806 546 4886 Anglia
569 4821 656 4878 vero,
686 4822 812 4884 quorum
835 4813 905 4865 tunc
929 4803 1044 4884 sperari
1066 4801 1116 4864 vel
1139 4803 1231 4865 metui
1253 4810 1374 4882 poterat
1395 4824 1597 4882 καιασιροφη,
1621 4819 1723 4863 eorum

371 4896 554 4962 succedente
577 4901 710 4973 tempore
734 4893 925 4955 manifestam
947 4893 1063 4974 experti
1087 4912 1189 4954 sumus
1212 4891 1410 4974 ἀιασιροφηι.
1442 4895 1492 4957 lta
1513 4891 1563 4953 hic
1585 4890 1660 4953 nihil
1682 4888 1723 4952 ad

370 4995 476 5050 votnm
498 4985 619 5066 praeter
650 4981 733 5063 ipsos
756 4982 786 5043 ιιι
810 5001 918 5061 genere
947 4990 1047 5045 motus
1069 4982 1183 5062 Regni,
1214 4983 1263 5063 qui
1290 4982 1463 5064 plerumque
1488 5000 1598 5063 susque
1626 4980 1721 5060 deque

371 5078 502 5141 tendunt
523 5070 692 5156 promiscue
715 5079 750 5132 ut
770 5073 879 5134 fluctus
901 5071 1017 5145 marini.
1057 5072 1119 5134 Sed
1133 5072 1173 5132 ad
1187 5072 1320 5152 reliquos
1343 5071 1483 5150 ιικασμις
1505 5095 1553 5134 και
1571 5069 1722 5150 cinyram

370 5183 546 5251 pergamus.
584 5161 664 5225 Nam
684 5160 762 5224 haec
775 5160 896 5227 Riislini
917 5160 1098 5252 conjectatip
1115 5179 1176 5223 non
1193 5160 1352 5243 praecipue
1374 5162 1470 5243 ipsius
1484 5162 1590 5225 Novae
1605 5157 1722 5222 Stellae
