4584 6192
578 587 644 656 630
1059 591 1098 642 De
1118 590 1197 643 Stella
1215 591 1287 643 Nora
1304 589 1457 656 Serpentadl

577 767 701 849 periodo
725 765 890 829 consistere
915 767 979 828 loco
1003 768 1140 848 pristino,
1167 769 1297 848 quadras
1321 769 1418 829 redire
1443 766 1481 827 ad
1505 766 1573 828 loca
1586 765 1722 847 pristinis
1746 767 1861 844 vicina,
1886 765 1942 830 uisi

578 856 772 919 distinctione
795 856 874 917 inter
897 854 997 916 sidera
1021 857 1104 917 facta
1126 857 1352 936 nominibusque
1384 855 1554 934 impositis?
1585 854 1702 925 Quibus
1734 856 1857 936 quidem
1886 855 1941 918 hoc

576 945 749 1007 necessario
775 944 899 1004 facturis
923 954 1032 1005 natura
1055 947 1214 1024 praelusit,
1245 945 1393 1005 sideribus
1422 963 1476 1023 per
1505 944 1639 1004 ultimam
1663 944 1827 1024 sphaeram
1861 943 1941 1008 nollo

575 1043 722 1136 perpetuo
746 1032 862 1106 ordine,
888 1031 943 1092 hoc
968 1041 1016 1093 est
1039 1035 1177 1108 confuse,
1202 1034 1422 1106 disseminatis3
1452 1051 1489 1092 ne
1514 1031 1720 1111 dispositionis
1744 1032 1940 1096 similitudine

576 1124 606 1184 in
631 1120 759 1182 diversis
785 1120 857 1181 locis
881 1120 1015 1181 homines
1041 1122 1104 1182 falli
1128 1133 1263 1202 possent.
1302 1122 1352 1183 nb
1368 1119 1531 1200 agricolis
1524 1122 1615 1199 rgitrrr
1630 1129 1678 1181 est
1690 1120 1794 1195 Artes
1811 1121 1938 1195 Taurus,

576 1209 673 1290 Virgo
698 1209 854 1290 spicifera,
889 1207 1003 1288 Caper,
1029 1210 1143 1271 Bootes
1167 1231 1220 1271 seu
1249 1211 1397 1289 agitator,
1431 1209 1618 1280 Heniochus,
1649 1207 1795 1290 Capella,
1830 1209 1937 1283 Hoedi,

575 1297 749 1360 Plaustrum
772 1316 825 1357 sen
849 1296 929 1358 Ursa
953 1299 1136 1371 (Homero
1124 1319 1189 1378 Jam
1213 1308 1286 1360 nota
1310 1300 1445 1371 nomina)
1471 1307 1502 1358 et
1526 1298 1655 1358 similes:
1698 1319 1717 1358 a
1740 1299 1847 1360 nantis
1870 1317 1938 1360 vero

574 1385 727 1465 Plejades,
750 1384 856 1459 Navis,
882 1386 964 1447 sidus
989 1386 1135 1447 horizonti
1161 1388 1334 1460 meridiano,
1355 1388 1411 1448 hoc
1436 1395 1483 1447 est
1507 1387 1657 1448 montibus
1673 1389 1821 1449 autmari
1840 1385 1937 1450 conti-

574 1492 673 1554 guum,
690 1474 806 1554 quoties
825 1474 954 1548 videtur,
971 1484 1002 1535 et
1016 1476 1146 1536 similes:
1172 1476 1211 1537 ab
1230 1477 1363 1556 utrisque
1378 1474 1512 1557 Hyades.
1551 1473 1585 1536 Si
1605 1493 1681 1555 quae
1700 1474 1779 1537 aliae
1801 1476 1937 1538 videntur

573 1561 692 1641 longius
716 1563 799 1624 abire
824 1582 842 1621 a
866 1563 953 1624 rebus
979 1564 1095 1643 utrique
1120 1564 1270 1625 hominum
1290 1566 1392 1641 generi
1415 1563 1629 1637 familiaribus,
1654 1572 1688 1626 at
1710 1575 1795 1626 certe
1821 1575 1936 1628 sumtae

573 1659 646 1712 sunt
669 1670 685 1711 e
709 1651 807 1712 medio
831 1650 913 1712 vitae
938 1671 1002 1720 usu,
1028 1652 1152 1713 erebus
1168 1654 1271 1714 oculos
1292 1652 1477 1725 ferientibus,
1502 1662 1535 1713 ut
1550 1653 1696 1726 Venator
1718 1653 1810 1729 Fara,
1825 1653 1934 1734 Lepus,

573 1736 675 1816 Canis,
700 1737 843 1819 Serpens

662 1825 778 1898 Quodsi
791 1827 995 1929 conjecturae
1028 1827 1100 1889 licet
1128 1828 1300 1907 indulgere,
1333 1830 1481 1890 delectum
1514 1828 1676 1906 imaginum
1710 1838 1743 1889 et
1774 1829 1933 1905 nominum,

573 1935 647 1998 quae
672 1917 759 1995 plura
784 1915 832 1976 uni
857 1916 1079 1978 constellationi
1105 1937 1241 1978 ererum
1267 1928 1374 1979 natura
1397 1928 1537 1998 poterant
1559 1918 1721 1997 imponere,
1745 1917 1827 1978 duae
1845 1936 1933 1997 prae·

572 2005 678 2085 cipuae
712 2024 822 2066 causae
857 2006 1007 2065 fecerunt:
1042 2006 1200 2086 dispositio
1233 2010 1388 2069 stellarum
1423 2016 1453 2068 et
1480 2006 1692 2084 ternpus·anni
1717 2005 1861 2086 operibus
1884 2025 1932 2068 seu

572 2092 701 2155 nauticis
725 2113 778 2155 seu
803 2093 925 2154 rusticis
950 2099 1156 2172 opportunum.
1203 2095 1347 2174 Equidem
1379 2096 1427 2173 qui
1453 2096 1537 2168 Ursi,
1573 2093 1621 2173 qui
1646 2094 1853 2175 Serpentarii,
1887 2095 1932 2176 qni

572 2179 740 2262 Serpentis,
767 2183 815 2263 qui
838 2182 973 2263 Hydrae,
997 2179 1129 2255 Orionis,
1154 2184 1292 2263 Leporis,
1317 2182 1420 2259 Canis,
1446 2185 1552 2255 Tauri,
1578 2180 1789 2257 Geminomm,
1815 2180 1931 2258 Cancri,

481 2322 487 2330 .
571 2267 698 2341 Leonis,
732 2271 845 2332 alarum
877 2271 1073 2351 inVirgiue,
1105 2271 1240 2351 Scorpii‚
1265 2273 1406 2354 Sagittae
1439 2281 1471 2333 et
1493 2273 1606 2344 ArcuS,
1642 2270 1805 2345 Gallinae,
1833 2269 1930 2342 corvi.

573 2356 725 2433 Coronae,
750 2360 905 2439 Trianguli
935 2361 1151 2441 multarumque
1182 2362 1306 2423 aliarum
1338 2364 1496 2440 figurarum
1521 2359 1627 2421 stellas
1652 2360 1803 2435 intuetur,
1835 2379 1930 2423 earnm

572 2447 761 2528 praesertim,
788 2468 864 2529 quae
889 2457 994 2509 nostra
1010 2451 1155 2511 memoria
1178 2469 1215 2509 ex
1239 2452 1323 2512 coelo
1348 2451 1514 2510 antarctico
1529 2449 1731 2528 Hispanorum
1757 2458 1791 2511 et
1805 2449 1929 2512 Hellan-

572 2535 675 2598 dornm
699 2536 849 2598 industria
872 2547 1081 2599 accesserunt:
1110 2539 1194 2599 videt
1218 2540 1267 2600 ille
1292 2537 1441 2617 quandam
1465 2537 1672 2617 dispositionis
1697 2558 1803 2602 earum
1827 2538 1930 2601 simili·

571 2624 705 2686 tudinem
738 2645 804 2686 cum
837 2625 977 2687 membris
1011 2627 1183 2687 animalium
1208 2638 1239 2688 et
1262 2647 1372 2701 rerum,
1407 2648 1426 2687 a
1458 2628 1564 2706 quibus
1594 2626 1709 2687 habent
1731 2627 1871 2702 nomina,
1902 2636 1929 2687 et

571 2713 655 2773 videt
678 2714 734 2774 hoc
757 2714 870 2775 rectius
894 2733 931 2774 ex
955 2715 1038 2775 coelo
1063 2735 1152 2795 quam
1177 2735 1214 2777 ex
1239 2716 1344 2794 globo;
1379 2716 1455 2793 quod
1486 2714 1573 2775 hodie
1604 2715 1732 2777 vitiatae
1764 2717 1927 2779 habeantur

572 2801 628 2862 hae
653 2802 798 2880 imagines
822 2821 876 2881 pro
900 2802 985 2863 libitu
1009 2804 1155 2883 pictorum
1180 2814 1211 2865 et
1234 2806 1416 2884 sculptorum
1441 2807 1655 2875 conformatae,
1681 2825 1701 2864 a
1723 2806 1838 2877 stellis,
1866 2803 1925 2884 qui·

571 2891 627 2951 bus
650 2891 771 2952 nomina
795 2891 950 2959 dederunt,
976 2900 1008 2952 et
1030 2913 1049 2952 a
1072 2901 1172 2954 mente
1197 2904 1351 2954 auctorum
1374 2901 1560 2954 vetustorum
1586 2895 1672 2971 longe
1696 2893 1892 2956 dissidentes.

585 2973 589 2982 '
659 2977 741 3039 Audi
765 2999 869 3042 versus
892 2980 981 3041 Arati
1007 2981 1043 3041 de
1067 2982 1181 3043 Tauro:

893 3103 935 3152 Ta
952 3094 1018 3152 de
1004 3118 1032 3152 οι
1048 3101 1114 3171 μαλ’
1132 3099 1244 3153 fossore
1263 3116 1384 3187 σημαπα
1389 3118 1475 3153 κειται

891 3166 995 3237 Torq‘
981 3191 996 3238 η
1016 3174 1123 3241 κεφαλη
1143 3172 1328 3239 διακεκρηαι,
1349 3168 1418 3225 crida
1436 3190 1476 3231 τις
1496 3166 1569 3257 oillqr

886 3244 998 3326 Σηματι
1016 3259 1183 3327 requpnrro
1204 3248 1349 3312 καρηβοος,
1373 3238 1420 3296 tiro
1437 3260 1492 3314 μεν
1510 3238 1578 3296 cairo

884 3307 990 3383 Ἀςερες
1008 3309 1213 3386 ἀμφοτερωθεν
1232 3293 1409 3384 ἶλισσομενοι
1428 3328 1563 3368 runcum

657 3424 707 3483 Ita
741 3421 858 3501 quidem
894 3424 1029 3503 superius
1054 3424 1253 3497 Albumasar,
1288 3444 1410 3486 causam
1443 3425 1604 3504 imaginum
1638 3445 1696 3487 nou
1732 3444 1772 3487 ex
1805 3434 1921 3487 naturae

566 3513 771 3592 penetralibus
795 3512 847 3571 sed
872 3531 910 3571 ex
932 3513 1021 3573 Arati
1045 3514 1226 3575 auctoritate
1255 3522 1405 3592 repetens.

657 3593 801 3663 Vicissim
825 3600 874 3679 qui
899 3601 983 3661 audit
1003 3602 1155 3678 Pleiadas,
1181 3603 1326 3675 Aristam,
1346 3603 1613 3664 Vindemiatricem
1638 3603 1798 3676 nominari,
1825 3603 1919 3664 simul·

567 3709 623 3770 que
648 3690 828 3761 considerat,
855 3689 931 3767 quod
956 3699 1039 3751 ortus
1058 3710 1157 3752 earum
1177 3712 1231 3772 pro
1247 3692 1332 3769 signo
1350 3693 1438 3753 fuerit
1453 3711 1574 3772 operum
1590 3692 1766 3771 navigandi,
1786 3691 1920 3764 metendi,

564 3779 732 3840 vindemias
761 3778 936 3856 colligendi;
970 3779 1039 3857 quid
1074 3780 1124 3839 ille
1158 3801 1269 3859 quaeso
1300 3781 1471 3841 occrrltioris
1504 3781 1713 3861 philosophiae
1749 3783 1868 3862 quaerit
1894 3781 1920 3841 in

565 3866 669 3929 horum
695 3868 845 3927 nominum
869 3867 1005 3927 ratione?
1029 3888 1095 3929 curu
1119 3888 1211 3929 causa
1235 3868 1362 3930 nominis
1387 3871 1424 3930 ad
1449 3873 1565 3930 oculum
1588 3879 1710 3949 pateat,
1744 3881 1778 3932 et
1802 3872 1919 3935 ideone

565 3956 684 4036 quidem
703 3957 859 4017 stellarum
885 3956 1041 4034 dispositio
1067 3957 1178 4017 nomini
1202 3958 1383 4018 stabiliendo
1409 3967 1578 4037 quaeratur.

653 4046 740 4105 Hauc
765 4064 886 4105 causam
909 4044 999 4105 Picus
1024 4046 1160 4105 extendit
1193 4048 1232 4107 ad
1265 4065 1367 4106 omnes
1401 4047 1547 4123 imagines
1580 4066 1638 4107 non
1672 4047 1772 4110 minus
1807 4048 1920 4112 ridicula

565 4133 738 4210 conjectura
762 4135 798 4193 de
822 4133 972 4193 hominum
997 4133 1245 4212 cogitationibus,
1271 4154 1359 4213 quarn
1383 4144 1454 4195 sunt
1472 4136 1690 4215 astrologorum
1713 4136 1751 4198 dc
1776 4139 1920 4219 signorum

565 4221 689 4294 naturis,
715 4240 789 4299 quas
815 4229 973 4300 tantopere
998 4222 1131 4283 deridet:
1158 4223 1226 4283 dum
1248 4223 1403 4284 consilium
1425 4224 1498 4302 ipsis
1515 4224 1607 4284 fuisse
1623 4224 1676 4300 ait,
1702 4226 1774 4287 anui
1795 4236 1920 4307 tempor

565 4328 618 4387 per
642 4310 787 4387 imagines
812 4310 937 4370 zodiaci<
955 4307 993 4370 12
1018 4311 1194 4390 exprimere.

653 4397 729 4458 Esto
764 4407 795 4459 et
828 4399 920 4458 tertia
953 4417 1045 4459 causa
1076 4398 1190 4477 primae
1222 4400 1387 4478 permixta,
1411 4392 1440 4459 ‘a
1464 4399 1536 4460 Pico
1560 4400 1652 4461 etiam
1680 4407 1918 4472 commemorata,

564 4506 640 4566 quae
665 4487 773 4557 effecit,
798 4494 831 4547 ut
855 4487 1103 4548 constellationes
1128 4490 1297 4556 nonnullae,
1322 4488 1480 4548 humanam
1500 4493 1769 4565 repraesentantes
1791 4491 1917 4571 effigiem,

563 4575 749 4655 quorundam
774 4574 993 4635 individuorum
1017 4577 1138 4637 nomina
1163 4577 1337 4645 meruerint,
1372 4576 1514 4637 historiae
1544 4596 1649 4655 nempe
1680 4597 1734 4638 seu
1760 4597 1852 4641 verae
1873 4596 1918 4639 sen

564 4663 730 4724 fabulosae.
778 4662 845 4733 Quo
870 4663 898 4723 in
924 4683 1014 4725 censu
1039 4675 1109 4725 sum
1140 4663 1294 4743 Cepheus,
1328 4665 1535 4736 Andromeda,
1566 4663 1762 4745 Cassiopeia,
1788 4668 1918 4736 Perseus,

562 4750 663 4811 Draco
688 4759 719 4812 et
743 4752 830 4813 aliae.
877 4751 942 4812 Nec
967 4752 1111 4814 dissimile
1136 4772 1222 4823 vero,
1255 4753 1386 4814 vicissim
1412 4773 1449 4813 ex
1473 4773 1522 4828 eo,
1557 4754 1635 4831 quod
1663 4754 1776 4833 vulgus
1808 4756 1941 4836 agrios-¹

562 4836 659 4899 larum
684 4840 832 4901 sideribus
848 4840 1025 4919 quibusdam
1039 4842 1211 4902 animalium
1227 4842 1347 4902 nourina
1362 4841 1579 4920 transscripsit,
1605 4850 1689 4904 ortas
1713 4862 1788 4906 esse
1811 4842 1919 4907 fabulas

563 4927 687 5004 poetica
710 4927 979 4989 commentatione.
1005 4947 1143 5009 quorsum
1164 4930 1269 4990 referri
1288 4930 1406 4991 ridetur
1419 4930 1534 5010 Hydra,
1552 4928 1671 5004 Crater,
1692 4929 1824 5008 Corvus,
1838 4933 1918 5003 Ursa.

564 5011 740 5094 Ophiuchus
764 5036 831 5078 cum
855 5016 1003 5096 Serpeute
1028 5027 1059 5078 et
1092 5018 1217 5080 similes.
1265 5016 1364 5087 Quam
1395 5020 1546 5080 homirium
1570 5020 1755 5100 periergiam
1778 5021 1918 5085 Lucienus

560 5099 663 5161 libello
687 5102 723 5163 de
747 5104 925 5183 Astrologia
948 5104 1049 5167 ridens
1073 5105 1331 5182 artificiosissime,
1358 5116 1390 5169 ut
1413 5109 1464 5167 rix
1488 5108 1653 5184 discernas,
1678 5108 1769 5172 ludos
1793 5118 1866 5191 agat
1885 5124 1916 5167 an
