<?xml version="1.0" encoding="UTF-8"?>
<!DOCTYPE html PUBLIC "-//W3C//DTD XHTML 1.0 Transitional//EN"
    "http://www.w3.org/TR/xhtml1/DTD/xhtml1-transitional.dtd">
<html xmlns="http://www.w3.org/1999/xhtml" xml:lang="en" lang="en">
 <head>
  <title>
</title>
<meta http-equiv="Content-Type" content="text/html;charset=utf-8" />
  <meta name='ocr-system' content='tesseract 3.04.00' />
  <meta name='ocr-capabilities' content='ocr_page ocr_carea ocr_par ocr_line ocrx_word'/>
</head>
<body>
  <div class='ocr_page' id='page_1' title='image "./joanniskepleria02frisgoog_0557.png"; bbox 0 0 4584 6192; ppageno 0'>
   <div class='ocr_carea' id='block_1_1' title="bbox 569 571 1308 641">
    <p class='ocr_par' dir='ltr' id='par_1_1' title="bbox 569 571 1308 641">
     <span class='ocr_line' id='line_1_1' title="bbox 569 571 1308 641; baseline -0.019 -1"><span class='ocrx_word' id='word_1_1' title='bbox 569 571 634 641; x_wconf 68' lang='lat'>546</span> <span class='ocrx_word' id='word_1_2' title='bbox 1182 576 1308 639; x_wconf 83' lang='lat' dir='ltr'>Dioptrica</span> 
     </span>
    </p>
   </div>
   <div class='ocr_carea' id='block_1_2' title="bbox 569 748 1934 1630">
    <p class='ocr_par' dir='ltr' id='par_1_2' title="bbox 569 748 1934 1188">
     <span class='ocr_line' id='line_1_2' title="bbox 569 748 1934 827; baseline 0.001 -13"><span class='ocrx_word' id='word_1_3' title='bbox 569 773 675 815; x_wconf 86' lang='lat' dir='ltr'>versus</span> <span class='ocrx_word' id='word_1_4' title='bbox 698 753 742 815; x_wconf 85' lang='lat' dir='ltr'>E:</span> <span class='ocrx_word' id='word_1_5' title='bbox 774 751 914 813; x_wconf 84' lang='lat' dir='ltr'>slmiliter</span> <span class='ocrx_word' id='word_1_6' title='bbox 937 748 995 813; x_wconf 77' lang='lat' dir='ltr'>GK</span> <span class='ocrx_word' id='word_1_7' title='bbox 1023 752 1205 812; x_wconf 81' lang='lat' dir='ltr'>refractione</span> <span class='ocrx_word' id='word_1_8' title='bbox 1239 753 1321 812; x_wconf 83' lang='lat' dir='ltr'>lacta</span> <span class='ocrx_word' id='word_1_9' title='bbox 1350 772 1406 812; x_wconf 90' lang='lat' dir='ltr'>non</span> <span class='ocrx_word' id='word_1_10' title='bbox 1431 773 1497 814; x_wconf 85' lang='lat' dir='ltr'>cum</span> <span class='ocrx_word' id='word_1_11' title='bbox 1521 752 1578 814; x_wconf 83' lang='grc' dir='ltr'>ΚΕ</span> <span class='ocrx_word' id='word_1_12' title='bbox 1607 752 1847 827; x_wconf 77' lang='lat' dir='ltr'>continuabitur,</span> <span class='ocrx_word' id='word_1_13' title='bbox 1879 754 1934 815; x_wconf 86' lang='lat' dir='ltr'>sed</span> 
     </span>
     <span class='ocr_line' id='line_1_3' title="bbox 571 840 1934 921; baseline -0.001 -16"><span class='ocrx_word' id='word_1_14' title='bbox 571 844 661 906; x_wconf 82' lang='lat' dir='ltr'>cadet</span> <span class='ocrx_word' id='word_1_15' title='bbox 685 841 778 902; x_wconf 87' lang='lat' dir='ltr'>aKE</span> <span class='ocrx_word' id='word_1_16' title='bbox 802 842 963 902; x_wconf 83' lang='lat' dir='ltr'><strong>introrsum</strong></span> <span class='ocrx_word' id='word_1_17' title='bbox 986 860 1093 900; x_wconf 88' lang='lat' dir='ltr'>versus</span> <span class='ocrx_word' id='word_1_18' title='bbox 1109 842 1145 903; x_wconf 91' lang='lat' dir='ltr'>D.</span> <span class='ocrx_word' id='word_1_19' title='bbox 1186 842 1286 920; x_wconf 83' lang='lat' dir='ltr'>Atque</span> <span class='ocrx_word' id='word_1_20' title='bbox 1311 841 1354 901; x_wconf 90' lang='lat' dir='ltr'>sic</span> <span class='ocrx_word' id='word_1_21' title='bbox 1380 842 1476 902; x_wconf 90' lang='lat' dir='ltr'>lineae</span> <span class='ocrx_word' id='word_1_22' title='bbox 1497 841 1549 917; x_wconf 89' lang='lat' dir='ltr'>CI,</span> <span class='ocrx_word' id='word_1_23' title='bbox 1567 840 1623 903; x_wconf 87' lang='lat' dir='ltr'>CK</span> <span class='ocrx_word' id='word_1_24' title='bbox 1647 850 1679 903; x_wconf 89' lang='lat' dir='ltr'>et</span> <span class='ocrx_word' id='word_1_25' title='bbox 1703 843 1833 921; x_wconf 87' lang='lat' dir='ltr'>angulus</span> <span class='ocrx_word' id='word_1_26' title='bbox 1849 841 1934 916; x_wconf 83' lang='lat' dir='ltr'>ICK,</span> 
     </span>
     <span class='ocr_line' id='line_1_4' title="bbox 570 928 1933 1013; baseline -0.001 -20"><span class='ocrx_word' id='word_1_27' title='bbox 570 951 627 1013; x_wconf 86' lang='lat' dir='ltr'>quo</span> <span class='ocrx_word' id='word_1_28' title='bbox 657 931 775 992; x_wconf 81' lang='lat' dir='ltr'>visibile</span> <span class='ocrx_word' id='word_1_29' title='bbox 798 928 855 989; x_wconf 84' lang='lat' dir='ltr'>DE</span> <span class='ocrx_word' id='word_1_30' title='bbox 883 929 1034 1008; x_wconf 89' lang='lat' dir='ltr'>potuisset</span> <span class='ocrx_word' id='word_1_31' title='bbox 1068 930 1163 991; x_wconf 90' lang='lat' dir='ltr'>videri</span> <span class='ocrx_word' id='word_1_32' title='bbox 1189 932 1266 991; x_wconf 85' lang='lat' dir='ltr'>citra</span> <span class='ocrx_word' id='word_1_33' title='bbox 1291 932 1419 1004; x_wconf 92' lang='lat' dir='ltr'>lentem,</span> <span class='ocrx_word' id='word_1_34' title='bbox 1449 932 1514 1009; x_wconf 91' lang='lat' dir='ltr'>jam</span> <span class='ocrx_word' id='word_1_35' title='bbox 1548 932 1729 1010; x_wconf 88' lang='lat' dir='ltr'>interposita</span> <span class='ocrx_word' id='word_1_36' title='bbox 1760 933 1841 992; x_wconf 91' lang='lat' dir='ltr'>lente</span> <span class='ocrx_word' id='word_1_37' title='bbox 1876 951 1933 991; x_wconf 91' lang='lat' dir='ltr'>non</span> 
     </span>
     <span class='ocr_line' id='line_1_5' title="bbox 570 1018 1933 1101; baseline -0.001 -20"><span class='ocrx_word' id='word_1_38' title='bbox 570 1020 798 1101; x_wconf 87' lang='lat' dir='ltr'>apprehendunt</span> <span class='ocrx_word' id='word_1_39' title='bbox 830 1018 949 1078; x_wconf 82' lang='lat' dir='ltr'>visibile</span> <span class='ocrx_word' id='word_1_40' title='bbox 978 1018 1047 1092; x_wconf 88' lang='lat' dir='ltr'>DE,</span> <span class='ocrx_word' id='word_1_41' title='bbox 1082 1019 1135 1078; x_wconf 89' lang='lat' dir='ltr'>sed</span> <span class='ocrx_word' id='word_1_42' title='bbox 1170 1019 1284 1097; x_wconf 91' lang='lat' dir='ltr'>aliquid</span> <span class='ocrx_word' id='word_1_43' title='bbox 1319 1020 1431 1093; x_wconf 91' lang='lat' dir='ltr'>minus,</span> <span class='ocrx_word' id='word_1_44' title='bbox 1463 1021 1541 1100; x_wconf 90' lang='lat' dir='ltr'>quod</span> <span class='ocrx_word' id='word_1_45' title='bbox 1577 1020 1788 1082; x_wconf 81' lang='lat' dir='ltr'>aestimabitur</span> <span class='ocrx_word' id='word_1_46' title='bbox 1821 1019 1933 1081; x_wconf 89' lang='lat' dir='ltr'>habere</span> 
     </span>
     <span class='ocr_line' id='line_1_6' title="bbox 570 1106 1135 1188; baseline -0.011 -17"><span class='ocrx_word' id='word_1_47' title='bbox 570 1109 807 1188; x_wconf 79' lang='lat' dir='ltr'>magnitudinem</span> <span class='ocrx_word' id='word_1_48' title='bbox 832 1106 926 1186; x_wconf 89' lang='lat' dir='ltr'>ipsius</span> <span class='ocrx_word' id='word_1_49' title='bbox 951 1106 1007 1166; x_wconf 87' lang='lat' dir='ltr'>DE</span> <span class='ocrx_word' id='word_1_50' title='bbox 1031 1107 1135 1167; x_wconf 86' lang='lat' dir='ltr'>totius.</span> 
     </span>
    </p>

    <p class='ocr_par' dir='ltr' id='par_1_3' title="bbox 572 1194 1934 1630">
     <span class='ocr_line' id='line_1_7' title="bbox 660 1194 1934 1275; baseline -0.001 -17"><span class='ocrx_word' id='word_1_51' title='bbox 660 1198 701 1259; x_wconf 90' lang='lat' dir='ltr'>Ut</span> <span class='ocrx_word' id='word_1_52' title='bbox 726 1197 818 1274; x_wconf 81' lang='lat' dir='ltr'>igitur</span> <span class='ocrx_word' id='word_1_53' title='bbox 843 1203 937 1255; x_wconf 90' lang='lat' dir='ltr'>totum</span> <span class='ocrx_word' id='word_1_54' title='bbox 962 1194 1018 1255; x_wconf 89' lang='lat' dir='ltr'>DE</span> <span class='ocrx_word' id='word_1_55' title='bbox 1043 1196 1300 1275; x_wconf 84' lang='lat' dir='ltr'>apprehendatur,</span> <span class='ocrx_word' id='word_1_56' title='bbox 1326 1205 1445 1274; x_wconf 86' lang='lat' dir='ltr'>oportet</span> <span class='ocrx_word' id='word_1_57' title='bbox 1469 1198 1569 1257; x_wconf 88' lang='lat' dir='ltr'>venire</span> <span class='ocrx_word' id='word_1_58' title='bbox 1595 1197 1632 1257; x_wconf 88' lang='lat' dir='ltr'>ab</span> <span class='ocrx_word' id='word_1_59' title='bbox 1657 1198 1742 1258; x_wconf 89' lang='lat' dir='ltr'>oculo</span> <span class='ocrx_word' id='word_1_60' title='bbox 1767 1197 1934 1257; x_wconf 77' lang='lat' dir='ltr'>exteriores</span> 
     </span>
     <span class='ocr_line' id='line_1_8' title="bbox 574 1281 1934 1365; baseline -0.001 -18"><span class='ocrx_word' id='word_1_61' title='bbox 574 1305 661 1365; x_wconf 89' lang='lat' dir='ltr'>quarn</span> <span class='ocrx_word' id='word_1_62' title='bbox 686 1283 738 1355; x_wconf 87' lang='lat' dir='ltr'>CI,</span> <span class='ocrx_word' id='word_1_63' title='bbox 765 1282 830 1353; x_wconf 79' lang='lat' dir='ltr'>Cli,</span> <span class='ocrx_word' id='word_1_64' title='bbox 855 1292 929 1362; x_wconf 90' lang='lat' dir='ltr'>puta</span> <span class='ocrx_word' id='word_1_65' title='bbox 954 1281 1019 1356; x_wconf 82' lang='grc' dir='ltr'>ΟΛ,</span> <span class='ocrx_word' id='word_1_66' title='bbox 1046 1283 1109 1346; x_wconf 88' lang='lat' dir='ltr'>CB.</span> <span class='ocrx_word' id='word_1_67' title='bbox 1154 1285 1219 1344; x_wconf 90' lang='lat' dir='ltr'>Ilae</span> <span class='ocrx_word' id='word_1_68' title='bbox 1244 1285 1344 1363; x_wconf 86' lang='lat' dir='ltr'>igitur,</span> <span class='ocrx_word' id='word_1_69' title='bbox 1372 1285 1396 1343; x_wconf 88' lang='lat' dir='ltr'>si</span> <span class='ocrx_word' id='word_1_70' title='bbox 1417 1286 1501 1361; x_wconf 84' lang='lat' dir='ltr'>justo</span> <span class='ocrx_word' id='word_1_71' title='bbox 1527 1285 1626 1363; x_wconf 84' lang='lat' dir='ltr'>spatio</span> <span class='ocrx_word' id='word_1_72' title='bbox 1651 1286 1821 1346; x_wconf 85' lang='lat' dir='ltr'>distiterinl</span> <span class='ocrx_word' id='word_1_73' title='bbox 1845 1306 1863 1345; x_wconf 91' lang='lat' dir='ltr'>a</span> <span class='ocrx_word' id='word_1_74' title='bbox 1884 1283 1934 1355; x_wconf 91' lang='lat' dir='ltr'>CI,</span> 
     </span>
     <span class='ocr_line' id='line_1_9' title="bbox 573 1372 1932 1452; baseline -0.001 -15"><span class='ocrx_word' id='word_1_75' title='bbox 573 1374 640 1446; x_wconf 86' lang='lat' dir='ltr'>CK,</span> <span class='ocrx_word' id='word_1_76' title='bbox 665 1372 845 1434; x_wconf 86' lang='lat' dir='ltr'>refractione</span> <span class='ocrx_word' id='word_1_77' title='bbox 871 1372 899 1430; x_wconf 94' lang='lat' dir='ltr'>iu</span> <span class='ocrx_word' id='word_1_78' title='bbox 924 1373 963 1438; x_wconf 81' lang='lat' dir='ltr'>A,</span> <span class='ocrx_word' id='word_1_79' title='bbox 989 1373 1013 1432; x_wconf 98' lang='grc' dir='ltr'>Β</span> <span class='ocrx_word' id='word_1_80' title='bbox 1040 1373 1122 1432; x_wconf 88' lang='lat' dir='ltr'>sacta</span> <span class='ocrx_word' id='word_1_81' title='bbox 1156 1374 1382 1452; x_wconf 87' lang='lat' dir='ltr'>apprehendent</span> <span class='ocrx_word' id='word_1_82' title='bbox 1407 1374 1447 1446; x_wconf 88' lang='lat' dir='ltr'>D,</span> <span class='ocrx_word' id='word_1_83' title='bbox 1472 1374 1512 1444; x_wconf 83' lang='lat' dir='ltr'>E,</span> <span class='ocrx_word' id='word_1_84' title='bbox 1540 1383 1572 1433; x_wconf 90' lang='lat' dir='ltr'>ut</span> <span class='ocrx_word' id='word_1_85' title='bbox 1603 1374 1665 1434; x_wconf 87' lang='lat' dir='ltr'>sint</span> <span class='ocrx_word' id='word_1_86' title='bbox 1694 1375 1809 1435; x_wconf 87' lang='lat' dir='ltr'>visivae</span> <span class='ocrx_word' id='word_1_87' title='bbox 1837 1372 1932 1446; x_wconf 85' lang='lat' dir='ltr'>CAD,</span> 
     </span>
     <span class='ocr_line' id='line_1_10' title="bbox 573 1459 1933 1542; baseline -0.003 -16"><span class='ocrx_word' id='word_1_88' title='bbox 573 1462 663 1526; x_wconf 86' lang='lat' dir='ltr'>CBE.</span> <span class='ocrx_word' id='word_1_89' title='bbox 704 1461 779 1522; x_wconf 89' lang='lat' dir='ltr'>Cum</span> <span class='ocrx_word' id='word_1_90' title='bbox 804 1468 904 1521; x_wconf 90' lang='lat' dir='ltr'>autem</span> <span class='ocrx_word' id='word_1_91' title='bbox 920 1459 1004 1522; x_wconf 66' lang='grc' dir='ltr'>ΑΕΒ</span> <span class='ocrx_word' id='word_1_92' title='bbox 1026 1462 1153 1539; x_wconf 82' lang='lat' dir='ltr'>angulus</span> <span class='ocrx_word' id='word_1_93' title='bbox 1169 1462 1210 1521; x_wconf 88' lang='lat' dir='ltr'>sit</span> <span class='ocrx_word' id='word_1_94' title='bbox 1234 1462 1328 1539; x_wconf 83' lang='lat' dir='ltr'>major</span> <span class='ocrx_word' id='word_1_95' title='bbox 1350 1482 1436 1541; x_wconf 69' lang='lat' dir='ltr'>rpuam</span> <span class='ocrx_word' id='word_1_96' title='bbox 1453 1460 1535 1533; x_wconf 86' lang='lat' dir='ltr'>ICh&#39;,</span> <span class='ocrx_word' id='word_1_97' title='bbox 1562 1482 1619 1540; x_wconf 81' lang='lat' dir='ltr'>quo</span> <span class='ocrx_word' id='word_1_98' title='bbox 1639 1470 1793 1542; x_wconf 87' lang='lat' dir='ltr'>spectatur</span> <span class='ocrx_word' id='word_1_99' title='bbox 1813 1462 1933 1522; x_wconf 79' lang='lat' dir='ltr'>visibile</span> 
     </span>
     <span class='ocr_line' id='line_1_11' title="bbox 572 1549 1932 1630; baseline -0.001 -18"><span class='ocrx_word' id='word_1_100' title='bbox 572 1559 688 1613; x_wconf 87' lang='lat' dir='ltr'>remota</span> <span class='ocrx_word' id='word_1_101' title='bbox 712 1550 814 1610; x_wconf 90' lang='lat' dir='ltr'>lente:</span> <span class='ocrx_word' id='word_1_102' title='bbox 840 1549 937 1628; x_wconf 86' lang='lat' dir='ltr'>majus</span> <span class='ocrx_word' id='word_1_103' title='bbox 962 1549 1053 1628; x_wconf 83' lang='lat' dir='ltr'>igitur</span> <span class='ocrx_word' id='word_1_104' title='bbox 1076 1549 1232 1628; x_wconf 86' lang='lat' dir='ltr'>putabitur</span> <span class='ocrx_word' id='word_1_105' title='bbox 1255 1551 1373 1610; x_wconf 83' lang='lat' dir='ltr'>visibile</span> <span class='ocrx_word' id='word_1_106' title='bbox 1398 1549 1467 1621; x_wconf 87' lang='lat' dir='ltr'>DE,</span> <span class='ocrx_word' id='word_1_107' title='bbox 1493 1570 1580 1628; x_wconf 85' lang='lat' dir='ltr'>quum</span> <span class='ocrx_word' id='word_1_108' title='bbox 1605 1560 1652 1612; x_wconf 89' lang='lat' dir='ltr'>est</span> <span class='ocrx_word' id='word_1_109' title='bbox 1677 1554 1744 1630; x_wconf 92' lang='lat' dir='ltr'>(per</span> <span class='ocrx_word' id='word_1_110' title='bbox 1768 1551 1932 1622; x_wconf 86' lang='lat' dir='ltr'>LXVIII).</span> 
     </span>
    </p>
   </div>
   <div class='ocr_carea' id='block_1_3' title="bbox 468 1637 1934 1722">
    <p class='ocr_par' dir='ltr' id='par_1_4' title="bbox 468 1637 1934 1722">
     <span class='ocr_line' id='line_1_12' title="bbox 468 1637 1934 1722; baseline -0.001 -20"><span class='ocrx_word' id='word_1_111' title='bbox 468 1717 471 1722; x_wconf 25' lang='grc' dir='ltr'><strong><em>Ι</em></strong></span> <span class='ocrx_word' id='word_1_112' title='bbox 574 1641 653 1702; x_wconf 79' lang='lat' dir='ltr'>Nam</span> <span class='ocrx_word' id='word_1_113' title='bbox 678 1658 731 1718; x_wconf 91' lang='lat' dir='ltr'>per</span> <span class='ocrx_word' id='word_1_114' title='bbox 754 1637 842 1698; x_wconf 88' lang='lat' dir='ltr'>XIX.</span> <span class='ocrx_word' id='word_1_115' title='bbox 877 1637 974 1697; x_wconf 89' lang='lat' dir='ltr'>nescit</span> <span class='ocrx_word' id='word_1_116' title='bbox 1005 1639 1117 1710; x_wconf 80' lang='lat' dir='ltr'>oculus,</span> <span class='ocrx_word' id='word_1_117' title='bbox 1152 1639 1222 1717; x_wconf 85' lang='lat' dir='ltr'>quid</span> <span class='ocrx_word' id='word_1_118' title='bbox 1256 1640 1349 1699; x_wconf 88' lang='lat' dir='ltr'>radiis</span> <span class='ocrx_word' id='word_1_119' title='bbox 1374 1638 1442 1713; x_wconf 89' lang='lat' dir='ltr'>CA,</span> <span class='ocrx_word' id='word_1_120' title='bbox 1471 1638 1522 1700; x_wconf 89' lang='lat' dir='ltr'>CB</span> <span class='ocrx_word' id='word_1_121' title='bbox 1553 1641 1671 1700; x_wconf 89' lang='lat' dir='ltr'>accidat</span> <span class='ocrx_word' id='word_1_122' title='bbox 1696 1642 1724 1701; x_wconf 91' lang='lat' dir='ltr'>iu</span> <span class='ocrx_word' id='word_1_123' title='bbox 1750 1640 1934 1701; x_wconf 68' lang='lat' dir='ltr'>transituri</span> 
     </span>
    </p>
   </div>
   <div class='ocr_carea' id='block_1_4' title="bbox 575 1726 1934 1807">
    <p class='ocr_par' dir='ltr' id='par_1_5' title="bbox 575 1726 1934 1807">
     <span class='ocr_line' id='line_1_13' title="bbox 575 1726 1934 1807; baseline -0.002 -18"><span class='ocrx_word' id='word_1_124' title='bbox 575 1737 606 1789; x_wconf 84' lang='lat' dir='ltr'>et</span> <span class='ocrx_word' id='word_1_125' title='bbox 629 1729 654 1789; x_wconf 91' lang='grc' dir='ltr'>Β</span> <span class='ocrx_word' id='word_1_126' title='bbox 679 1734 826 1807; x_wconf 88' lang='lat' dir='ltr'>putatque</span> <span class='ocrx_word' id='word_1_127' title='bbox 851 1726 919 1786; x_wconf 93' lang='lat' dir='ltr'>illos</span> <span class='ocrx_word' id='word_1_128' title='bbox 944 1726 1111 1786; x_wconf 87' lang='lat' dir='ltr'>continuari</span> <span class='ocrx_word' id='word_1_129' title='bbox 1133 1727 1161 1786; x_wconf 92' lang='lat' dir='ltr'>in</span> <span class='ocrx_word' id='word_1_130' title='bbox 1188 1736 1309 1793; x_wconf 88' lang='lat' dir='ltr'>rectum,</span> <span class='ocrx_word' id='word_1_131' title='bbox 1334 1747 1369 1787; x_wconf 92' lang='lat' dir='ltr'>ac</span> <span class='ocrx_word' id='word_1_132' title='bbox 1395 1728 1420 1788; x_wconf 83' lang='lat' dir='ltr'>si</span> <span class='ocrx_word' id='word_1_133' title='bbox 1444 1735 1545 1788; x_wconf 89' lang='lat' dir='ltr'>essent</span> <span class='ocrx_word' id='word_1_134' title='bbox 1567 1728 1658 1804; x_wconf 87' lang='lat' dir='ltr'>CAF,</span> <span class='ocrx_word' id='word_1_135' title='bbox 1676 1727 1771 1801; x_wconf 85' lang='lat' dir='ltr'>CBG,</span> <span class='ocrx_word' id='word_1_136' title='bbox 1797 1728 1849 1789; x_wconf 92' lang='lat' dir='ltr'>ubi</span> <span class='ocrx_word' id='word_1_137' title='bbox 1868 1727 1934 1799; x_wconf 85' lang='lat' dir='ltr'>FG,</span> 
     </span>
    </p>
   </div>
   <div class='ocr_carea' id='block_1_5' title="bbox 468 1816 1327 1894">
    <p class='ocr_par' dir='ltr' id='par_1_6' title="bbox 468 1816 1327 1894">
     <span class='ocr_line' id='line_1_14' title="bbox 468 1816 1327 1894; baseline -0.003 -16"><span class='ocrx_word' id='word_1_138' title='bbox 468 1830 472 1837; x_wconf 91' lang='lat'>&#39;</span> <span class='ocrx_word' id='word_1_139' title='bbox 576 1816 743 1894; x_wconf 85' lang='lat' dir='ltr'>imaginata</span> <span class='ocrx_word' id='word_1_140' title='bbox 768 1816 932 1892; x_wconf 88' lang='lat' dir='ltr'>quantitas,</span> <span class='ocrx_word' id='word_1_141' title='bbox 958 1822 1006 1874; x_wconf 92' lang='lat' dir='ltr'>est</span> <span class='ocrx_word' id='word_1_142' title='bbox 1030 1816 1126 1892; x_wconf 90' lang='lat' dir='ltr'>major</span> <span class='ocrx_word' id='word_1_143' title='bbox 1151 1835 1238 1893; x_wconf 88' lang='lat' dir='ltr'>quam</span> <span class='ocrx_word' id='word_1_144' title='bbox 1262 1816 1327 1876; x_wconf 89' lang='lat' dir='ltr'>DE.</span> 
     </span>
    </p>
   </div>
   <div class='ocr_carea' id='block_1_6' title="bbox 527 1902 1936 4105">
    <p class='ocr_par' dir='ltr' id='par_1_7' title="bbox 575 1902 1934 2159">
     <span class='ocr_line' id='line_1_15' title="bbox 664 1902 1934 1982; baseline -0.002 -17"><span class='ocrx_word' id='word_1_145' title='bbox 664 1903 809 1965; x_wconf 92' lang='lat' dir='ltr'>LXXXI.</span> <span class='ocrx_word' id='word_1_146' title='bbox 856 1903 1084 1982; x_wconf 91' lang='lat' dir='ltr'>Propositio.</span> <span class='ocrx_word' id='word_1_147' title='bbox 1133 1902 1246 1964; x_wconf 88' lang='lat' dir='ltr'>Oculus</span> <span class='ocrx_word' id='word_1_148' title='bbox 1271 1924 1327 1982; x_wconf 91' lang='lat' dir='ltr'>quo</span> <span class='ocrx_word' id='word_1_149' title='bbox 1354 1904 1444 1963; x_wconf 87' lang='lat' dir='ltr'>luerit</span> <span class='ocrx_word' id='word_1_150' title='bbox 1472 1905 1657 1964; x_wconf 89' lang='lat' dir='ltr'>remotiora</span> <span class='ocrx_word' id='word_1_151' title='bbox 1690 1923 1827 1964; x_wconf 87' lang='lat' dir='ltr'>convexa</span> <span class='ocrx_word' id='word_1_152' title='bbox 1855 1904 1934 1965; x_wconf 90' lang='lat' dir='ltr'>lente</span> 
     </span>
     <span class='ocr_line' id='line_1_16' title="bbox 575 1991 1934 2073; baseline 0.001 -22"><span class='ocrx_word' id='word_1_153' title='bbox 575 2012 681 2054; x_wconf 87' lang='lat' dir='ltr'>versus</span> <span class='ocrx_word' id='word_1_154' title='bbox 705 2000 846 2071; x_wconf 91' lang='lat' dir='ltr'>punctum</span> <span class='ocrx_word' id='word_1_155' title='bbox 871 2010 1048 2064; x_wconf 85' lang='lat' dir='ltr'>concursus,</span> <span class='ocrx_word' id='word_1_156' title='bbox 1074 1991 1129 2051; x_wconf 94' lang='lat' dir='ltr'>hoc</span> <span class='ocrx_word' id='word_1_157' title='bbox 1162 1992 1245 2052; x_wconf 88' lang='lat' dir='ltr'>videt</span> <span class='ocrx_word' id='word_1_158' title='bbox 1269 1992 1472 2070; x_wconf 85' lang='lat' dir='ltr'>angustiorem</span> <span class='ocrx_word' id='word_1_159' title='bbox 1498 1992 1708 2071; x_wconf 83' lang='lat' dir='ltr'>hemisphaerii</span> <span class='ocrx_word' id='word_1_160' title='bbox 1736 2001 1858 2070; x_wconf 88' lang='lat' dir='ltr'>partem</span> <span class='ocrx_word' id='word_1_161' title='bbox 1882 2010 1934 2073; x_wconf 89' lang='lat' dir='ltr'>per</span> 
     </span>
     <span class='ocr_line' id='line_1_17' title="bbox 577 2080 1406 2159; baseline -0.004 -16"><span class='ocrx_word' id='word_1_162' title='bbox 577 2082 688 2143; x_wconf 90' lang='lat' dir='ltr'>lentem</span> <span class='ocrx_word' id='word_1_163' title='bbox 713 2100 836 2159; x_wconf 89' lang='lat' dir='ltr'>eamque</span> <span class='ocrx_word' id='word_1_164' title='bbox 861 2088 979 2159; x_wconf 88' lang='lat' dir='ltr'>partem</span> <span class='ocrx_word' id='word_1_165' title='bbox 1003 2080 1058 2140; x_wconf 91' lang='lat' dir='ltr'>hoc</span> <span class='ocrx_word' id='word_1_166' title='bbox 1084 2082 1227 2141; x_wconf 87' lang='lat' dir='ltr'>minorem</span> <span class='ocrx_word' id='word_1_167' title='bbox 1251 2082 1406 2142; x_wconf 87' lang='lat' dir='ltr'>aestimat.</span> 
     </span>
    </p>

    <p class='ocr_par' dir='ltr' id='par_1_8' title="bbox 527 2168 1935 3312">
     <span class='ocr_line' id='line_1_18' title="bbox 664 2168 1934 2249; baseline -0.004 -17"><span class='ocrx_word' id='word_1_168' title='bbox 664 2168 739 2232; x_wconf 89' lang='lat' dir='ltr'>Cum</span> <span class='ocrx_word' id='word_1_169' title='bbox 764 2170 840 2229; x_wconf 90' lang='lat' dir='ltr'>enim</span> <span class='ocrx_word' id='word_1_170' title='bbox 866 2177 896 2229; x_wconf 91' lang='lat' dir='ltr'>et</span> <span class='ocrx_word' id='word_1_171' title='bbox 921 2170 985 2229; x_wconf 92' lang='lat' dir='ltr'>lens</span> <span class='ocrx_word' id='word_1_172' title='bbox 1010 2177 1139 2248; x_wconf 83' lang='lat' dir='ltr'>atquae</span> <span class='ocrx_word' id='word_1_173' title='bbox 1164 2189 1307 2248; x_wconf 90' lang='lat' dir='ltr'>peream</span> <span class='ocrx_word' id='word_1_174' title='bbox 1340 2170 1477 2249; x_wconf 87' lang='lat' dir='ltr'>utrinque</span> <span class='ocrx_word' id='word_1_175' title='bbox 1509 2176 1670 2229; x_wconf 89' lang='lat' dir='ltr'>cernuntur</span> <span class='ocrx_word' id='word_1_176' title='bbox 1694 2170 1800 2230; x_wconf 91' lang='lat' dir='ltr'>eodem</span> <span class='ocrx_word' id='word_1_177' title='bbox 1824 2168 1934 2247; x_wconf 89' lang='lat' dir='ltr'>angulo</span> 
     </span>
     <span class='ocr_line' id='line_1_19' title="bbox 576 2256 1935 2338; baseline -0.004 -17"><span class='ocrx_word' id='word_1_178' title='bbox 576 2268 606 2321; x_wconf 90' lang='lat' dir='ltr'>et</span> <span class='ocrx_word' id='word_1_179' title='bbox 630 2279 666 2321; x_wconf 91' lang='lat' dir='ltr'>eo</span> <span class='ocrx_word' id='word_1_180' title='bbox 690 2258 809 2338; x_wconf 90' lang='lat' dir='ltr'>quidem</span> <span class='ocrx_word' id='word_1_181' title='bbox 833 2258 938 2318; x_wconf 87' lang='lat' dir='ltr'>minori</span> <span class='ocrx_word' id='word_1_182' title='bbox 963 2267 1125 2319; x_wconf 85' lang='lat' dir='ltr'>cernantur</span> <span class='ocrx_word' id='word_1_183' title='bbox 1149 2259 1229 2320; x_wconf 92' lang='lat' dir='ltr'>lente</span> <span class='ocrx_word' id='word_1_184' title='bbox 1254 2267 1385 2332; x_wconf 87' lang='lat' dir='ltr'>remota,</span> <span class='ocrx_word' id='word_1_185' title='bbox 1412 2278 1498 2336; x_wconf 83' lang='lat' dir='ltr'>quam</span> <span class='ocrx_word' id='word_1_186' title='bbox 1523 2258 1705 2336; x_wconf 90' lang='lat' dir='ltr'>propinqua,</span> <span class='ocrx_word' id='word_1_187' title='bbox 1742 2256 1880 2336; x_wconf 88' lang='lat' dir='ltr'>sequitur</span> <span class='ocrx_word' id='word_1_188' title='bbox 1903 2263 1935 2317; x_wconf 88' lang='lat' dir='ltr'>ut</span> 
     </span>
     <span class='ocr_line' id='line_1_20' title="bbox 573 2344 1935 2429; baseline -0.002 -21"><span class='ocrx_word' id='word_1_189' title='bbox 573 2369 644 2429; x_wconf 89' lang='lat' dir='ltr'>pars</span> <span class='ocrx_word' id='word_1_190' title='bbox 668 2348 735 2407; x_wconf 88' lang='lat' dir='ltr'>visa</span> <span class='ocrx_word' id='word_1_191' title='bbox 759 2347 839 2407; x_wconf 91' lang='lat' dir='ltr'>lente</span> <span class='ocrx_word' id='word_1_192' title='bbox 863 2354 980 2406; x_wconf 89' lang='lat' dir='ltr'>remota</span> <span class='ocrx_word' id='word_1_193' title='bbox 1004 2345 1099 2407; x_wconf 88' lang='lat' dir='ltr'>minor</span> <span class='ocrx_word' id='word_1_194' title='bbox 1122 2355 1243 2425; x_wconf 89' lang='lat' dir='ltr'>putetur</span> <span class='ocrx_word' id='word_1_195' title='bbox 1268 2351 1336 2426; x_wconf 87' lang='lat' dir='ltr'>(per</span> <span class='ocrx_word' id='word_1_196' title='bbox 1353 2347 1497 2418; x_wconf 82' lang='lat' dir='ltr'>LXVII).</span> <span class='ocrx_word' id='word_1_197' title='bbox 1546 2345 1606 2406; x_wconf 89' lang='lat' dir='ltr'>Sed</span> <span class='ocrx_word' id='word_1_198' title='bbox 1633 2356 1663 2405; x_wconf 90' lang='lat' dir='ltr'>et</span> <span class='ocrx_word' id='word_1_199' title='bbox 1686 2366 1717 2406; x_wconf 90' lang='lat' dir='ltr'>re</span> <span class='ocrx_word' id='word_1_200' title='bbox 1742 2365 1816 2405; x_wconf 87' lang='lat' dir='ltr'>vera</span> <span class='ocrx_word' id='word_1_201' title='bbox 1840 2344 1935 2406; x_wconf 89' lang='lat' dir='ltr'>minor</span> 
     </span>
     <span class='ocr_line' id='line_1_21' title="bbox 571 2433 1933 2518; baseline -0.002 -21"><span class='ocrx_word' id='word_1_202' title='bbox 571 2455 643 2518; x_wconf 90' lang='lat' dir='ltr'>pars</span> <span class='ocrx_word' id='word_1_203' title='bbox 667 2455 719 2515; x_wconf 90' lang='lat' dir='ltr'>per</span> <span class='ocrx_word' id='word_1_204' title='bbox 743 2454 807 2494; x_wconf 90' lang='lat' dir='ltr'>eam</span> <span class='ocrx_word' id='word_1_205' title='bbox 833 2434 964 2495; x_wconf 88' lang='lat' dir='ltr'>cernitur</span> <span class='ocrx_word' id='word_1_206' title='bbox 988 2435 1188 2497; x_wconf 83' lang='lat' dir='ltr'>remotiorem.</span> <span class='ocrx_word' id='word_1_207' title='bbox 1237 2435 1287 2496; x_wconf 89' lang='lat' dir='ltr'>Sit</span> <span class='ocrx_word' id='word_1_208' title='bbox 1310 2436 1388 2496; x_wconf 88' lang='lat' dir='ltr'>enim</span> <span class='ocrx_word' id='word_1_209' title='bbox 1414 2435 1440 2494; x_wconf 90' lang='lat' dir='ltr'>iu</span> <span class='ocrx_word' id='word_1_210' title='bbox 1475 2434 1566 2514; x_wconf 88' lang='lat' dir='ltr'>priori</span> <span class='ocrx_word' id='word_1_211' title='bbox 1600 2434 1755 2495; x_wconf 90' lang='lat' dir='ltr'>schemate</span> <span class='ocrx_word' id='word_1_212' title='bbox 1787 2434 1855 2494; x_wconf 91' lang='lat' dir='ltr'>lens</span> <span class='ocrx_word' id='word_1_213' title='bbox 1881 2433 1933 2494; x_wconf 80' lang='lat' dir='ltr'>AB</span> 
     </span>
     <span class='ocr_line' id='line_1_22' title="bbox 572 2521 1932 2602; baseline -0.004 -15"><span class='ocrx_word' id='word_1_214' title='bbox 572 2525 714 2588; x_wconf 87' lang='lat' dir='ltr'>remotior</span> <span class='ocrx_word' id='word_1_215' title='bbox 738 2525 775 2583; x_wconf 87' lang='lat' dir='ltr'>ab</span> <span class='ocrx_word' id='word_1_216' title='bbox 799 2522 927 2584; x_wconf 89' lang='lat' dir='ltr'>oculoC</span> <span class='ocrx_word' id='word_1_217' title='bbox 952 2542 1040 2602; x_wconf 90' lang='lat' dir='ltr'>quam</span> <span class='ocrx_word' id='word_1_218' title='bbox 1066 2524 1103 2583; x_wconf 92' lang='lat' dir='ltr'>ab</span> <span class='ocrx_word' id='word_1_219' title='bbox 1128 2525 1214 2584; x_wconf 89' lang='lat' dir='ltr'>oculo</span> <span class='ocrx_word' id='word_1_220' title='bbox 1232 2522 1269 2591; x_wconf 86' lang='lat'>0,</span> <span class='ocrx_word' id='word_1_221' title='bbox 1295 2534 1325 2584; x_wconf 91' lang='lat' dir='ltr'>et</span> <span class='ocrx_word' id='word_1_222' title='bbox 1350 2525 1446 2584; x_wconf 92' lang='lat' dir='ltr'>ductis</span> <span class='ocrx_word' id='word_1_223' title='bbox 1472 2521 1551 2583; x_wconf 77' lang='lat' dir='ltr'>exO</span> <span class='ocrx_word' id='word_1_224' title='bbox 1576 2523 1666 2583; x_wconf 87' lang='lat' dir='ltr'>rectis</span> <span class='ocrx_word' id='word_1_225' title='bbox 1691 2524 1720 2584; x_wconf 94' lang='lat' dir='ltr'>in</span> <span class='ocrx_word' id='word_1_226' title='bbox 1740 2522 1778 2596; x_wconf 90' lang='lat' dir='ltr'>A,</span> <span class='ocrx_word' id='word_1_227' title='bbox 1795 2522 1833 2595; x_wconf 93' lang='lat' dir='ltr'>B,</span> <span class='ocrx_word' id='word_1_228' title='bbox 1860 2540 1932 2601; x_wconf 91' lang='lat' dir='ltr'>quo-</span> 
     </span>
     <span class='ocr_line' id='line_1_23' title="bbox 574 2610 1932 2692; baseline -0.004 -17"><span class='ocrx_word' id='word_1_229' title='bbox 574 2614 655 2675; x_wconf 90' lang='lat' dir='ltr'>niam</span> <span class='ocrx_word' id='word_1_230' title='bbox 679 2612 756 2685; x_wconf 86' lang='grc' dir='ltr'>ΟΛ,</span> <span class='ocrx_word' id='word_1_231' title='bbox 791 2610 845 2672; x_wconf 91' lang='grc' dir='ltr'>ΟΒ</span> <span class='ocrx_word' id='word_1_232' title='bbox 877 2612 1034 2672; x_wconf 90' lang='lat' dir='ltr'>interiores</span> <span class='ocrx_word' id='word_1_233' title='bbox 1064 2622 1133 2673; x_wconf 89' lang='lat' dir='ltr'>sunt</span> <span class='ocrx_word' id='word_1_234' title='bbox 1164 2632 1251 2692; x_wconf 90' lang='lat' dir='ltr'>quam</span> <span class='ocrx_word' id='word_1_235' title='bbox 1277 2611 1347 2686; x_wconf 82' lang='lat' dir='ltr'>CA,</span> <span class='ocrx_word' id='word_1_236' title='bbox 1374 2610 1441 2683; x_wconf 90' lang='lat' dir='ltr'>CB,</span> <span class='ocrx_word' id='word_1_237' title='bbox 1475 2612 1597 2671; x_wconf 84' lang='lat' dir='ltr'>refracti</span> <span class='ocrx_word' id='word_1_238' title='bbox 1631 2611 1764 2690; x_wconf 90' lang='lat' dir='ltr'>ipsorum</span> <span class='ocrx_word' id='word_1_239' title='bbox 1799 2610 1932 2672; x_wconf 89' lang='lat' dir='ltr'>sectione</span> 
     </span>
     <span class='ocr_line' id='line_1_24' title="bbox 576 2698 1933 2779; baseline -0.004 -15"><span class='ocrx_word' id='word_1_240' title='bbox 576 2704 658 2764; x_wconf 86' lang='lat' dir='ltr'>lacta</span> <span class='ocrx_word' id='word_1_241' title='bbox 681 2702 711 2762; x_wconf 93' lang='lat' dir='ltr'>in</span> <span class='ocrx_word' id='word_1_242' title='bbox 737 2702 762 2760; x_wconf 85' lang='lat' dir='ltr'>A</span> <span class='ocrx_word' id='word_1_243' title='bbox 788 2710 819 2759; x_wconf 87' lang='lat' dir='ltr'>et</span> <span class='ocrx_word' id='word_1_244' title='bbox 841 2700 867 2759; x_wconf 94' lang='lat' dir='ltr'>B</span> <span class='ocrx_word' id='word_1_245' title='bbox 892 2711 978 2760; x_wconf 87' lang='lat' dir='ltr'>eruut</span> <span class='ocrx_word' id='word_1_246' title='bbox 1002 2701 1167 2760; x_wconf 86' lang='lat' dir='ltr'>exteriores</span> <span class='ocrx_word' id='word_1_247' title='bbox 1193 2704 1259 2779; x_wconf 90' lang='lat' dir='ltr'>(per</span> <span class='ocrx_word' id='word_1_248' title='bbox 1282 2702 1353 2775; x_wconf 87' lang='lat' dir='ltr'>XI).</span> <span class='ocrx_word' id='word_1_249' title='bbox 1403 2699 1450 2761; x_wconf 86' lang='lat' dir='ltr'>Sit</span> <span class='ocrx_word' id='word_1_250' title='bbox 1484 2699 1578 2778; x_wconf 87' lang='lat' dir='ltr'>ipsius</span> <span class='ocrx_word' id='word_1_251' title='bbox 1604 2698 1662 2760; x_wconf 79' lang='lat' dir='ltr'>On</span> <span class='ocrx_word' id='word_1_252' title='bbox 1696 2701 1848 2760; x_wconf 87' lang='lat' dir='ltr'>refractus</span> <span class='ocrx_word' id='word_1_253' title='bbox 1874 2699 1933 2759; x_wconf 80' lang='lat' dir='ltr'>AM</span> 
     </span>
     <span class='ocr_line' id='line_1_25' title="bbox 575 2787 1933 2867; baseline -0.002 -17"><span class='ocrx_word' id='word_1_254' title='bbox 575 2790 713 2861; x_wconf 80' lang='lat' dir='ltr'>exterior,</span> <span class='ocrx_word' id='word_1_255' title='bbox 740 2797 772 2847; x_wconf 85' lang='lat' dir='ltr'>et</span> <span class='ocrx_word' id='word_1_256' title='bbox 795 2787 888 2867; x_wconf 89' lang='lat' dir='ltr'>ipsius</span> <span class='ocrx_word' id='word_1_257' title='bbox 904 2787 958 2849; x_wconf 90' lang='lat' dir='ltr'>OB</span> <span class='ocrx_word' id='word_1_258' title='bbox 978 2790 1018 2849; x_wconf 89' lang='lat' dir='ltr'>sit</span> <span class='ocrx_word' id='word_1_259' title='bbox 1038 2791 1186 2850; x_wconf 87' lang='lat' dir='ltr'>refractus</span> <span class='ocrx_word' id='word_1_260' title='bbox 1210 2790 1341 2849; x_wconf 81' lang='lat' dir='ltr'>exterior</span> <span class='ocrx_word' id='word_1_261' title='bbox 1355 2790 1420 2850; x_wconf 79' lang='lat' dir='ltr'>lm.</span> <span class='ocrx_word' id='word_1_262' title='bbox 1459 2790 1551 2847; x_wconf 86' lang='lat' dir='ltr'>Patet</span> <span class='ocrx_word' id='word_1_263' title='bbox 1569 2789 1668 2866; x_wconf 80' lang='lat' dir='ltr'>igitur,</span> <span class='ocrx_word' id='word_1_264' title='bbox 1694 2789 1771 2867; x_wconf 91' lang='lat' dir='ltr'>quod</span> <span class='ocrx_word' id='word_1_265' title='bbox 1794 2788 1933 2848; x_wconf 83' lang='lat' dir='ltr'>refractis</span> 
     </span>
     <span class='ocr_line' id='line_1_26' title="bbox 527 2876 1932 2956; baseline -0.005 -14"><span class='ocrx_word' id='word_1_266' title='bbox 527 2932 532 2942; x_wconf 89' lang='lat'>.</span> <span class='ocrx_word' id='word_1_267' title='bbox 576 2880 649 2949; x_wconf 83' lang='lat' dir='ltr'>AM,</span> <span class='ocrx_word' id='word_1_268' title='bbox 673 2877 729 2938; x_wconf 90' lang='grc' dir='ltr'>ΒΝ</span> <span class='ocrx_word' id='word_1_269' title='bbox 744 2876 931 2936; x_wconf 87' lang='lat' dir='ltr'>venientibus</span> <span class='ocrx_word' id='word_1_270' title='bbox 957 2899 974 2937; x_wconf 90' lang='lat' dir='ltr'>a</span> <span class='ocrx_word' id='word_1_271' title='bbox 998 2878 1164 2956; x_wconf 81' lang='lat' dir='ltr'>propinquo</span> <span class='ocrx_word' id='word_1_272' title='bbox 1189 2876 1317 2939; x_wconf 91' lang='lat' dir='ltr'>oculoO</span> <span class='ocrx_word' id='word_1_273' title='bbox 1338 2878 1434 2955; x_wconf 90' lang='lat' dir='ltr'>major</span> <span class='ocrx_word' id='word_1_274' title='bbox 1453 2877 1664 2955; x_wconf 86' lang='lat' dir='ltr'>hemisphaerii</span> <span class='ocrx_word' id='word_1_275' title='bbox 1685 2877 1785 2956; x_wconf 88' lang='lat' dir='ltr'>portio</span> <span class='ocrx_word' id='word_1_276' title='bbox 1809 2876 1932 2938; x_wconf 87' lang='lat' dir='ltr'>abscin-</span> 
     </span>
     <span class='ocr_line' id='line_1_27' title="bbox 577 2964 1935 3040; baseline -0.002 -13"><span class='ocrx_word' id='word_1_277' title='bbox 577 2968 682 3039; x_wconf 88' lang='lat' dir='ltr'>datur;</span> <span class='ocrx_word' id='word_1_278' title='bbox 707 2965 844 3026; x_wconf 85' lang='lat' dir='ltr'>refractis</span> <span class='ocrx_word' id='word_1_279' title='bbox 867 2983 938 3025; x_wconf 86' lang='lat' dir='ltr'>vero</span> <span class='ocrx_word' id='word_1_280' title='bbox 963 2966 1030 3038; x_wconf 84' lang='lat' dir='ltr'>AD,</span> <span class='ocrx_word' id='word_1_281' title='bbox 1058 2966 1110 3025; x_wconf 84' lang='grc' dir='ltr'>ΒΕ</span> <span class='ocrx_word' id='word_1_282' title='bbox 1134 2966 1322 3027; x_wconf 88' lang='lat' dir='ltr'>venientibus</span> <span class='ocrx_word' id='word_1_283' title='bbox 1347 2987 1365 3026; x_wconf 85' lang='lat' dir='ltr'>a</span> <span class='ocrx_word' id='word_1_284' title='bbox 1390 2965 1414 3027; x_wconf 88' lang='lat' dir='ltr'>C</span> <span class='ocrx_word' id='word_1_285' title='bbox 1438 2966 1522 3026; x_wconf 93' lang='lat' dir='ltr'>oculo</span> <span class='ocrx_word' id='word_1_286' title='bbox 1548 2967 1710 3040; x_wconf 88' lang='lat' dir='ltr'>remotiori,</span> <span class='ocrx_word' id='word_1_287' title='bbox 1736 2964 1935 3025; x_wconf 86' lang='lat' dir='ltr'>abscindatur</span> 
     </span>
     <span class='ocr_line' id='line_1_28' title="bbox 537 3054 1935 3135; baseline -0.001 -21"><span class='ocrx_word' id='word_1_288' title='bbox 537 3121 539 3124; x_wconf 79' lang='lat'>.</span> <span class='ocrx_word' id='word_1_289' title='bbox 574 3056 671 3135; x_wconf 90' lang='lat' dir='ltr'>portio</span> <span class='ocrx_word' id='word_1_290' title='bbox 704 3054 916 3132; x_wconf 88' lang='lat' dir='ltr'>hemisphaerii</span> <span class='ocrx_word' id='word_1_291' title='bbox 950 3055 1054 3115; x_wconf 89' lang='lat' dir='ltr'>mluor.</span> <span class='ocrx_word' id='word_1_292' title='bbox 1103 3056 1135 3114; x_wconf 94' lang='lat' dir='ltr'>ld</span> <span class='ocrx_word' id='word_1_293' title='bbox 1171 3057 1263 3116; x_wconf 91' lang='lat' dir='ltr'>multo</span> <span class='ocrx_word' id='word_1_294' title='bbox 1294 3055 1461 3115; x_wconf 81' lang='lat' dir='ltr'>evidentius</span> <span class='ocrx_word' id='word_1_295' title='bbox 1495 3055 1569 3126; x_wconf 90' lang='lat' dir='ltr'>erit,</span> <span class='ocrx_word' id='word_1_296' title='bbox 1606 3055 1630 3113; x_wconf 92' lang='lat' dir='ltr'>si</span> <span class='ocrx_word' id='word_1_297' title='bbox 1664 3055 1707 3114; x_wconf 90' lang='lat' dir='ltr'>sic</span> <span class='ocrx_word' id='word_1_298' title='bbox 1742 3054 1935 3114; x_wconf 88' lang='lat' dir='ltr'>manentibus</span> 
     </span>
     <span class='ocr_line' id='line_1_29' title="bbox 576 3143 1935 3218; baseline -0.001 -15"><span class='ocrx_word' id='word_1_299' title='bbox 576 3143 818 3205; x_wconf 88' lang='lat' dir='ltr'>inclinationibus</span> <span class='ocrx_word' id='word_1_300' title='bbox 846 3144 1041 3204; x_wconf 80' lang='lat' dir='ltr'>retracturum</span> <span class='ocrx_word' id='word_1_301' title='bbox 1075 3145 1151 3203; x_wconf 92' lang='lat' dir='ltr'>oculi</span> <span class='ocrx_word' id='word_1_302' title='bbox 1185 3144 1226 3218; x_wconf 90' lang='lat' dir='ltr'>O,</span> <span class='ocrx_word' id='word_1_303' title='bbox 1253 3143 1277 3205; x_wconf 87' lang='lat' dir='ltr'>C</span> <span class='ocrx_word' id='word_1_304' title='bbox 1303 3146 1331 3204; x_wconf 92' lang='lat' dir='ltr'>iu</span> <span class='ocrx_word' id='word_1_305' title='bbox 1358 3163 1446 3204; x_wconf 89' lang='lat' dir='ltr'>unum</span> <span class='ocrx_word' id='word_1_306' title='bbox 1471 3150 1597 3217; x_wconf 80' lang='lat' dir='ltr'>coeam,</span> <span class='ocrx_word' id='word_1_307' title='bbox 1621 3152 1664 3203; x_wconf 80' lang='lat' dir='ltr'>et</span> <span class='ocrx_word' id='word_1_308' title='bbox 1699 3143 1764 3204; x_wconf 93' lang='lat' dir='ltr'>lens</span> <span class='ocrx_word' id='word_1_309' title='bbox 1799 3143 1935 3203; x_wconf 80' lang='lat' dir='ltr'>diversos</span> 
     </span>
     <span class='ocr_line' id='line_1_30' title="bbox 577 3232 1691 3312; baseline -0.002 -19"><span class='ocrx_word' id='word_1_310' title='bbox 577 3233 713 3312; x_wconf 88' lang='lat' dir='ltr'>acquirat</span> <span class='ocrx_word' id='word_1_311' title='bbox 737 3232 823 3291; x_wconf 87' lang='lat' dir='ltr'>situs.</span> <span class='ocrx_word' id='word_1_312' title='bbox 1687 3285 1691 3291; x_wconf 87' lang='grc'><strong><em>,</em></strong></span> 
     </span>
    </p>

    <p class='ocr_par' dir='ltr' id='par_1_9' title="bbox 574 3317 1936 3575">
     <span class='ocr_line' id='line_1_31' title="bbox 667 3317 1936 3398; baseline -0.003 -17"><span class='ocrx_word' id='word_1_313' title='bbox 667 3320 830 3381; x_wconf 89' lang='lat' dir='ltr'>LXXXII.</span> <span class='ocrx_word' id='word_1_314' title='bbox 857 3318 1083 3397; x_wconf 91' lang='lat' dir='ltr'>Propositio.</span> <span class='ocrx_word' id='word_1_315' title='bbox 1131 3317 1243 3379; x_wconf 87' lang='lat' dir='ltr'>Oculus</span> <span class='ocrx_word' id='word_1_316' title='bbox 1268 3320 1416 3380; x_wconf 83' lang='lat' dir='ltr'>risibilem</span> <span class='ocrx_word' id='word_1_317' title='bbox 1440 3338 1500 3379; x_wconf 90' lang='lat' dir='ltr'>rem</span> <span class='ocrx_word' id='word_1_318' title='bbox 1525 3319 1718 3397; x_wconf 82' lang='lat' dir='ltr'>longinquam</span> <span class='ocrx_word' id='word_1_319' title='bbox 1742 3318 1936 3398; x_wconf 88' lang='lat' dir='ltr'>conspicatus</span> 
     </span>
     <span class='ocr_line' id='line_1_32' title="bbox 574 3407 1934 3490; baseline -0.002 -21"><span class='ocrx_word' id='word_1_320' title='bbox 574 3428 666 3490; x_wconf 89' lang='lat' dir='ltr'>prope</span> <span class='ocrx_word' id='word_1_321' title='bbox 698 3410 824 3479; x_wconf 90' lang='lat' dir='ltr'>lentem,</span> <span class='ocrx_word' id='word_1_322' title='bbox 858 3407 906 3467; x_wconf 94' lang='lat' dir='ltr'>ubi</span> <span class='ocrx_word' id='word_1_323' title='bbox 941 3407 1099 3467; x_wconf 90' lang='lat' dir='ltr'>recesserit</span> <span class='ocrx_word' id='word_1_324' title='bbox 1132 3408 1246 3469; x_wconf 89' lang='lat' dir='ltr'>eminus</span> <span class='ocrx_word' id='word_1_325' title='bbox 1280 3429 1384 3469; x_wconf 86' lang='lat' dir='ltr'>versus</span> <span class='ocrx_word' id='word_1_326' title='bbox 1415 3427 1576 3468; x_wconf 86' lang='lat' dir='ltr'>concursus</span> <span class='ocrx_word' id='word_1_327' title='bbox 1612 3416 1775 3486; x_wconf 91' lang='lat' dir='ltr'>punctum,</span> <span class='ocrx_word' id='word_1_328' title='bbox 1810 3408 1934 3467; x_wconf 87' lang='lat' dir='ltr'>eandem</span> 
     </span>
     <span class='ocr_line' id='line_1_33' title="bbox 576 3498 1098 3575; baseline -0.002 -21"><span class='ocrx_word' id='word_1_329' title='bbox 576 3498 695 3558; x_wconf 87' lang='lat' dir='ltr'>videbit</span> <span class='ocrx_word' id='word_1_330' title='bbox 718 3498 862 3575; x_wconf 89' lang='lat' dir='ltr'>majorem</span> <span class='ocrx_word' id='word_1_331' title='bbox 886 3515 972 3573; x_wconf 79' lang='lat' dir='ltr'>quem</span> <span class='ocrx_word' id='word_1_332' title='bbox 997 3514 1098 3574; x_wconf 90' lang='lat' dir='ltr'>prope.</span> 
     </span>
    </p>

    <p class='ocr_par' dir='ltr' id='par_1_10' title="bbox 572 3583 1935 4105">
     <span class='ocr_line' id='line_1_34' title="bbox 666 3583 1935 3664; baseline -0.003 -20"><span class='ocrx_word' id='word_1_333' title='bbox 666 3586 797 3646; x_wconf 89' lang='lat' dir='ltr'>Videtur</span> <span class='ocrx_word' id='word_1_334' title='bbox 821 3584 970 3644; x_wconf 87' lang='lat' dir='ltr'>contraria</span> <span class='ocrx_word' id='word_1_335' title='bbox 985 3584 1085 3662; x_wconf 87' lang='lat' dir='ltr'>priori,</span> <span class='ocrx_word' id='word_1_336' title='bbox 1111 3585 1178 3643; x_wconf 89' lang='lat' dir='ltr'>ideo</span> <span class='ocrx_word' id='word_1_337' title='bbox 1196 3584 1221 3642; x_wconf 90' lang='lat' dir='ltr'>ei</span> <span class='ocrx_word' id='word_1_338' title='bbox 1243 3585 1402 3664; x_wconf 89' lang='lat' dir='ltr'>apponitur</span> <span class='ocrx_word' id='word_1_339' title='bbox 1426 3583 1640 3645; x_wconf 80' lang='lat' dir='ltr'>declarationis</span> <span class='ocrx_word' id='word_1_340' title='bbox 1656 3603 1758 3644; x_wconf 89' lang='lat' dir='ltr'>causa.</span> <span class='ocrx_word' id='word_1_341' title='bbox 1801 3583 1935 3643; x_wconf 88' lang='lat' dir='ltr'>Attende</span> 
     </span>
     <span class='ocr_line' id='line_1_35' title="bbox 574 3672 1934 3752; baseline -0.004 -16"><span class='ocrx_word' id='word_1_342' title='bbox 574 3676 661 3746; x_wconf 89' lang='lat' dir='ltr'>enim,</span> <span class='ocrx_word' id='word_1_343' title='bbox 686 3676 763 3752; x_wconf 89' lang='lat' dir='ltr'>quod</span> <span class='ocrx_word' id='word_1_344' title='bbox 788 3693 836 3733; x_wconf 90' lang='lat' dir='ltr'>res</span> <span class='ocrx_word' id='word_1_345' title='bbox 862 3692 963 3732; x_wconf 88' lang='lat' dir='ltr'>ornnes</span> <span class='ocrx_word' id='word_1_346' title='bbox 990 3675 1067 3732; x_wconf 88' lang='lat' dir='ltr'>lente</span> <span class='ocrx_word' id='word_1_347' title='bbox 1102 3682 1217 3733; x_wconf 89' lang='lat' dir='ltr'>remota</span> <span class='ocrx_word' id='word_1_348' title='bbox 1242 3674 1323 3733; x_wconf 89' lang='lat' dir='ltr'>visae</span> <span class='ocrx_word' id='word_1_349' title='bbox 1349 3673 1453 3732; x_wconf 88' lang='lat' dir='ltr'>minori</span> <span class='ocrx_word' id='word_1_350' title='bbox 1479 3674 1587 3750; x_wconf 78' lang='lat' dir='ltr'>angulo</span> <span class='ocrx_word' id='word_1_351' title='bbox 1617 3680 1776 3732; x_wconf 88' lang='lat' dir='ltr'>cernantur</span> <span class='ocrx_word' id='word_1_352' title='bbox 1806 3672 1934 3750; x_wconf 87' lang='lat' dir='ltr'>junctim</span> 
     </span>
     <span class='ocr_line' id='line_1_36' title="bbox 575 3760 1935 3845; baseline -0.004 -22"><span class='ocrx_word' id='word_1_353' title='bbox 575 3783 629 3845; x_wconf 87' lang='lat' dir='ltr'>per</span> <span class='ocrx_word' id='word_1_354' title='bbox 653 3763 799 3823; x_wconf 91' lang='lat' dir='ltr'>LXXXI.</span> <span class='ocrx_word' id='word_1_355' title='bbox 846 3763 891 3821; x_wconf 86' lang='lat' dir='ltr'>At</span> <span class='ocrx_word' id='word_1_356' title='bbox 913 3781 961 3821; x_wconf 91' lang='lat' dir='ltr'>res</span> <span class='ocrx_word' id='word_1_357' title='bbox 985 3762 1121 3837; x_wconf 73' lang='lat' dir='ltr'>singulae</span> <span class='ocrx_word' id='word_1_358' title='bbox 1151 3761 1291 3831; x_wconf 90' lang='lat' dir='ltr'>seorsim,</span> <span class='ocrx_word' id='word_1_359' title='bbox 1324 3781 1399 3840; x_wconf 89' lang='lat' dir='ltr'>quae</span> <span class='ocrx_word' id='word_1_360' title='bbox 1428 3762 1567 3821; x_wconf 89' lang='lat' dir='ltr'>videntur</span> <span class='ocrx_word' id='word_1_361' title='bbox 1597 3763 1676 3821; x_wconf 90' lang='lat' dir='ltr'>lente</span> <span class='ocrx_word' id='word_1_362' title='bbox 1707 3769 1738 3819; x_wconf 89' lang='lat' dir='ltr'>et</span> <span class='ocrx_word' id='word_1_363' title='bbox 1768 3760 1935 3840; x_wconf 85' lang='lat' dir='ltr'>propinqua</span> 
     </span>
     <span class='ocr_line' id='line_1_37' title="bbox 572 3850 1934 3928; baseline -0.004 -16"><span class='ocrx_word' id='word_1_364' title='bbox 572 3861 604 3912; x_wconf 90' lang='lat' dir='ltr'>et</span> <span class='ocrx_word' id='word_1_365' title='bbox 629 3858 757 3922; x_wconf 88' lang='lat' dir='ltr'>remota,</span> <span class='ocrx_word' id='word_1_366' title='bbox 792 3858 908 3910; x_wconf 84' lang='lat' dir='ltr'>remota</span> <span class='ocrx_word' id='word_1_367' title='bbox 933 3850 1012 3909; x_wconf 88' lang='lat' dir='ltr'>lente</span> <span class='ocrx_word' id='word_1_368' title='bbox 1042 3850 1181 3910; x_wconf 86' lang='lat' dir='ltr'>videntur</span> <span class='ocrx_word' id='word_1_369' title='bbox 1206 3851 1310 3926; x_wconf 88' lang='lat' dir='ltr'>majori</span> <span class='ocrx_word' id='word_1_370' title='bbox 1340 3852 1459 3926; x_wconf 78' lang='lat' dir='ltr'>angulo.</span> <span class='ocrx_word' id='word_1_371' title='bbox 1508 3851 1585 3910; x_wconf 81' lang='lat' dir='ltr'>h&#39;am</span> <span class='ocrx_word' id='word_1_372' title='bbox 1611 3850 1753 3927; x_wconf 76' lang='lat' dir='ltr'>angulus,</span> <span class='ocrx_word' id='word_1_373' title='bbox 1790 3870 1848 3928; x_wconf 84' lang='lat' dir='ltr'>quo</span> <span class='ocrx_word' id='word_1_374' title='bbox 1874 3850 1934 3909; x_wconf 80' lang='lat' dir='ltr'>leus</span> 
     </span>
     <span class='ocr_line' id='line_1_38' title="bbox 572 3937 1932 4020; baseline -0.004 -19"><span class='ocrx_word' id='word_1_375' title='bbox 572 3949 729 4020; x_wconf 87' lang='lat' dir='ltr'>spectatur</span> <span class='ocrx_word' id='word_1_376' title='bbox 752 3946 830 4009; x_wconf 86' lang='lat' dir='ltr'>tota,</span> <span class='ocrx_word' id='word_1_377' title='bbox 858 3947 889 3997; x_wconf 92' lang='lat' dir='ltr'>et</span> <span class='ocrx_word' id='word_1_378' title='bbox 913 3939 1054 4015; x_wconf 80' lang='lat' dir='ltr'>angulus,</span> <span class='ocrx_word' id='word_1_379' title='bbox 1091 3958 1146 4015; x_wconf 84' lang='lat' dir='ltr'>quo</span> <span class='ocrx_word' id='word_1_380' title='bbox 1172 3958 1224 4015; x_wconf 84' lang='lat' dir='ltr'>per</span> <span class='ocrx_word' id='word_1_381' title='bbox 1249 3939 1339 3999; x_wconf 89' lang='lat' dir='ltr'>lentis</span> <span class='ocrx_word' id='word_1_382' title='bbox 1362 3938 1541 4016; x_wconf 87' lang='lat' dir='ltr'>particulam</span> <span class='ocrx_word' id='word_1_383' title='bbox 1571 3948 1726 4018; x_wconf 85' lang='lat' dir='ltr'>spectatur</span> <span class='ocrx_word' id='word_1_384' title='bbox 1749 3957 1800 3997; x_wconf 88' lang='lat' dir='ltr'>res</span> <span class='ocrx_word' id='word_1_385' title='bbox 1826 3937 1932 4016; x_wconf 86' lang='lat' dir='ltr'>aliqua,</span> 
     </span>
     <span class='ocr_line' id='line_1_39' title="bbox 575 4026 1933 4105; baseline -0.004 -16"><span class='ocrx_word' id='word_1_386' title='bbox 575 4029 728 4090; x_wconf 87' lang='lat' dir='ltr'>contraria</span> <span class='ocrx_word' id='word_1_387' title='bbox 753 4028 916 4105; x_wconf 86' lang='lat' dir='ltr'>patiuntur.</span> <span class='ocrx_word' id='word_1_388' title='bbox 964 4027 1041 4085; x_wconf 91' lang='lat' dir='ltr'>Dum</span> <span class='ocrx_word' id='word_1_389' title='bbox 1067 4028 1144 4086; x_wconf 86' lang='lat' dir='ltr'>enirn</span> <span class='ocrx_word' id='word_1_390' title='bbox 1173 4028 1235 4086; x_wconf 82' lang='lat' dir='ltr'>lens</span> <span class='ocrx_word' id='word_1_391' title='bbox 1261 4036 1442 4099; x_wconf 89' lang='lat' dir='ltr'>removetur,</span> <span class='ocrx_word' id='word_1_392' title='bbox 1468 4028 1518 4087; x_wconf 90' lang='lat' dir='ltr'>ille</span> <span class='ocrx_word' id='word_1_393' title='bbox 1543 4027 1699 4101; x_wconf 88' lang='lat' dir='ltr'>minuitur,</span> <span class='ocrx_word' id='word_1_394' title='bbox 1725 4026 1774 4086; x_wconf 91' lang='lat' dir='ltr'>hic</span> <span class='ocrx_word' id='word_1_395' title='bbox 1800 4036 1933 4103; x_wconf 82' lang='lat' dir='ltr'>augetur,</span> 
     </span>
    </p>
   </div>
   <div class='ocr_carea' id='block_1_7' title="bbox 472 4115 1934 4195">
    <p class='ocr_par' dir='ltr' id='par_1_11' title="bbox 472 4115 1934 4195">
     <span class='ocr_line' id='line_1_40' title="bbox 472 4115 1934 4195; baseline -0.003 -17"><span class='ocrx_word' id='word_1_396' title='bbox 472 4137 477 4150; x_wconf 78' lang='lat'><strong><em>‘</em></strong></span> <span class='ocrx_word' id='word_1_397' title='bbox 575 4125 695 4178; x_wconf 89' lang='lat' dir='ltr'>etcum</span> <span class='ocrx_word' id='word_1_398' title='bbox 721 4135 755 4176; x_wconf 91' lang='lat' dir='ltr'>eo</span> <span class='ocrx_word' id='word_1_399' title='bbox 779 4115 877 4195; x_wconf 89' lang='lat' dir='ltr'>portio</span> <span class='ocrx_word' id='word_1_400' title='bbox 904 4115 1001 4186; x_wconf 87' lang='lat' dir='ltr'>lentis,</span> <span class='ocrx_word' id='word_1_401' title='bbox 1029 4135 1153 4195; x_wconf 88' lang='lat' dir='ltr'>quares</span> <span class='ocrx_word' id='word_1_402' title='bbox 1174 4116 1226 4174; x_wconf 91' lang='lat' dir='ltr'>illa</span> <span class='ocrx_word' id='word_1_403' title='bbox 1250 4125 1415 4194; x_wconf 85' lang='lat' dir='ltr'>spectatur,</span> <span class='ocrx_word' id='word_1_404' title='bbox 1440 4125 1583 4193; x_wconf 85' lang='lat' dir='ltr'>augetur;</span> <span class='ocrx_word' id='word_1_405' title='bbox 1607 4117 1734 4194; x_wconf 89' lang='lat' dir='ltr'>primurn</span> <span class='ocrx_word' id='word_1_406' title='bbox 1759 4124 1794 4176; x_wconf 89' lang='lat' dir='ltr'>ut</span> <span class='ocrx_word' id='word_1_407' title='bbox 1818 4115 1934 4176; x_wconf 87' lang='lat' dir='ltr'>visibile</span> 
     </span>
    </p>
   </div>
   <div class='ocr_carea' id='block_1_8' title="bbox 570 4203 1936 5080">
    <p class='ocr_par' dir='ltr' id='par_1_12' title="bbox 574 4203 1933 4549">
     <span class='ocr_line' id='line_1_41' title="bbox 574 4203 1933 4283; baseline -0.003 -18"><span class='ocrx_word' id='word_1_408' title='bbox 574 4206 652 4265; x_wconf 91' lang='lat' dir='ltr'>idem</span> <span class='ocrx_word' id='word_1_409' title='bbox 677 4204 898 4282; x_wconf 87' lang='lat' dir='ltr'>apprehendat,</span> <span class='ocrx_word' id='word_1_410' title='bbox 935 4203 1041 4262; x_wconf 88' lang='lat' dir='ltr'>deiude</span> <span class='ocrx_word' id='word_1_411' title='bbox 1071 4214 1104 4262; x_wconf 93' lang='lat' dir='ltr'>ut</span> <span class='ocrx_word' id='word_1_412' title='bbox 1136 4204 1212 4263; x_wconf 86' lang='lat' dir='ltr'>idern</span> <span class='ocrx_word' id='word_1_413' title='bbox 1243 4205 1339 4281; x_wconf 86' lang='lat' dir='ltr'>majus</span> <span class='ocrx_word' id='word_1_414' title='bbox 1373 4213 1599 4283; x_wconf 80' lang='lat' dir='ltr'>repraesentet3</span> <span class='ocrx_word' id='word_1_415' title='bbox 1635 4205 1710 4262; x_wconf 83' lang='lat' dir='ltr'>adeo</span> <span class='ocrx_word' id='word_1_416' title='bbox 1735 4212 1769 4263; x_wconf 91' lang='lat' dir='ltr'>ut</span> <span class='ocrx_word' id='word_1_417' title='bbox 1798 4205 1885 4265; x_wconf 87' lang='lat' dir='ltr'>oculo</span> <span class='ocrx_word' id='word_1_418' title='bbox 1908 4203 1933 4262; x_wconf 90' lang='lat' dir='ltr'>in</span> 
     </span>
     <span class='ocr_line' id='line_1_42' title="bbox 575 4291 1933 4371; baseline 0 -21"><span class='ocrx_word' id='word_1_419' title='bbox 575 4292 671 4370; x_wconf 91' lang='lat' dir='ltr'>ipsum</span> <span class='ocrx_word' id='word_1_420' title='bbox 694 4301 835 4370; x_wconf 89' lang='lat' dir='ltr'>puuctum</span> <span class='ocrx_word' id='word_1_421' title='bbox 859 4311 1019 4351; x_wconf 85' lang='lat' dir='ltr'>concursus</span> <span class='ocrx_word' id='word_1_422' title='bbox 1045 4291 1203 4364; x_wconf 88' lang='lat' dir='ltr'>incidente,</span> <span class='ocrx_word' id='word_1_423' title='bbox 1231 4293 1345 4351; x_wconf 88' lang='lat' dir='ltr'>unicum</span> <span class='ocrx_word' id='word_1_424' title='bbox 1372 4293 1498 4352; x_wconf 84' lang='lat' dir='ltr'>risibilis</span> <span class='ocrx_word' id='word_1_425' title='bbox 1524 4293 1564 4351; x_wconf 89' lang='lat' dir='ltr'>rei</span> <span class='ocrx_word' id='word_1_426' title='bbox 1593 4300 1736 4371; x_wconf 88' lang='lat' dir='ltr'>punctum</span> <span class='ocrx_word' id='word_1_427' title='bbox 1763 4300 1832 4352; x_wconf 88' lang='lat' dir='ltr'>tota</span> <span class='ocrx_word' id='word_1_428' title='bbox 1857 4295 1933 4353; x_wconf 87' lang='lat' dir='ltr'>lente</span> 
     </span>
     <span class='ocr_line' id='line_1_43' title="bbox 575 4380 1932 4460; baseline -0.001 -20"><span class='ocrx_word' id='word_1_429' title='bbox 575 4388 733 4441; x_wconf 88' lang='lat' dir='ltr'>cernatur:</span> <span class='ocrx_word' id='word_1_430' title='bbox 760 4382 836 4459; x_wconf 91' lang='lat' dir='ltr'>quod</span> <span class='ocrx_word' id='word_1_431' title='bbox 860 4399 952 4458; x_wconf 88' lang='lat' dir='ltr'>prope</span> <span class='ocrx_word' id='word_1_432' title='bbox 977 4382 1093 4440; x_wconf 91' lang='lat' dir='ltr'>oculum</span> <span class='ocrx_word' id='word_1_433' title='bbox 1118 4382 1297 4440; x_wconf 86' lang='lat' dir='ltr'>cernebatur</span> <span class='ocrx_word' id='word_1_434' title='bbox 1319 4402 1373 4460; x_wconf 89' lang='lat' dir='ltr'>per</span> <span class='ocrx_word' id='word_1_435' title='bbox 1397 4380 1485 4440; x_wconf 89' lang='lat' dir='ltr'>lentis</span> <span class='ocrx_word' id='word_1_436' title='bbox 1510 4381 1687 4459; x_wconf 88' lang='lat' dir='ltr'>particulam</span> <span class='ocrx_word' id='word_1_437' title='bbox 1713 4389 1767 4441; x_wconf 87' lang='lat' dir='ltr'>aut</span> <span class='ocrx_word' id='word_1_438' title='bbox 1792 4382 1932 4442; x_wconf 88' lang='lat' dir='ltr'>minorem</span> 
     </span>
     <span class='ocr_line' id='line_1_44' title="bbox 576 4469 1431 4549; baseline -0.001 -20"><span class='ocrx_word' id='word_1_439' title='bbox 576 4477 629 4530; x_wconf 89' lang='lat' dir='ltr'>aut</span> <span class='ocrx_word' id='word_1_440' title='bbox 653 4476 734 4530; x_wconf 89' lang='lat' dir='ltr'>certe</span> <span class='ocrx_word' id='word_1_441' title='bbox 760 4487 817 4528; x_wconf 92' lang='lat' dir='ltr'>nou</span> <span class='ocrx_word' id='word_1_442' title='bbox 843 4469 997 4546; x_wconf 87' lang='lat' dir='ltr'>majorem,</span> <span class='ocrx_word' id='word_1_443' title='bbox 1025 4488 1111 4546; x_wconf 91' lang='lat' dir='ltr'>quam</span> <span class='ocrx_word' id='word_1_444' title='bbox 1137 4477 1184 4528; x_wconf 89' lang='lat' dir='ltr'>est</span> <span class='ocrx_word' id='word_1_445' title='bbox 1209 4470 1285 4528; x_wconf 90' lang='lat' dir='ltr'>oculi</span> <span class='ocrx_word' id='word_1_446' title='bbox 1309 4469 1431 4549; x_wconf 86' lang='lat' dir='ltr'>pupilla.</span> 
     </span>
    </p>

    <p class='ocr_par' dir='ltr' id='par_1_13' title="bbox 570 4556 1936 5080">
     <span class='ocr_line' id='line_1_45' title="bbox 664 4556 1934 4635; baseline -0.001 -17"><span class='ocrx_word' id='word_1_447' title='bbox 664 4558 751 4618; x_wconf 85' lang='lat' dir='ltr'>Nunc</span> <span class='ocrx_word' id='word_1_448' title='bbox 776 4557 813 4616; x_wconf 92' lang='lat' dir='ltr'>ad</span> <span class='ocrx_word' id='word_1_449' title='bbox 839 4556 1136 4617; x_wconf 87' lang='lat' dir='ltr'>demonstrationem.</span> <span class='ocrx_word' id='word_1_450' title='bbox 1186 4557 1329 4634; x_wconf 73' lang='lat' dir='ltr'>sicergo</span> <span class='ocrx_word' id='word_1_451' title='bbox 1354 4566 1387 4618; x_wconf 86' lang='lat' dir='ltr'>ut</span> <span class='ocrx_word' id='word_1_452' title='bbox 1417 4578 1505 4635; x_wconf 85' lang='lat' dir='ltr'>supra</span> <span class='ocrx_word' id='word_1_453' title='bbox 1540 4577 1594 4635; x_wconf 86' lang='lat' dir='ltr'>per</span> <span class='ocrx_word' id='word_1_454' title='bbox 1618 4557 1766 4619; x_wconf 92' lang='lat' dir='ltr'>LXXIX.</span> <span class='ocrx_word' id='word_1_455' title='bbox 1798 4566 1934 4635; x_wconf 86' lang='lat' dir='ltr'>potestas</span> 
     </span>
     <span class='ocr_line' id='line_1_46' title="bbox 574 4644 1934 4725; baseline -0.001 -18"><span class='ocrx_word' id='word_1_456' title='bbox 574 4647 664 4707; x_wconf 91' lang='lat' dir='ltr'>lentis</span> <span class='ocrx_word' id='word_1_457' title='bbox 688 4645 835 4723; x_wconf 88' lang='lat' dir='ltr'>utrimque</span> <span class='ocrx_word' id='word_1_458' title='bbox 861 4664 1013 4705; x_wconf 83' lang='lat' dir='ltr'>convexae</span> <span class='ocrx_word' id='word_1_459' title='bbox 1038 4646 1151 4705; x_wconf 79' lang='lat' dir='ltr'>colluto</span> <span class='ocrx_word' id='word_1_460' title='bbox 1174 4646 1202 4706; x_wconf 92' lang='lat' dir='ltr'>in</span> <span class='ocrx_word' id='word_1_461' title='bbox 1228 4647 1412 4725; x_wconf 83' lang='lat' dir='ltr'>superficiem</span> <span class='ocrx_word' id='word_1_462' title='bbox 1437 4646 1492 4706; x_wconf 92' lang='lat' dir='ltr'>AB</span> <span class='ocrx_word' id='word_1_463' title='bbox 1522 4645 1655 4723; x_wconf 86' lang='lat' dir='ltr'>corporis</span> <span class='ocrx_word' id='word_1_464' title='bbox 1688 4647 1775 4706; x_wconf 89' lang='lat' dir='ltr'>densi</span> <span class='ocrx_word' id='word_1_465' title='bbox 1806 4644 1934 4725; x_wconf 89' lang='lat' dir='ltr'>porrecti</span> 
     </span>
     <span class='ocr_line' id='line_1_47' title="bbox 574 4733 1934 4816; baseline -0.002 -21"><span class='ocrx_word' id='word_1_466' title='bbox 574 4754 665 4816; x_wconf 88' lang='lat' dir='ltr'>usque</span> <span class='ocrx_word' id='word_1_467' title='bbox 690 4735 729 4793; x_wconf 91' lang='lat' dir='ltr'>ad</span> <span class='ocrx_word' id='word_1_468' title='bbox 753 4733 880 4794; x_wconf 88' lang='lat' dir='ltr'>visibile.</span> <span class='ocrx_word' id='word_1_469' title='bbox 929 4733 978 4793; x_wconf 88' lang='lat' dir='ltr'>Sit</span> <span class='ocrx_word' id='word_1_470' title='bbox 1003 4755 1039 4794; x_wconf 86' lang='lat' dir='ltr'>ea</span> <span class='ocrx_word' id='word_1_471' title='bbox 1067 4736 1239 4811; x_wconf 88' lang='lat' dir='ltr'>superficies</span> <span class='ocrx_word' id='word_1_472' title='bbox 1268 4737 1397 4795; x_wconf 81' lang='lat' dir='ltr'>obversa</span> <span class='ocrx_word' id='word_1_473' title='bbox 1425 4735 1520 4794; x_wconf 93' lang='lat' dir='ltr'>oculo.</span> <span class='ocrx_word' id='word_1_474' title='bbox 1568 4734 1608 4792; x_wconf 86' lang='lat' dir='ltr'>Et</span> <span class='ocrx_word' id='word_1_475' title='bbox 1639 4734 1804 4795; x_wconf 87' lang='lat' dir='ltr'>collocetur</span> <span class='ocrx_word' id='word_1_476' title='bbox 1837 4735 1934 4796; x_wconf 86' lang='lat' dir='ltr'>oculus</span> 
     </span>
     <span class='ocr_line' id='line_1_48' title="bbox 571 4821 1934 4902; baseline 0 -20"><span class='ocrx_word' id='word_1_477' title='bbox 571 4822 602 4882; x_wconf 90' lang='lat' dir='ltr'>in</span> <span class='ocrx_word' id='word_1_478' title='bbox 625 4824 652 4883; x_wconf 83' lang='lat' dir='ltr'>F</span> <span class='ocrx_word' id='word_1_479' title='bbox 674 4821 842 4901; x_wconf 90' lang='lat' dir='ltr'>propinquo</span> <span class='ocrx_word' id='word_1_480' title='bbox 875 4829 985 4899; x_wconf 88' lang='lat' dir='ltr'>puncto</span> <span class='ocrx_word' id='word_1_481' title='bbox 1010 4832 1040 4881; x_wconf 84' lang='lat' dir='ltr'>et</span> <span class='ocrx_word' id='word_1_482' title='bbox 1068 4823 1098 4882; x_wconf 92' lang='lat' dir='ltr'>iu</span> <span class='ocrx_word' id='word_1_483' title='bbox 1131 4822 1155 4882; x_wconf 87' lang='lat' dir='ltr'>C</span> <span class='ocrx_word' id='word_1_484' title='bbox 1188 4824 1351 4884; x_wconf 87' lang='lat' dir='ltr'>remotiori.</span> <span class='ocrx_word' id='word_1_485' title='bbox 1400 4822 1468 4883; x_wconf 88' lang='lat' dir='ltr'>Sint</span> <span class='ocrx_word' id='word_1_486' title='bbox 1502 4830 1602 4882; x_wconf 86' lang='lat' dir='ltr'>autern</span> <span class='ocrx_word' id='word_1_487' title='bbox 1632 4822 1659 4882; x_wconf 91' lang='lat' dir='ltr'>in</span> <span class='ocrx_word' id='word_1_488' title='bbox 1692 4824 1854 4902; x_wconf 89' lang='lat' dir='ltr'>superficie</span> <span class='ocrx_word' id='word_1_489' title='bbox 1884 4821 1934 4884; x_wconf 82' lang='lat' dir='ltr'>AB</span> 
     </span>
     <span class='ocr_line' id='line_1_49' title="bbox 573 4909 1933 4991; baseline 0.001 -19"><span class='ocrx_word' id='word_1_490' title='bbox 573 4919 686 4989; x_wconf 86' lang='lat' dir='ltr'>puncta</span> <span class='ocrx_word' id='word_1_491' title='bbox 709 4910 747 4984; x_wconf 93' lang='lat' dir='ltr'>D,</span> <span class='ocrx_word' id='word_1_492' title='bbox 772 4909 808 4981; x_wconf 84' lang='lat' dir='ltr'>E,</span> <span class='ocrx_word' id='word_1_493' title='bbox 834 4911 873 4969; x_wconf 89' lang='lat' dir='ltr'>ad</span> <span class='ocrx_word' id='word_1_494' title='bbox 898 4929 972 4987; x_wconf 84' lang='lat' dir='ltr'>quae</span> <span class='ocrx_word' id='word_1_495' title='bbox 994 4930 1029 4969; x_wconf 82' lang='lat' dir='ltr'>ex</span> <span class='ocrx_word' id='word_1_496' title='bbox 1047 4912 1073 4970; x_wconf 86' lang='lat' dir='ltr'><strong>F</strong></span> <span class='ocrx_word' id='word_1_497' title='bbox 1090 4911 1175 4970; x_wconf 92' lang='lat' dir='ltr'>oculo</span> <span class='ocrx_word' id='word_1_498' title='bbox 1199 4913 1363 4991; x_wconf 88' lang='lat' dir='ltr'>propinquo</span> <span class='ocrx_word' id='word_1_499' title='bbox 1389 4913 1535 4971; x_wconf 87' lang='lat' dir='ltr'>ducantur</span> <span class='ocrx_word' id='word_1_500' title='bbox 1560 4911 1655 4970; x_wconf 88' lang='lat' dir='ltr'>lineae</span> <span class='ocrx_word' id='word_1_501' title='bbox 1679 4912 1744 4985; x_wconf 89' lang='lat' dir='ltr'>FD,</span> <span class='ocrx_word' id='word_1_502' title='bbox 1765 4911 1828 4987; x_wconf 69' lang='lat' dir='ltr'>PE,</span> <span class='ocrx_word' id='word_1_503' title='bbox 1856 4931 1933 4973; x_wconf 88' lang='lat' dir='ltr'>com·</span> 
     </span>
     <span class='ocr_line' id='line_1_50' title="bbox 570 4998 1936 5080; baseline -0.001 -20"><span class='ocrx_word' id='word_1_504' title='bbox 570 4999 794 5080; x_wconf 88' lang='lat' dir='ltr'>prehendentes</span> <span class='ocrx_word' id='word_1_505' title='bbox 829 4998 969 5076; x_wconf 84' lang='lat' dir='ltr'>angulum</span> <span class='ocrx_word' id='word_1_506' title='bbox 995 4998 1092 5069; x_wconf 86' lang='lat' dir='ltr'>DFE,</span> <span class='ocrx_word' id='word_1_507' title='bbox 1127 5017 1184 5076; x_wconf 84' lang='lat' dir='ltr'>quo</span> <span class='ocrx_word' id='word_1_508' title='bbox 1214 5001 1323 5077; x_wconf 85' lang='lat' dir='ltr'>angulo</span> <span class='ocrx_word' id='word_1_509' title='bbox 1348 5009 1380 5060; x_wconf 90' lang='lat' dir='ltr'>et</span> <span class='ocrx_word' id='word_1_510' title='bbox 1409 5001 1514 5079; x_wconf 90' lang='lat' dir='ltr'>quibus</span> <span class='ocrx_word' id='word_1_511' title='bbox 1548 4999 1634 5060; x_wconf 90' lang='lat' dir='ltr'>lineis</span> <span class='ocrx_word' id='word_1_512' title='bbox 1666 5000 1936 5077; x_wconf 88' lang='lat' dir='ltr'>comprehendatur</span> 
     </span>
    </p>
   </div>
   <div class='ocr_carea' id='block_1_9' title="bbox 0 0 2298 6192">
    <p class='ocr_par' dir='ltr' id='par_1_14' title="bbox 0 0 2298 6192">
     <span class='ocr_line' id='line_1_51' title="bbox 0 0 2298 6192; baseline 0 0"><span class='ocrx_word' id='word_1_513' title='bbox 0 0 2298 6192; x_wconf 95' lang='lat' dir='ltr'> </span> 
     </span>
    </p>
   </div>
  </div>
 </body>
</html>
