4584 6192
991 608 1073 673 capue
1090 609 1120 661 X·
1471 555 1476 566 Ι
1662 598 1734 668 939

373 787 571 892 praecedunt,
595 793 699 849 cetera
720 785 847 867 relinqui
871 803 995 846 necesse
1019 792 1077 846 est
1122 785 1232 865 Itaque
1255 781 1504 847 manifestissime
1526 780 1563 844 de
1587 787 1732 842 astrono-

374 875 461 939 micis
484 876 624 958 loquitur.
661 873 786 955 Proprie
809 876 858 936 hic
882 874 1066 936 subsumitur
1089 875 1325 955 experimentum
1347 893 1367 934 a
1380 869 1532 934 montibus
1554 879 1587 931 et
1610 869 1733 949 sepibus

375 965 508 1042 dunum,
534 964 701 1029 ambulanti
727 965 818 1044 juxta
844 982 933 1043 sepes
957 964 1078 1025 obviare
1101 982 1191 1042 sepes
1213 964 1398 1044 propinquae
1422 960 1572 1031 videntur,
1596 955 1733 1020 comitari

376 1062 496 1117 montes
520 1054 637 1117 remoti.
675 1053 780 1115 Possis
793 1054 863 1115 inde
882 1053 1003 1113 ductum
1027 1053 1195 1133 exemplum
1220 1052 1446 1115 accommodare
1465 1050 1505 1110 ad
1523 1056 1637 1110 motum
1652 1045 1733 1107 Solis

375 1144 456 1205 inter
488 1145 584 1217 lixas,
619 1143 674 1205 sed
706 1142 830 1204 vocibus
859 1160 1019 1222 parumper
1052 1143 1090 1203 ab
1126 1142 1313 1204 astronomia
1344 1140 1384 1203 ad
1415 1138 1621 1220 quotidianum
1650 1149 1736 1196 usum

377 1232 513 1295 deflexis.
561 1193 631 1295 S’int
654 1231 792 1306 enimB,
816 1232 847 1293 A
870 1232 957 1301 fixae,
983 1229 1007 1292 C
1033 1229 1096 1304 Sol,
1119 1232 1214 1293 Terra
1238 1230 1329 1306 iuD,
1358 1248 1415 1332 quo
1505 1280 1534 1328 ἢ
1586 1274 1687 1326 1⁰5

376 1323 442 1384 loco
476 1328 577 1384 motus
607 1322 649 1383 sit
678 1320 831 1382 Terrae
822 1341 853 1382 rn
882 1320 1054 1400 partesB,
1088 1319 1169 1381 sicut
1191 1341 1207 1381 e
1231 1320 1351 1401 regione
1385 1318 1413 1381 in
1535 1293 1559 1343 ⁸

378 1412 547 1492 partesA.
592 1410 675 1490 Ergo
700 1410 795 1471 Terra
816 1410 846 1471 D
869 1428 975 1470 versus
998 1408 1024 1469 Β
1049 1417 1152 1485 eunte,
1178 1407 1282 1472 CSol
1312 1409 1413 1489 quies·
1441 1376 1730 1481 Α

380 1518 455 1563 cens
476 1519 583 1564 versus
605 1500 636 1561 A
659 1499 771 1561 moveri
801 1498 966 1573 videbitur,
991 1498 1067 1559 fixae
1092 1517 1163 1561 vero
1187 1497 1252 1560 Soli
1279 1498 1413 1579 junctae,

378 1588 464 1666 nan,
487 1589 587 1651 deseri
602 1610 621 1651 a
636 1586 709 1650 Sole
729 1597 761 1649 et
780 1589 903 1650 Terram
916 1546 973 1648 bob
994 1587 1060 1649 loco
1080 1588 1216 1649 comitari
1235 1588 1265 1648 in
1290 1588 1415 1649 eandem

378 1678 511 1760 plagam,
536 1679 615 1759 quod
629 1679 686 1739 hac
700 1678 766 1739 vice
782 1696 855 1739 voce
869 1673 1084 1738 ὑπολιιπεσθαι
1098 1676 1314 1757 designandum
1332 1676 1417 1737 venit

380 1786 436 1829 usu
457 1767 588 1847 vulgari,
614 1767 673 1828 etsi
687 1767 802 1847 posteri
826 1765 960 1827 strictius
977 1766 1058 1828 illam
1073 1765 1102 1827 in
1123 1765 1308 1828 astronomia
1326 1784 1415 1826 usur-

378 1865 489 1938 parunt
518 1857 554 1918 de
588 1864 670 1918 motu
693 1856 723 1916 in
747 1856 962 1936 consequentia
984 1854 1057 1928 BA,
1091 1856 1171 1917 nullo
1204 1855 1281 1917 situs
1306 1854 1417 1917 Terrae

379 1954 537 2027 respectu,
562 1965 620 2027 quo
644 1953 734 2026 pacto
757 1945 825 2007 fixis
848 1964 907 2005 non
937 1944 1086 2006 convenit.
1132 1944 1295 2006 Rationem
1319 1945 1417 2006 nomi-

381 2054 450 2098 num
475 2035 641 2097 astronomi
663 2035 741 2095 hanc
773 2035 893 2113 possint
923 2033 1012 2095 dare:
1047 2034 1123 2115 qnod
1148 2034 1179 2094 in
1207 2034 1417 2095 commixtione

380 2134 482 2188 motus
503 2124 592 2205 primi
612 2131 644 2186 et
667 2124 873 2192 secundorum,
899 2142 974 2202 quae
994 2122 1170 2202 retrogrado
1195 2123 1310 2183 cientur
1324 2130 1415 2197 motu,

381 2215 480 2277 locum
505 2233 591 2276 suum
614 2212 822 2275 antecedentis
845 2211 905 2273 diei
927 2212 1105 2287 interfixas,
1130 2213 1257 2291 appulsu
1272 2212 1311 2272 ad
1326 2212 1417 2273 meri-

381 2304 503 2366 dianum
526 2302 704 2372 maturiore,
732 2308 946 2383 praevertunt:
977 2302 1075 2362 etsie
1102 2321 1284 2380 superparem.
1332 2298 1417 2371 Quae

382 2413 455 2457 vero
481 2393 597 2455 directo
620 2400 703 2453 motu
726 2399 898 2465 moventur,
933 2410 1034 2452 eorum
1056 2390 1126 2451 loca
1148 2391 1205 2451 sub
1228 2390 1309 2462 lixis,
1342 2408 1417 2470 quae

382 2481 561 2545 obtinebant
585 2481 633 2542 die
657 2482 857 2555 antecedenti,
881 2479 964 2560 prins
982 2480 1019 2541 ad
1043 2479 1239 2541 meridianum
1262 2480 1311 2540 vel
1334 2479 1417 2540 hori-

381 2580 501 2635 zontem
515 2570 657 2632 veniunt:
675 2589 732 2651 quo
746 2579 836 2650 pacto
851 2565 1064 2631 ὑπολειπισθαι
1078 2569 1295 2648 intelliguntur,
1311 2586 1417 2648 quern-

382 2662 543 2724 admodum
566 2658 593 2720 si
617 2659 675 2721 duo
705 2678 843 2721 cursores
874 2659 980 2722 endem
1013 2658 1133 2739 quidem
1164 2658 1305 2733 tendant,
1340 2658 1419 2721 alter

382 2770 453 2814 vero
478 2750 576 2811 altero
599 2748 716 2810 tardior
739 2768 772 2810 se
795 2748 924 2828 relinqui
948 2755 1097 2828 queratur.
1144 2749 1252 2827 Itaque
1277 2766 1370 2809 cansa
1392 2748 1493 2828 optica
1522 2750 1596 2811 baec
1620 2748 1742 2811 nomina

382 2839 510 2922 peperit.
555 2838 636 2901 Nam
669 2838 742 2913 etsi,
777 2838 855 2918 qnod
883 2838 949 2917 jam
982 2837 1108 2913 dictum,
1142 2855 1179 2897 ne
1207 2836 1320 2916 primus
1352 2838 1470 2917 quidem
1495 2845 1526 2900 et
1549 2839 1741 2919 quotidianus

383 2931 515 2993 siderum
539 2933 638 2990 mutus
662 2927 799 2990 sensibus
820 2927 908 2989 nudis
933 2926 1081 3005 subjacet,
1105 2924 1165 2988 levi
1184 2932 1285 2986 tamen
1309 2927 1540 2990 ratiocinatione
1564 2929 1641 2990 oculi
1665 2927 1739 2990 sub-

384 3019 478 3080 levati
504 3019 570 3099 jam
597 3015 724 3095 primum
747 3016 825 3078 hunc
849 3024 881 3077 et
904 3015 1107 3095 quotidianum
1136 3021 1250 3076 motum
1273 3015 1311 3076 ab
1340 3022 1406 3077 ortu
1430 3016 1461 3078 in
1489 3035 1628 3080 occasum
1651 3016 1741 3079 facile

384 3114 512 3170 notant:
537 3105 685 3168 secundos
708 3124 780 3167 veru
802 3112 901 3167 motus
925 3124 984 3166 non
1008 3104 1097 3166 aliter
1120 3104 1178 3165 nisi
1200 3122 1255 3183 per
1278 3102 1449 3168 diurnomm
1473 3105 1682 3170 differentiam.

473 3195 612 3258 Fallacia
643 3194 748 3257 horum
777 3213 887 3273 parens
920 3194 1070 3256 nominum
1098 3212 1156 3255 non
1187 3194 1333 3267 aliaest,
1366 3213 1455 3275 quam
1478 3195 1505 3257 si
1528 3196 1593 3277 quis
1616 3204 1742 3277 propter

386 3285 459 3347 litus
491 3285 593 3346 navim
622 3284 752 3345 seeundo
781 3283 900 3345 flumine
930 3283 1164 3344 descendentem
1196 3283 1285 3362 inque
1309 3302 1346 3344 ea
1370 3284 1445 3346 dnus
1467 3284 1604 3347 homines
1627 3285 1739 3360 videat,

389 3392 513 3477 quorum
537 3374 615 3434 alter
639 3373 669 3434 in
693 3391 783 3451 prora
808 3372 964 3454 quiescens
988 3379 1064 3448 stet,
1090 3373 1168 3434 alter
1192 3393 1210 3432 a
1232 3390 1323 3451 prora
1346 3373 1385 3434 ad
1409 3375 1530 3455 puppim
1553 3383 1659 3439 contra
1681 3376 1741 3440 flu·

387 3463 474 3525 minis
499 3480 617 3524 cursum
651 3462 816 3535 ascendat;
850 3469 1006 3541 spectator
1034 3479 1105 3523 vero
1135 3461 1221 3522 binos
1248 3461 1318 3523 illos
1349 3460 1500 3538 homines,
1533 3463 1576 3524 rei
1609 3466 1742 3569 ignarus,

387 3552 503 3614 duabus
535 3550 685 3613 distinctis
714 3550 841 3612 navibus
870 3552 968 3612 altera
1000 3548 1125 3612 tardiori
1152 3550 1220 3611 vehi
1255 3549 1417 3613 existimet.
1464 3552 1629 3617 Aberrabit
1653 3554 1741 3628 enim,

386 3649 417 3702 et
447 3641 500 3723 qui
533 3647 632 3702 motus
661 3639 741 3700 inest
771 3637 881 3701 homini
914 3640 1142 3718 supe1·eadem
1174 3639 1258 3709 navi,
1293 3640 1371 3701 hunc
1402 3659 1562 3744 perperam
1591 3644 1660 3705 navi
1683 3640 1743 3723 ipsi

387 3728 609 3792 transcribet
601 3749 632 3789 m
663 3729 854 3791 contrarium.
900 3728 942 3788 Et
970 3728 1019 3809 qui
1050 3729 1125 3789 haec
1157 3729 1278 3790 nomina
1309 3728 1436 3807 primum
1464 3730 1493 3791 in
1527 3732 1742 3795 astronomiam

387 3820 629 3888 introduxerunt,
653 3818 791 3880 similiter
815 3819 1008 3893 aberrarunt,
1034 3816 1244 3879 existimantes
1273 3817 1398 3879 eundem
1428 3826 1542 3880 motum
1563 3822 1690 3902 primum
1713 3820 1745 3882 in

392 3908 484 3983 Luna,
509 3906 595 3969 verbi
619 3926 721 3982 cansa,
747 3908 949 3969 remissiorem
973 3926 1040 3968 esse
1065 3926 1153 3987 quam
1173 3906 1201 3967 in
1227 3905 1313 3979 Sole3
1337 3905 1435 3986 ignari
1460 3906 1539 3988 quod
1561 3909 1648 3972 Luna
1670 3928 1743 3990 pro-

388 4000 449 4077 prio
472 4006 557 4059 motu
581 3996 649 4076 ipsa
671 3997 767 4076 primo
790 3997 882 4060 motui
907 3994 1055 4058 communi
1079 3995 1128 4068 (ut
1147 3997 1212 4077 jam
1231 3995 1363 4057 usitatas
1382 3996 1565 4078 hypotheses
1585 3998 1743 4081 profitear)

388 4087 617 4150 contranitatur.

474 4177 578 4256 Atque
601 4175 676 4236 baec
701 4175 765 4236 lere
789 4181 873 4247 sunt,
898 4173 1081 4255 quaerisne
1110 4192 1235 4255 eumque
1266 4181 1372 4237 secuta
1399 4173 1521 4237 incauta
1552 4175 1745 4241 ratiocinatio

392 4266 489 4330 stellis
512 4272 636 4344 praeter
658 4281 762 4325 verum
786 4264 902 4342 affingit
928 4281 1062 4343 quaeque
1086 4263 1187 4342 optice
1211 4270 1281 4325 sunt
1305 4263 1499 4326 enucleanda.

472 4364 657 4435 Appendix
672 4366 710 4417 de
723 4370 812 4417 motu
835 4370 1046 4417 cometarum.
1076 4362 1127 4424 Qui
1142 4368 1232 4417 motus
1254 4369 1378 4417 cometae
1393 4364 1457 4418 anni
1474 4362 1560 4419 1577.
1575 4366 1683 4421 circulis
1698 4369 1744 4421 de·

387 4452 581 4506 monstrarunt,
597 4444 783 4499 difficillimam
799 4459 911 4513 operam
926 4449 1098 4504 sumserunt;
1114 4460 1203 4514 neque
1218 4451 1312 4497 tamen
1326 4443 1433 4499 omnino
1449 4445 1589 4510 successit,
1605 4449 1675 4518 quod
1690 4464 1745 4500 non

387 4528 439 4581 rati
460 4528 519 4581 sint
539 4524 701 4595 diligentius
722 4524 774 4578 sibi
795 4523 984 4594 inquirendum
1004 4538 1074 4576 esse.
1105 4524 1194 4577 Multo
1216 4524 1334 4593 maiores
1356 4524 1533 4579 difficultates
1554 4527 1742 4596 experientur,

388 4607 408 4660 si
436 4608 510 4661 idern
538 4605 567 4658 in
596 4605 708 4659 cometis
737 4605 836 4658 ceteris
867 4605 1107 4658 demonstrandum
1137 4611 1256 4658 sumant.
1297 4605 1366 4658 Mihi
1395 4606 1424 4659 in
1453 4606 1596 4675 pluribus,
1629 4621 1743 4677 quorum

387 4688 539 4757 descriptas
569 4685 779 4739 observationes
801 4701 860 4738 sum
886 4691 1000 4747 nactus,
1032 4683 1165 4737 successit
1185 4684 1239 4738 hac
1259 4684 1306 4739 ria
1332 4685 1439 4739 lerina:
1470 4685 1506 4749 si,
1538 4689 1609 4756 quod
1640 4692 1745 4741 natura

387 4782 474 4823 rernm
488 4766 597 4829 suadet,
618 4773 711 4819 rectas
726 4764 794 4834 ipsis
810 4766 897 4819 lineas
919 4764 1077 4825 tribuerem,
1099 4780 1168 4834 quas
1190 4764 1352 4834 aequalibus
1375 4765 1544 4835 temporibus
1565 4766 1745 4836 utplurimum

388 4847 544 4918 aequaliter
565 4843 736 4914 trajicerent,
759 4845 847 4899 solum
867 4844 945 4897 initio
966 4850 996 4896 et
1015 4843 1069 4897 fine
1089 4844 1175 4913 paulo
1197 4845 1331 4899 tardiores
1360 4852 1391 4899 et
1418 4845 1503 4916 quieti
1529 4846 1689 4912 viciniores,
1711 4851 1746 4901 ut

388 4934 414 4981 et
437 4933 551 4982 ceterae
577 4922 760 5000 traiectiones
787 4925 888 4978 solent,
935 4924 1005 4977 Nam
1031 4923 1172 4977 insinuans
1201 4941 1231 4977 se
1260 4930 1350 4979 motus
1376 4924 1494 4979 Telluris
1527 4925 1745 4981 cnsnlaritatsrn

388 5005 438 5061 illis
459 5007 545 5062 facile
567 5004 705 5060 conciliat.
747 5004 785 5057 Ut
803 5004 852 5057 ille
874 5003 940 5057 anni
964 5001 1048 5057 157⁷.
1070 5003 1094 5057 ai
1114 5011 1194 5057 recta
1218 5003 1294 5058 linea
1314 5023 1329 5057 e
1350 5006 1434 5075 plano
1463 5004 1562 5075 tropici
1584 5004 1746 5077 Capricorni

388 5095 503 5153 mortus,
525 5099 624 5140 rursus
644 5085 739 5154 polum
759 5084 914 5148 borealem,
937 5083 983 5138 rel
1002 5083 1088 5152 paulo
1110 5082 1291 5150 inclinatiori,
1313 5090 1393 5139 recta
1414 5090 1506 5140 tamen
1525 5085 1616 5154 linea,
1646 5103 1743 5143 aseen-

388 5165 487 5236 dissst,
508 5170 577 5222 tuno
590 5162 686 5233 Terra,
708 5163 750 5219 uti
764 5163 857 5219 Solem
878 5162 1065 5235 quiescentem
1086 5162 1256 5230 circumiens,
1278 5163 1397 5235 speeiem
1417 5164 1471 5237 ipsi
1491 5171 1583 5224 motus
1603 5166 1745 5224 cummis

1473 5255 1535 5311 22*
