4584 6192
977 592 1060 657 casse
1075 592 1117 643 rx.
1138 592 1163 643 a.
1683 587 1752 658 m

394 766 540 844 Incipiam
564 786 585 827 1
606 765 787 842 notissimis,
812 786 937 829 exorsus
965 767 1003 829 ab
1031 769 1080 840 iia,
1112 787 1189 847 quae
1216 768 1315 847 capite
1343 768 1434 829 tertio
1465 776 1497 830 et
1524 768 1627 847 quinto
1654 787 1749 851 prae-

394 856 488 916 missa
508 862 591 917 aunt.
636 853 757 916 Natura
781 856 865 917 binos
894 856 1070 917 animalibus
1094 856 1179 917 dedit
1202 858 1321 928 oculos,
1353 875 1411 917 non
1435 864 1565 931 tantum,
1590 857 1634 919 nti
1656 858 1749 934 vulgo

394 943 534 1017 creditur,
558 943 590 1005 in
613 943 779 1005 subsidium
799 945 948 1023 jacturae,
972 946 1106 1025 siquam
1130 946 1253 1007 alterins
1277 946 1353 1007 oculi
1378 946 1526 1006 facturum
1549 945 1657 1007 fnisset
1679 946 1749 1006 ani-

393 1033 465 1104 mal,
501 1032 558 1093 sed
580 1031 619 1092 ad
642 1032 940 1110 comprehensionem
974 1035 1137 1095 distantiae
1169 1034 1332 1095 visibilium
1356 1034 1395 1094 ab
1418 1034 1523 1096 oculis.
1570 1031 1647 1096 (lum
1671 1035 1751 1095 enim

394 1120 471 1183 oculi
493 1120 650 1200 utriusque
681 1124 847 1184 sennaab
876 1122 1001 1185 invicem
1034 1123 1137 1184 absint
1164 1122 1194 1184 in
1227 1132 1313 1185 certa
1342 1123 1535 1203 proportione
1558 1123 1598 1184 ad
1629 1140 1748 1202 corpus,

393 1220 466 1289 peta
489 1210 578 1271 nnius
600 1210 694 1289 palmi
722 1210 880 1272 latitudine
909 1212 1028 1272 circiter
1037 1230 1047 1286 ;
1081 1211 1162 1272 nulla
1190 1231 1261 1273 vero
1290 1222 1375 1273 certa
1401 1212 1478 1273 visio
1501 1212 1567 1285 fiat,
1601 1211 1660 1273 nisi
1683 1229 1751 1273 cum

394 1300 549 1379 utriusque
572 1299 650 1360 oculi
680 1298 840 1370 diameter,
874 1319 949 1379 quae
971 1319 1026 1380 per
1049 1309 1155 1361 centra
1186 1301 1340 1362 humorum
1366 1308 1397 1361 et
1420 1301 1596 1362 foraminum
1628 1300 1750 1375 transit,

393 1387 419 1448 in
439 1406 503 1449 rem
522 1386 600 1447 visui
623 1388 809 1466 propositam
834 1389 989 1468 dirigitur:
1014 1388 1082 1449 hinc
1097 1389 1234 1464 eflicitur,
1258 1390 1361 1450 111111
1385 1388 1524 1449 diametri
1540 1388 1619 1450 inter
1642 1390 1750 1449 viden-

394 1476 460 1537 dum
475 1474 625 1555 sibiipsis
640 1494 699 1536 non
718 1478 809 1554 plane
829 1478 1040 1557 aequidistant,
1065 1478 1118 1539 sed
1139 1485 1225 1539 tanto
1250 1478 1346 1556 magis
1362 1479 1400 1538 ad
1420 1497 1453 1539 se
1478 1484 1580 1538 mutuo
1604 1482 1749 1552 annuant,

394 1574 505 1645 quanto
530 1583 579 1625 res
602 1563 671 1625 visa
692 1565 815 1644 propius
839 1567 936 1627 visum
961 1567 1109 1628 consistit.
1156 1567 1244 1628 Hunc
1268 1576 1425 1640 annntum,
1451 1565 1546 1627 oculis
1569 1565 1747 1639 naturalem,

394 1653 580 1715 Aristoteles
603 1654 736 1715 sectione
752 1653 805 1716 31.
829 1656 925 1738 probi.
943 1655 972 1717 7.
998 1655 1152 1729 describit,
1176 1655 1245 1715 dum
1270 1664 1426 1735 utmmque
1445 1655 1562 1716 oculum
1582 1672 1620 1715 ex
1643 1654 1751 1716 eodem

394 1741 539 1821 principio
564 1742 638 1804 dicit
662 1751 812 1822 aptatum,
837 1743 978 1818 innuens,
1002 1753 1127 1825 utroque
1152 1746 1236 1806 oculo
1266 1762 1328 1806 rem
1358 1745 1485 1805 eandem
1512 1742 1608 1804 videri
1635 1741 1752 1803 visione

396 1841 425 1893 et
446 1832 550 1911 specie
574 1850 642 1905 una,
668 1841 831 1911 propterea
854 1834 931 1913 qnod
956 1852 1141 1912 cognoscens
1162 1834 1291 1895 facultas
1315 1834 1421 1895 eadem
1437 1832 1466 1893 in
1485 1841 1642 1910 utrumque
1665 1848 1751 1892 corn-

396 1931 474 1982 meet
496 1921 626 1983 oculum.
673 1920 714 1981 Et
737 1921 834 1999 probl.
864 1920 912 1982 17.
938 1922 1068 2002 quaerit,
1104 1922 1154 2001 qui
1177 1923 1243 1994 fiat,
1277 1940 1330 1983 cnr
1357 1922 1450 1984 etiarn
1474 1939 1512 1981 ex
1544 1920 1664 2000 obliquo
1687 1936 1751 1980 rem

398 2011 549 2072 intuentes
579 2018 704 2089 utroque
728 2010 814 2070 oculo
847 2013 972 2071 eandem
1001 2012 1131 2089 speciem
1164 2010 1345 2072 videamus?
1378 2009 1492 2072 Centra
1515 2010 1667 2072 oculorum
1690 2007 1754 2068 sint

397 2100 485 2173 alt,
510 2099 658 2160 distantia
679 2099 746 2171 AB,
772 2118 821 2159 res
845 2101 883 2160 ad
908 2101 1067 2160 videndum
1091 2100 1249 2178 proposita
1271 2100 1301 2159 in
1316 2099 1355 2160 D.
1393 2099 1570 2177 Dirigentur
1592 2097 1631 2158 ad
1654 2095 1752 2175 ipsam

398 2188 536 2251 diametri
556 2188 708 2249 oculorum
733 2187 801 2261 EF,
827 2186 901 2256 GH,
930 2190 973 2249 sic
1002 2200 1034 2249 ut
1062 2189 1255 2249 continuatae
1283 2195 1495 2250 concurrerent
1518 2188 1547 2248 iu
1577 2185 1689 2247 visibili
1711 2184 1751 2246 D.

398 2277 444 2341 Sit
471 2279 539 2357 jam
562 2295 611 2338 res
636 2277 702 2339 visa
733 2277 854 2356 propior
886 2280 980 2339 oculis
1008 2278 1037 2339 in
1063 2276 1098 2340 (l.
1145 2277 1276 2338 Rursum
1300 2278 1340 2338 ad
1362 2278 1459 2355 ipsam

398 2368 563 2447 dirigentur
585 2366 736 2428 oculorum
761 2367 907 2441 diametri,
933 2375 1161 2446 statuentnrque
1186 2366 1214 2427 in
1236 2367 1289 2440 lK,
1309 2366 1380 2427 LM.
1414 2366 1456 2428 Et

399 2457 464 2537 quia
487 2455 666 2534 aequicrnra
689 2455 840 2535 triangula
863 2456 921 2518 dno
943 2457 1030 2518 ΑΗΒ
1055 2464 1087 2517 11
1109 2454 1193 2518 ACB
1217 2475 1308 2536 snper
1330 2459 1457 2519 eandem

399 2545 482 2607 basin
505 2544 565 2606 AB
596 2544 832 2612 constituuntur.
865 2546 961 2625 major
993 2546 1051 2607 erit
1082 2546 1210 2624 angulus
1235 2547 1272 2607 ad
1298 2543 1323 2607 O
1347 2548 1457 2626 angulo

399 2636 432 2697 ad
454 2634 496 2697 D.
543 2634 645 2696 Minor
668 2653 739 2713 ergo
764 2632 848 2696 CAB
872 2654 960 2715 quam
977 2634 1062 2696 DAB
1087 2643 1119 2696 et
1141 2636 1237 2697 minor
1260 2634 1345 2698 CBA
1369 2655 1459 2715 quarn

398 2725 494 2788 DBA.
542 2721 644 2793 Quare
678 2724 887 2785 extremitates
920 2725 1131 2785 diametrorum
1165 2725 1328 2787 ocularinm
1358 2743 1397 2786 ex
1424 2726 1458 2799 F,

398 2814 425 2875 11
447 2813 637 2876 transierunt
660 2812 689 2873 in
710 2813 747 2888 li,
764 2812 809 2884 Μ,
833 2813 890 2874 sibi
913 2814 1198 2892 appropinquantes,
1224 2823 1256 2875 et
1278 2814 1461 2895 posteriores

398 2900 489 2978 ltG
519 2901 726 2963 discesserunt
755 2902 785 2963 in
809 2902 837 2970 1,
862 2903 899 2963 L.
945 2904 1052 2982 Itaque
1085 2912 1198 2964 motum
1228 2912 1260 2963 et
1292 2912 1462 2964 contortum

1536 2328 1590 2393 Fig.
1611 2322 1671 2376 101.

399 2994 535 3056 binorum
557 2991 710 3055 oculorum
733 2992 871 3069 usurpari
894 3009 1019 3053 necesse
1043 2999 1100 3063 est,
1124 3010 1191 3052 cum
1213 2992 1296 3054 visus
1320 3013 1338 3053 a
1361 3010 1462 3054 remo-

398 3083 468 3146 tiori
487 3081 518 3142 D
541 3082 580 3143 ad
603 3081 799 3161 propinquius
819 3078 843 3141 C
869 3082 1059 3142 transfertur.
1096 3079 1140 3142 Et
1163 3081 1250 3161 hujus
1275 3091 1384 3158 motus,
1409 3100 1464 3144 ceu

400 3172 538 3234 animalis
563 3172 694 3234 actionis
718 3170 912 3250 usurpatione
936 3179 1026 3250 atque
1050 3190 1156 3245 sensu,
1180 3174 1331 3234 assuescit
1354 3170 1465 3234 animal
1556 3191 1576 3229 r
1673 3186 1697 3227 rr

400 3263 478 3324 inter
511 3261 677 3323 distantias
708 3260 858 3339 longiores
889 3269 921 3322 et
948 3260 1101 3323 breviores
1131 3280 1229 3322 rerum
1261 3262 1424 3324 visibilium
1447 3280 1467 3320 a

400 3372 466 3414 sese
491 3351 696 3427 distinguere:
728 3351 816 3428 idque
839 3358 902 3411 turn
936 3351 1068 3423 demum,
1098 3370 1165 3411 cum
1189 3358 1237 3412 est
1264 3351 1367 3432 aliqua
1395 3370 1467 3412 sen·
1682 3376 1699 3416 a

401 3440 497 3503 sibilis
528 3440 684 3519 proportio
713 3438 878 3500 distantiae
907 3440 1060 3500 oculorum
1082 3439 1140 3501 AB
1165 3441 1203 3500 ad
1232 3438 1400 3502 discessum
1424 3438 1469 3500 rei

401 3529 484 3592 sisae
508 3528 549 3589 ab
573 3529 667 3589 oculis
682 3528 742 3589 AD
766 3528 814 3587 vel
834 3528 901 3589 BD.
938 3529 1024 3588 Haec
1048 3527 1166 3608 quidem
1190 3529 1228 3588 ad
1253 3529 1512 3632 astronomiamI
1567 3588 1588 3629 n
1663 3576 1682 3622 α

401 3638 456 3680 non
481 3617 608 3680 faciunt.
656 3617 756 3677 Tanta
779 3616 857 3677 enirn
882 3625 930 3677 est
954 3616 1082 3677 siderum
1111 3616 1272 3691 distantia,
1297 3618 1356 3678 imo
1380 3623 1469 3678 tanta
1562 3624 1564 3635 '

402 3706 567 3769 distantiae
591 3712 761 3766 centromm
786 3704 949 3765 oculorium
964 3707 1021 3766 AB
1045 3705 1177 3777 exilitas,
1203 3715 1237 3766 ut
1259 3707 1336 3767 oculi
1361 3706 1444 3766 sidus
1468 3702 1599 3783 aliquod,
1625 3702 1761 3778 adeoque

402 3805 430 3856 et
452 3802 587 3856 montem
607 3794 697 3873 paulo
717 3793 906 3855 remotiorem
930 3794 1090 3868 intuentes,
1115 3793 1279 3872 parallelas
1299 3793 1426 3854 tendant
1441 3792 1479 3852 ad
1502 3809 1623 3853 sensum
1642 3789 1759 3850 diame-

403 3893 465 3945 tros
488 3883 547 3945 AF
570 3892 602 3944 et
627 3881 695 3943 Gli.
744 3880 887 3943 Ceterum
921 3883 1067 3960 exemplis
1098 3900 1196 3943 rernm
1227 3882 1359 3943 tenuium
1390 3882 1550 3960 populares
1581 3886 1688 3958 captus
1721 3876 1761 3937 ad

403 3971 456 4034 illa
485 3971 599 4033 eximia
630 3978 663 4031 et
695 3970 835 4031 sublimia
867 3978 937 4031 sunt
969 3970 1138 4031 attollendi.
1194 3969 1237 4031 Et
1269 3977 1339 4031 sunt
1371 3969 1447 4030 haec
1480 3967 1610 4048 genuina
1640 3965 1760 4027 illorum

404 4060 550 4139 exempla
599 4060 696 4138 Pergo
722 4059 833 4138 itaque.
878 4059 913 4121 In
937 4059 1033 4137 figura
1060 4060 1165 4119 eadem
1189 4058 1231 4119 sit
1253 4059 1360 4119 iterum
1388 4057 1507 4120 visibile
1532 4055 1572 4127 O,
1602 4061 1763 4117 11111111

402 4149 492 4298 qqinq).
538 4147 582 4209 Et
604 4146 646 4209 sit
668 4148 748 4209 ultra
781 4146 899 4209 visibile
925 4146 950 4209 (l
975 4146 1117 4209 obtentus
1146 4146 1262 4226 paries,
1297 4165 1404 4209 secans
1435 4153 1535 4207 rectas
1557 4141 1760 4219 111011

490 4340 568 4405 (1111
593 4340 683 4420 igitur
708 4343 785 4404 alter
808 4339 910 4401 oculus
939 4341 1101 4415 clauditur,
1135 4340 1233 4402 medio
1263 4340 1383 4402 sublato
1415 4339 1528 4401 functio
1552 4346 1673 4402 cessat:
1704 4339 1761 4403 hoc

402 4438 458 4505 est,
483 4431 565 4492 inter
589 4429 752 4491 distantias
777 4429 904 4508 amplius
927 4449 985 4491 non
1010 4430 1213 4508 distinguitur,
1239 4428 1386 4490 societate
1402 4436 1433 4490 et
1453 4428 1601 4490 distantia
1624 4429 1760 4491 binorum

404 4520 556 4581 oculorum
580 4518 735 4597 impedita.
785 4524 933 4596 (Superest
954 4528 1037 4581 etiarn
1067 4527 1146 4581 unico
1177 4528 1256 4581 oculo
1286 4527 1332 4581 din
1362 4534 1474 4583 1111111
1504 4527 1612 4599 exigua
1640 4527 1760 4584 11111111

404 4609 556 4664 distantias
576 4609 659 4663 valde
680 4608 849 4678 propinquas
871 4608 1049 4671 discernendi,
1071 4609 1106 4661 ob
1120 4607 1296 4661 latitudinem
1316 4608 1386 4662 oculi
1401 4615 1431 4662 et
1450 4614 1553 4663 motum
1574 4604 1714 4662 foraminis
1734 4606 1763 4661 i'n

403 4690 497 4744 tunica
516 4706 599 4754 uvea,
620 4688 740 4742 maxime
761 4689 797 4740 ob
819 4688 1030 4741 translationem
1051 4687 1160 4757 capitis,
1181 4689 1231 4740 sed
1251 4704 1287 4741 sa
1307 4688 1352 4741 bic
1372 4687 1442 4742 nihil
1461 4704 1511 4741 nos
1532 4687 1655 4757 impedit.
1688 4686 1760 4739 Vide

402 4773 666 4849 mpracap.111.)
713 4764 814 4836 Quare
839 4766 941 4827 oculus
966 4767 995 4827 A
1018 4764 1137 4827 visibile
1161 4762 1186 4826 G
1211 4773 1243 4826 et
1265 4773 1407 4844 punctum
1435 4766 1562 4845 patietis
1586 4762 1614 4826 Ο
1637 4763 1762 4843 putabit

403 4859 574 4937 conjuncta,
600 4855 669 4937 quia
691 4855 754 4917 sita
776 4862 847 4915 sunt
870 4854 914 4916 illi
938 4872 1028 4933 super
1051 4854 1157 4915 eadem
1179 4853 1259 4914 linea
1275 4851 1373 4916 ACO.
1412 4854 1462 4915 lta
1484 4854 1588 4915 clauso
1608 4854 1638 4915 A
1661 4852 1757 4926 oculo,

402 4944 522 5007 visibile
547 4943 573 5007 O
596 4961 650 5021 per
673 4943 791 5006 oculum
813 4944 839 5004 Β
864 4940 1014 5003 videbitur
1040 4942 1180 5020 junctum
1211 4950 1322 5021 puncto
1345 4942 1472 5021 parietis
1496 4941 1539 5017 N,
1563 4942 1635 5022 qaia
1655 4939 1762 5021 nequit

401 5032 482 5095 inter
512 5030 692 5095 distantiam
713 5030 768 5094 ΒΟ
793 5040 824 5093 11
856 5029 1032 5093 distantiam
1055 5030 1113 5093 BN
1141 5030 1281 5091 discerni.
1326 5029 1394 5092 Hoc
1422 5037 1513 5111 pacto
1545 5029 1641 5092 oculis
1663 5029 1708 5102 A,
1732 5027 1769 5091 nt

402 5119 581 5186 alternatim
602 5115 718 5200 apertis
740 5127 777 5183 at
801 5117 929 5193 clausis,
957 5116 1077 5181 visibile
1101 5114 1126 5180 Ο
1150 5118 1248 5181 111111
1275 5133 1362 5181 anum
1388 5116 1492 5180 viamn·
1509 5134 1548 5179 ex
1570 5113 1603 5181 0
1621 5116 1654 5179 ln
1675 5115 1762 5181 1111
