4584 6192
1080 575 1161 643 Caput
1179 577 1198 628 I.
1753 577 1814 647 145

466 759 582 815 tansum
605 753 667 814 sit:
692 770 750 832 quo
773 753 892 815 nomine
916 774 983 817 cum
1006 756 1072 817 luce
1096 756 1125 816 iu
1151 755 1228 817 idem
1252 755 1362 818 caloris
1391 757 1573 819 consortium
1596 757 1712 836 veniet,
1738 777 1815 839 qua-

466 851 547 903 tenus
571 843 623 904 lux
646 842 765 903 animae
789 843 918 905 soboles.

545 932 635 992 Inest
657 930 778 1011 quidem
801 940 832 992 et
857 931 1001 1012 stirpibus
1034 951 1105 992 suus
1138 933 1221 993 calor
1244 939 1275 991 et
1304 931 1433 1009 plantis,
1466 941 1500 994 at
1522 942 1553 994 et
1581 934 1607 996 is
1641 953 1755 1016 quoque
1778 936 1820 998 ab¹

465 1018 600 1098 igniculo,
626 1019 676 1099 qui
701 1021 836 1100 quamvis
856 1039 913 1082 non
929 1023 973 1083 ita
997 1021 1208 1083 manifestent
1226 1020 1255 1080 in
1280 1019 1467 1096 animalibus,
1492 1022 1522 1083 in
1548 1023 1692 1103 stirpibus
1716 1032 1817 1086 taruen

466 1108 555 1181 Inest,
581 1108 662 1187 quod
685 1108 754 1168 inde
778 1117 882 1187 patet,
906 1110 976 1190 quia
998 1109 1121 1170 tandem
1145 1127 1253 1187 corpus
1277 1127 1361 1168 suurn
1386 1111 1574 1189 depascitur,
1599 1114 1628 1174 iu
1655 1112 1817 1175 seminibus

465 1196 568 1270 latens,
595 1203 629 1257 et
647 1196 824 1259 vermiculos
844 1208 934 1260 noctu
958 1199 1093 1260 lucentes
1118 1205 1243 1275 generat
1257 1204 1289 1256 et
1308 1197 1398 1275 ligna,
1420 1202 1630 1262 ortatandem
1648 1202 1817 1281 putredine,

465 1283 503 1345 ita
524 1285 705 1359 inflammat,
731 1293 764 1347 ut
787 1287 886 1347 lucula
910 1287 946 1347 de
970 1294 1057 1347 nocte
1082 1285 1174 1346 etiam
1199 1285 1292 1345 oculis
1317 1286 1411 1348 videri
1436 1295 1536 1368 queat.

548 1374 583 1435 In
610 1374 705 1435 Terra
727 1374 856 1436 calorem
877 1375 977 1436 inesse
999 1376 1098 1435 sciunt
1120 1394 1233 1446 omnes,
1257 1374 1415 1436 auinraleru
1436 1377 1535 1438 inesse
1561 1377 1736 1438 facultatem
1760 1377 1819 1438 luci

466 1471 634 1541 cognatam,
659 1463 770 1525 caloris
794 1464 942 1538 tutuloem,
967 1481 1026 1523 non
1044 1482 1148 1523 omnes
1173 1463 1356 1536 fatebuntur,
1381 1463 1483 1545 itaque
1509 1467 1548 1525 ad
1573 1467 1657 1545 ignes
1681 1465 1818 1527 Actaeos

466 1568 591 1629 povoco
616 1552 710 1612 etad
735 1552 870 1614 thermas
897 1551 1128 1613 innumerabiles
1161 1552 1279 1629 igneum
1312 1552 1442 1614 calorem
1467 1554 1642 1615 referentes.
1682 1553 1817 1615 Indidem

468 1639 553 1718 igitur
576 1638 658 1717 iguis
682 1639 784 1718 prodit
806 1642 884 1702 unde
908 1650 940 1702 et
962 1640 1053 1702 calor.
1089 1641 1121 1700 In
1142 1641 1228 1713 oleis,
1252 1640 1282 1700 in
1307 1640 1455 1719 sulphure,
1481 1641 1640 1715 bitumine,
1664 1642 1746 1704 calor
1768 1641 1817 1703 in-

469 1735 518 1799 est,
541 1728 597 1788 sed
621 1728 652 1789 in
676 1729 821 1807 potentia,
847 1738 882 1791 nt
905 1737 937 1790 et
959 1728 1047 1808 iguis.
1095 1730 1174 1790 Nam
1203 1728 1353 1788 calefacta
1376 1729 1419 1791 sio
1449 1738 1483 1792 ut
1512 1750 1569 1792 uon
1598 1731 1819 1792 inflammentur

469 1816 623 1878 remittunt
638 1816 707 1895 igne
730 1827 845 1878 remoto
864 1818 942 1879 huno
961 1818 1111 1890 calorem;
1137 1818 1259 1877 incensa
1272 1835 1344 1877 vero
1359 1819 1518 1879 manifeste
1542 1820 1714 1893 ostendunt,
1739 1818 1817 1880 unde

469 1904 536 1983 Ipsis
559 1923 633 1965 suus
657 1906 750 1973 calor,
774 1925 840 1967 cnm
864 1907 1040 1984 deflagrent.
1080 1904 1236 1975 Quaedam
1260 1905 1382 1966 humore
1407 1915 1587 1985 suppetente
1611 1908 1760 1979 calefiunt,
1786 1917 1819 1967 at

471 1991 551 2054 simul
575 2012 609 2053 se
634 1993 702 2072 ipsa
724 1995 902 2069 incendunt,
929 2002 962 2054 nt
985 1995 1114 2055 faenum.
1163 1995 1197 2054 ln
1221 2012 1353 2068 summa,
1379 1997 1507 2057 calorem
1531 1996 1686 2075 praecedit
1709 1995 1818 2068 anima,

473 2081 629 2142 comitatur
653 2083 731 2161 ignis
754 2083 818 2144 sive
842 2084 902 2145 Ins.
943 2089 1040 2155 (cnmp.
1059 2107 1083 2156 p.
1103 2088 1158 2152 57.)

551 2170 645 2249 Prop.
680 2171 832 2233 XXXIII.
886 2173 997 2233 Lucis
1035 2174 1140 2234 calor
1177 2171 1454 2233 immateriatus
1493 2178 1559 2233 est.
1611 2172 1702 2232 Locis
1741 2171 1819 2232 enirn

473 2258 602 2319 comitem
627 2259 752 2320 fecimus
776 2267 808 2321 et
831 2260 889 2321 luci
913 2263 996 2322 nulla
1019 2270 1067 2322 est
1090 2261 1227 2334 materia,
1252 2261 1295 2321 uti
1320 2279 1395 2320 nunc
1419 2279 1484 2320 eam
1510 2260 1745 2321 consideramus.

551 2347 645 2426 Prop.
675 2347 829 2412 XXXIV.
885 2349 999 2411 anis
1038 2350 1155 2411 calori
1187 2350 1222 2410 in
1260 2348 1449 2409 materiam
1480 2357 1537 2410 est
1570 2348 1683 2409 actio.
1739 2348 1818 2409 Nam

474 2434 556 2496 onuis
580 2437 711 2498 materia
739 2437 867 2517 frigida,
901 2456 956 2516 per
979 2436 1032 2501 32.
1057 2439 1109 2499 lux
1133 2437 1249 2512 calida,
1275 2445 1346 2498 suut
1368 2437 1459 2515 igitur
1483 2437 1538 2499 snb
1567 2437 1671 2498 eodem
1699 2454 1817 2515 genere.

477 2518 656 2585 &umanum
680 2525 771 2603 igitur
793 2526 910 2605 patitur
933 2548 952 2587 a
975 2527 1136 2588 contrario.
1176 2527 1210 2587 ld
1235 2526 1327 2587 etiarn
1350 2526 1388 2586 ob
1411 2525 1565 2587 materiati
1585 2534 1616 2586 et
1639 2543 1696 2586 non
1720 2532 1820 2586 mate-

476 2611 531 2673 riati
554 2613 804 2675 contrarietatem
827 2615 1030 2676 essentialem.
1079 2614 1178 2694 Supra
1201 2634 1286 2694 prop.
1313 2612 1362 2676 10.
1388 2615 1553 2693 agebamus
1577 2613 1613 2674 de
1638 2614 1822 2692 geometrica

478 2700 581 2763 suone
605 2713 639 2762 et
660 2703 802 2782 passione
826 2723 919 2764 causa
945 2704 1014 2777 Ioci,
1040 2703 1089 2765 nbi
1113 2704 1201 2783 paria
1230 2701 1381 2764 iaciebant
1406 2703 1456 2763 lux
1479 2712 1511 2763 et
1534 2702 1716 2781 superficies.
1762 2701 1821 2763 Hic

476 2787 524 2865 jan
546 2789 674 2870 physica
697 2798 745 2853 est
768 2792 847 2853 actio
871 2811 931 2853 non
962 2793 1135 2871 reciproca;
1165 2809 1233 2853 narn
1264 2792 1392 2853 materia
1421 2798 1539 2852 tantum
1562 2790 1685 2870 patitur.
1734 2788 1819 2860 Quae

480 2893 535 2938 tero
558 2878 617 2939 luci
642 2879 775 2941 vIcissim
800 2880 909 2941 inferre
933 2880 1068 2952 videtur,
1092 2882 1277 2959 geometrica
1306 2880 1424 2941 actione
1450 2879 1538 2952 tacit,
1562 2887 1596 2940 ut
1619 2878 1726 2957 globus
1750 2898 1820 2961 cry-

481 2966 603 3028 stallinus
618 2966 685 3028 Soli
704 2968 754 3029 din
778 2969 934 3048 expositus
958 2969 1080 3030 tandem
1101 2970 1236 3044 calescit,
1262 2968 1364 3030 radius
1383 2987 1437 3047 per
1460 2968 1581 3048 globum
1597 2966 1647 3028 din
1671 2966 1821 3029 transiens

482 3051 556 3117 uibilo
580 3063 629 3117 est
652 3056 791 3133 frigidior
814 3077 902 3137 quam
925 3057 1022 3119 initio.

552 3142 643 3223 Prop.
668 3144 805 3207 XXXV.
845 3144 958 3208 Calor
980 3146 1014 3207 iu
1038 3145 1202 3206 materia
1226 3154 1394 3223 tempore
1420 3145 1620 3205 excitatur.
1659 3144 1738 3205 Nam
1762 3142 1821 3203 etsi

485 3226 521 3291 on
540 3234 649 3294 comite
673 3234 774 3295 calore
797 3235 827 3295 in
851 3243 1003 3297 momento
1028 3235 1133 3305 adest,
1166 3234 1294 3294 materia
1317 3242 1419 3294 tamen
1444 3252 1478 3293 eo
1502 3233 1567 3312 ipso
1592 3233 1670 3312 quod
1695 3231 1823 3293 materia

485 3321 590 3399 tempori
613 3320 763 3401 subjacet.
811 3321 904 3384 Calor
931 3323 1023 3402 igitur
1051 3324 1116 3402 jum
1147 3322 1325 3383 materiatus
1349 3331 1380 3381 et
1408 3321 1548 3401 passivus
1573 3339 1631 3382 nou
1661 3321 1719 3383 nisi
1742 3329 1822 3382 tem-

486 3419 538 3479 pore
559 3410 642 3489 gIgni
665 3419 777 3488 potest.
824 3411 893 3473 Non
918 3413 962 3473 sIc
986 3411 1023 3473 de
1055 3411 1204 3472 coloribus
1229 3409 1258 3470 in
1289 3410 1434 3471 materiae
1466 3410 1614 3489 profundo
1644 3410 1820 3471 latentibus.

488 3489 744 3561 Considerabautur
766 3499 844 3561 eninr
867 3508 901 3561 ut
925 3500 1096 3580 superficies
1120 3518 1158 3559 ex
1186 3507 1294 3560 natura
1318 3498 1392 3560 lucis
1416 3507 1448 3560 et
1478 3498 1711 3560 illustrationis:
1744 3498 1821 3558 unde

489 3589 511 3641 et
526 3584 635 3647 illorum
660 3607 681 3647 a
703 3589 769 3650 luce
792 3588 957 3651 illustratio
980 3596 1191 3651 momentanea
1214 3596 1380 3667 permanet.

553 3674 643 3755 Prop.
668 3676 821 3740 XXXVI.
869 3678 945 3738 Lux
977 3697 1039 3739 res
1071 3676 1243 3738 destruit
1275 3683 1311 3736 et
1335 3675 1470 3736 adurit.
1523 3674 1603 3734 Nam
1631 3692 1685 3753 per
1708 3668 1761 3734 34.
1792 3672 1819 3731 in

490 3763 623 3825 umnam
656 3764 732 3843 agit.
786 3764 905 3828 Similia
934 3784 1004 3828 vero
1038 3764 1095 3827 sibi
1129 3766 1229 3826 tacere
1262 3764 1367 3825 nititur
1399 3762 1546 3842 patientia
1577 3782 1658 3824 more
1691 3760 1820 3821 omnium

491 3851 626 3925 aeneum.
673 3852 757 3934 Ergo
781 3855 936 3917 materiam
967 3856 1125 3928 adoriens,
1160 3854 1189 3914 iu
1214 3872 1273 3933 qua
1297 3872 1392 3914 rerum
1417 3850 1551 3912 essentia
1579 3851 1737 3924 consistit,
1771 3866 1820 3908 res

426 3995 428 4006 .
492 3938 595 4010 perimit.
643 3942 680 4003 Id
704 3944 738 4004 fit
761 3944 974 4005 extenuatione
999 3952 1031 4005 et
1054 3942 1298 4016 inflammatione,
1323 3949 1357 4001 ut
1379 3943 1452 4001 liant
1476 3939 1576 4000 omnia
1599 3939 1659 4001 lux.

558 4029 645 4110 Prop.
669 4030 838 4093 XXXVII.
885 4033 1142 4093 Lurcolores
1175 4049 1297 4091 rerum
1331 4038 1501 4108 ternpore
1530 4027 1695 4089 dealbat.
1741 4025 1820 4086 Nam

492 4127 529 4188 ptr
543 4113 592 4181 36.
617 4121 778 4182 materiam
798 4121 936 4182 destruit.
972 4122 1017 4183 At
1034 4139 1088 4199 per
1107 4118 1156 4183 ¹5.
1173 4120 1302 4180 colorum
1319 4118 1451 4178 essentia
1470 4116 1609 4178 consistit
1628 4116 1657 4176 iu
1677 4115 1819 4175 materia:

426 4209 428 4222 '
492 4216 534 4278 qua
550 4216 691 4285 pereunte
715 4210 798 4271 color
829 4209 903 4289 ipsis
930 4211 1020 4288 perit.
1066 4209 1201 4270 Dealbat
1230 4216 1345 4278 autern,
1375 4207 1445 4285 quie
1477 4208 1545 4284 (per
1576 4205 1717 4277 eandem)
1751 4204 1821 4264 alba

426 4347 429 4370 ,
493 4286 534 4354 bei
552 4297 727 4376 cognatiora
749 4306 838 4372 suut,
871 4298 958 4377 nigra
980 4299 1047 4378 plus
1081 4297 1272 4359 tenebramm
1295 4305 1326 4356 et
1355 4295 1514 4356 densitatis
1545 4293 1692 4355 materias
1722 4291 1819 4372 parti·

492 4378 567 4458 prIa:
599 4386 667 4465 plus
697 4386 789 4465 igitur
811 4387 862 4449 lux
890 4387 983 4448 habet
1005 4387 1034 4448 in
1069 4386 1176 4467 ulgris,
1211 4385 1289 4466 quod
1324 4384 1421 4445 tollat.
1469 4383 1504 4444 ld
1532 4401 1603 4444 vero
1627 4383 1662 4443 fit
1685 4392 1820 4460 tempore

493 4481 531 4541 lu
547 4468 595 4548 34,
620 4470 673 4537 35.

558 4562 646 4643 Prop.
676 4562 859 4626 XXXVIII.
914 4565 990 4625 Lux
1023 4562 1130 4641 nigra
1161 4561 1313 4624 facilins
1347 4560 1559 4621 inflammat
1591 4578 1693 4639 quarn
1725 4556 1819 4618 alba.

494 4640 550 4710 Nan
568 4670 621 4731 per
645 4648 699 4714 30.
724 4653 822 4714 miuus
845 4652 994 4714 radiorum
1019 4671 1037 4711 a
1060 4651 1155 4730 nigris
1179 4650 1362 4725 revibratur,
1396 4650 1464 4729 plus
1489 4649 1579 4727 igitur
1603 4649 1631 4709 iu
1660 4645 1720 4707 illis
1745 4663 1819 4706 con-

495 4737 601 4802 emitur.
638 4740 712 4802 Plus
736 4741 827 4821 igitur
850 4741 901 4803 lux
924 4742 961 4802 de
984 4758 1074 4820 opere
1098 4759 1153 4800 sno
1177 4738 1353 4801 collocatio
1374 4738 1468 4817 nigra,
1495 4738 1572 4816 quod
1596 4755 1649 4817 per
1668 4732 1720 4797 36.
1744 4751 1817 4795 con·

496 4818 606 4889 tittitin
639 4829 823 4891 destruendo
855 4837 889 4891 et
919 4828 1143 4891 inflammando.
1190 4828 1267 4889 Hinc
1301 4835 1368 4888 orta
1396 4834 1445 4888 est
1476 4825 1593 4905 opinio,
1626 4823 1720 4904 nIgris
1752 4820 1819 4900 cogi

497 4910 582 4992 oon,
605 4917 682 4980 albis
706 4918 856 4998 dissipari.
1681 4932 1684 4937 ·

561 5001 766 5069 Conclusiouis
804 5009 868 5070 Ioco
908 5015 1028 5069 notetur
1060 5004 1109 5067 hic
1141 5013 1230 5066 sexta
1268 5003 1350 5066 tertii
1375 5001 1560 5064 Vitellionis.
1579 4996 1620 5073 ¹⁰)
1675 5000 1820 5061 Testatur

499 5091 668 5170 tberierrtia,
691 5095 901 5160 inhaerescere
931 5096 1049 5176 species
1073 5093 1198 5156 visIouis
1222 5092 1308 5156 fortis
1331 5092 1360 5153 in
1384 5092 1450 5153 visn
1474 5088 1701 5169 aliquautIsper,
1725 5088 1818 5151 etiam

555 5195 768 5252 manoperam
1529 5241 1537 5254 ,
1573 5192 1607 5246 10
