4584 6192
469 601 538 674 m
948 603 1140 667 Paralipomsaa
1156 604 1183 656 ia
1200 602 1368 660 Vitellionsnr.

469 780 567 857 mndl,
588 798 649 842 non
672 782 755 845 alba.
801 782 849 846 At
867 800 927 846 oen
950 789 1053 844 tanim
1078 780 1146 843 lrinc
1169 779 1322 860 seqnitur,
1347 779 1426 843 banc
1448 796 1516 841 esse
1540 778 1617 842 mois
1639 785 1673 841 et
1694 778 1832 841 morum

470 877 620 934 umorem.
668 870 856 951 Impossibile
878 870 960 933 enim
984 878 1040 943 est,
1065 871 1157 932 nllam
1180 869 1367 948 superficiem
1384 870 1485 932 colora
1506 885 1562 930 sno
1584 867 1704 930 efficere
1726 885 1830 947 possa,

468 965 504 1020 nt
525 956 630 1021 radius
652 958 801 1039 quispiam
833 959 895 1021 alia
921 959 1002 1021 linea
1034 960 1061 1021 in
1091 977 1124 1019 se
1152 958 1282 1031 incidat,
1311 976 1400 1037 qnam
1433 958 1529 1036 ipsum
1556 956 1689 1018 incidere
1717 963 1831 1035 cogunt

469 1065 542 1111 suae
572 1046 656 1128 leges
686 1047 816 1125 opticae.
866 1047 947 1109 Nam
974 1048 1052 1127 qnod
1083 1045 1174 1109 latior
1205 1045 1325 1108 videtur
1357 1047 1491 1109 alborum
1522 1044 1703 1122 illustratio,
1737 1062 1832 1108 causa

470 1155 538 1199 esse
560 1142 665 1216 potest
687 1134 814 1196 eximius
838 1136 945 1214 fulgor,
970 1144 1003 1196 nt
1021 1135 1088 1214 jam
1111 1135 1320 1214 explicabitur,
1344 1142 1376 1197 et
1398 1134 1477 1214 qnod
1500 1134 1694 1213 circumjecta
1715 1140 1830 1214 puncto

468 1222 651 1287 incensionis
673 1223 744 1286 alba
768 1224 815 1285 vel
840 1224 898 1286 levi
921 1224 1006 1286 radio
1024 1223 1227 1286 inclarescunt
1249 1232 1281 1285 et
1304 1222 1468 1286 fortissime
1489 1223 1661 1288 illustratae
1684 1222 1767 1302 parti
1791 1223 1830 1285 ob

467 1311 689 1375 conniventiam
712 1312 863 1374 oculorum
886 1319 1092 1376 accensentur.
1140 1311 1203 1375 cnr
1225 1330 1296 1373 vero
1319 1311 1406 1391 nigra
1428 1310 1619 1391 potissimum
1634 1311 1828 1374 inflammen-

469 1408 526 1476 tur,
551 1408 672 1480 praeter
694 1418 740 1473 ea,
764 1419 841 1480 quae
864 1418 931 1480 cap.
956 1401 981 1463 I.
1004 1419 1089 1480 prop.
1114 1397 1168 1463 38.
1193 1399 1339 1475 diximus,
1363 1419 1456 1463 cansa
1478 1399 1597 1462 videtur
1627 1400 1721 1462 etiam
1750 1399 1826 1462 baec

469 1507 554 1563 ease,
587 1487 666 1569 qnod
698 1507 891 1570 quaecunque
923 1489 980 1551 hoc
1001 1490 1101 1552 colore
1127 1489 1224 1551 tincta
1255 1496 1341 1560 sunt,
1375 1488 1547 1550 ariditatem
1579 1497 1612 1550 et
1639 1488 1830 1552 adustionem

469 1577 605 1657 sapiunt;
629 1576 733 1639 horum
757 1576 849 1656 igitur
870 1578 999 1641 materia
1022 1580 1120 1656 magis
1144 1576 1250 1639 existit
1271 1576 1505 1639 inflammabilis.
1544 1576 1642 1655 Igitur
1665 1577 1744 1657 qnod
1759 1576 1831 1640 alba

466 1665 499 1727 in
521 1672 632 1744 puncto
655 1664 837 1728 incensionis
860 1666 970 1729 latiora
992 1667 1181 1746 apparentia,
1206 1666 1285 1729 idem
1309 1674 1341 1727 et
1362 1666 1507 1746 pleraque
1526 1664 1593 1745 jam
1616 1666 1713 1727 allata
1731 1665 1828 1745 plrae-

469 1772 597 1816 nomena
619 1753 729 1816 testari
751 1753 900 1827 videntur,
926 1753 1064 1834 ampliari
1087 1773 1144 1817 non
1169 1755 1285 1816 radium
1308 1754 1468 1817 collectum
1491 1753 1521 1815 in
1542 1773 1576 1816 re
1600 1754 1680 1828 alba,
1706 1754 1762 1817 sed
1785 1753 1830 1815 rei

467 1839 557 1904 albae
579 1841 702 1922 ejusque
724 1842 860 1921 picturae
888 1845 917 1905 in
950 1844 1050 1906 retina
1079 1842 1308 1921 impressionem
1331 1842 1361 1905 in
1384 1841 1524 1921 spiritum
1546 1842 1700 1906 visorium.
1747 1842 1828 1904 Nam

467 1947 522 2010 per
542 1931 568 2003 1,
592 1925 646 1994 30.
670 1930 739 2011 plns
761 1931 863 1994 radiat
885 1932 922 1994 de
946 1933 1017 1995 alba
1040 1950 1127 2012 quam
1151 1932 1189 1993 de
1212 1931 1299 2010 nigra
1320 1930 1485 2010 superlicio.
1528 1930 1641 2008 Fulgor
1663 1929 1757 2010 igitur
1779 1938 1829 1992 est

468 2017 610 2092 eximius,
636 2026 690 2081 aut
712 2018 739 2080 si
762 2016 816 2081 Sol
839 2029 887 2082 est
910 2019 939 2082 in
963 2019 1221 2093 consideratione,
1248 2029 1317 2082 tunc
1340 2018 1397 2081 hoc
1420 2037 1474 2098 per
1495 2038 1530 2080 se
1553 2026 1652 2097 patet.
1696 2017 1769 2081 Jam
1793 2027 1829 2080 nt

469 2124 562 2187 supra
575 2105 783 2187 comperimus,
807 2106 1014 2171 inhaerescere
1037 2108 1155 2188 species
1179 2108 1207 2170 ia
1223 2106 1340 2189 spiritu,
1366 2108 1443 2187 quod
1467 2107 1496 2168 in
1512 2107 1635 2170 humore
1658 2114 1712 2168 ant
1725 2104 1830 2168 tunica

469 2195 587 2275 legibus
601 2195 711 2275 opticis
734 2196 799 2258 fleri
822 2216 880 2259 non
896 2198 1008 2277 potuit,
1033 2198 1077 2259 ita
1100 2196 1149 2258 hic
1173 2214 1289 2277 qnoque
1303 2196 1422 2259 videtur
1444 2195 1562 2279 species
1586 2193 1647 2258 albi
1666 2193 1830 2259 tonusime

470 2282 629 2359 illustrati,
658 2303 713 2346 seu
734 2284 854 2365 species
876 2284 958 2348 Solis
990 2294 1113 2365 recepta
1144 2285 1175 2347 in
1196 2285 1335 2364 spiritum
1367 2304 1435 2346 sese
1463 2291 1587 2364 propter
1619 2282 1831 2363 cognationem

469 2379 596 2435 naturae
610 2372 785 2447 diffundere,
809 2391 868 2436 non
892 2374 982 2436 aliter
1004 2393 1094 2454 quem
1116 2382 1205 2454 gutta
1227 2373 1321 2436 rubea
1342 2374 1374 2435 in
1388 2392 1484 2453 aquae
1500 2370 1687 2451 superficiem
1710 2371 1832 2445 (numm

468 2460 499 2523 in
522 2460 691 2535 humorem)
714 2460 826 2540 illapsa
848 2482 916 2524 scae
940 2462 1065 2536 dilatat;
1096 2462 1215 2542 species
1238 2480 1310 2523 vero
1332 2462 1437 2542 nigrae
1460 2461 1492 2523 in
1514 2459 1654 2539 spiritum
1685 2466 1830 2539 receptae

469 2547 570 2629 colligi
592 2549 624 2610 in
646 2567 725 2619 sese,
750 2557 785 2610 nt
805 2549 832 2611 si
854 2559 944 2629 gutta
967 2550 995 2612 in
1012 2551 1165 2630 pulverem
1178 2549 1312 2612 incidat:
1336 2549 1425 2630 idque
1445 2548 1562 2628 legibus
1584 2567 1653 2623 nou,
1678 2556 1713 2612 ut
1733 2546 1829 2627 prius,

469 2629 636 2715 opticis.*)
672 2636 794 2700 Etenim
817 2638 843 2699 si
866 2638 942 2701 bene
965 2640 1149 2706 consideres,
1173 2639 1262 2719 plane
1286 2639 1341 2701 sub
1365 2639 1470 2700 eodem
1492 2655 1602 2716 genere
1625 2644 1699 2700 sunt
1720 2636 1830 2699 inbae-

472 2726 572 2788 rentia
603 2732 636 2787 et
664 2743 749 2787 mora
777 2726 889 2804 speciei
921 2727 1039 2790 lucidae
1067 2747 1134 2790 cnm
1163 2728 1220 2790 hac
1249 2727 1438 2792 dilatatione.
1485 2727 1564 2789 Nam
1587 2743 1625 2786 ex
1648 2726 1717 2805 ipsa
1743 2743 1831 2790 mora

471 2812 592 2875 videtur
615 2812 701 2893 sequi
715 2814 864 2888 dilatatio,
890 2814 1023 2895 fugiente
1046 2816 1114 2878 visu
1136 2824 1258 2880 atanta
1271 2816 1411 2879 claritate
1418 2834 1428 2890 ;
1452 2815 1507 2876 sed
1529 2823 1632 2876 tamen
1656 2833 1725 2876 eam
1743 2831 1831 2876 corn·

470 2900 597 2966 bibitam
620 2900 848 2966 circumferente
872 2911 904 2965 et
926 2904 995 2967 aliis
1017 2905 1063 2966 sni
1088 2904 1225 2985 partibus
1247 2904 1277 2968 in
1301 2924 1369 2968 eam
1391 2903 1552 2966 incidente.

559 2988 761 3072 Quaecunque
789 2990 895 3055 harum
927 3011 1085 3056 censuum
1118 2994 1160 3056 sit
1190 2992 1412 3056 consideranda
1441 2992 1471 3055 in
1503 2990 1639 3073 quolibet
1669 2987 1829 3067 singulari,

469 3085 587 3142 certum
608 3087 659 3141 est
680 3079 728 3142 vel
751 3078 781 3142 in
803 3080 920 3155 retina,
951 3101 1043 3145 causa
1066 3082 1220 3161 picturae,
1247 3082 1296 3144 vel
1319 3082 1347 3143 in
1379 3080 1548 3160 spiritibus,
1581 3098 1674 3144 causa
1697 3077 1832 3156 impres-

470 3166 580 3243 sionis,
613 3166 744 3232 existere
768 3168 978 3233 dilatationem
1001 3169 1184 3233 lucidomm:
1212 3170 1299 3248 cujus
1323 3170 1441 3250 quidem
1465 3168 1508 3230 rei
1531 3186 1655 3231 cansam
1677 3164 1753 3227 mibi
1775 3183 1834 3245 pst

470 3264 569 3318 totum
595 3256 652 3318 hoc
684 3264 776 3336 capnt
802 3256 918 3336 placuit
946 3259 1104 3339 inquirere.
1150 3260 1217 3322 Hoc
1250 3258 1353 3337 itaque
1382 3277 1421 3320 ex
1450 3257 1507 3318 hoc
1533 3257 1634 3336 capite
1664 3253 1834 3318 astronomi

470 3343 719 3418 considerabunt,
753 3362 810 3406 non
839 3364 958 3426 semper
990 3347 1140 3410 fidendum
1162 3366 1231 3410 esee
1254 3345 1374 3410 intuitui
1397 3345 1510 3408 oculari
1534 3354 1588 3407 ant
1610 3340 1831 3414 aestimationi,

470 3432 660 3513 quantumvis
684 3432 895 3495 consideratae
922 3435 952 3497 in
976 3435 1149 3515 quantitate
1176 3433 1316 3497 diametri
1343 3435 1450 3515 plenae
1474 3433 1579 3496 Lunae
1607 3440 1661 3496 ant
1688 3430 1830 3494 delectus

468 3518 500 3582 in
523 3520 647 3600 eclipsi:
673 3540 765 3601 qnare
787 3540 846 3584 non
871 3530 989 3587 tantum
1011 3523 1043 3586 in
1065 3521 1223 3586 consilium
1237 3523 1424 3586 adhibendos
1447 3523 1593 3586 certiores
1617 3519 1724 3583 modos
1738 3518 1829 3593 alios,

468 3608 523 3671 sed
555 3626 650 3688 neque
678 3619 791 3672 temere
819 3611 858 3673 ab
888 3611 926 3674 iis
955 3612 1206 3686 dissentiendum,
1235 3612 1317 3673 visus
1347 3611 1471 3685 fidncia,
1499 3610 1669 3691 siquando
1693 3607 1765 3679 tint,
1797 3615 1834 3672 ut

468 3697 652 3760 desentiant
674 3697 717 3761 illi
741 3719 760 3759 a
782 3698 859 3760 visu.
896 3701 1143 3763 Demonstratnm
1169 3700 1247 3763 enim
1270 3708 1320 3762 est
1341 3700 1566 3763 evidentissime
1591 3719 1630 3761 ex
1652 3697 1721 3776 ipsa
1743 3696 1830 3759 visus

468 3786 720 3863 conformatione,
750 3786 814 3850 fleri
836 3789 942 3853 crebro
965 3797 1000 3851 ut
1022 3788 1099 3851 visui
1122 3808 1207 3851 error
1229 3789 1365 3857 accidat,
1389 3789 1458 3850 dum
1482 3788 1583 3851 lucida
1605 3786 1693 3848 nimis
1717 3803 1831 3865 magna

471 3874 637 3938 exietmat.

558 3966 630 4021 Illud
651 3965 736 4020 etam
756 3965 840 4035 iniqius
861 3985 922 4022 esse
944 3966 997 4022 loci
1018 3966 1135 4031 videtur,
1157 3975 1190 4021 ut
1203 3983 1289 4022 causa
1309 3966 1417 4020 dicatum
1438 3982 1524 4037 quare
1546 3966 1638 4019 sidera
1656 3963 1785 4020 lusciosis
1805 3964 1835 4022 iu

470 4048 608 4117 profunda
628 4052 709 4100 nocte
730 4046 896 4110 confusiora,
919 4063 1021 4101 aurora
1034 4064 1099 4102 vero
1116 4047 1178 4116 jam
1191 4047 1307 4116 primum
1321 4054 1455 4116 surgente
1473 4044 1647 4100 distinctiora
1666 4044 1833 4101 videantur?

469 4126 556 4198 Atqui
584 4124 607 4179 si
627 4125 742 4180 multum
763 4125 856 4180 lumen
872 4126 937 4197 ipsis
953 4125 1045 4189 officit,
1067 4127 1165 4181 debuit
1176 4127 1240 4196 plus
1262 4127 1371 4181 officere
1394 4124 1563 4179 cumulatum
1582 4141 1702 4179 aurorae
1717 4123 1831 4179 lumine.

557 4206 651 4259 Causa
671 4203 758 4276 igitur
778 4204 849 4260 haec
870 4212 927 4270 est,
950 4207 1021 4278 qnod
1043 4206 1069 4259 in
1091 4205 1213 4261 tenebris
1239 4205 1380 4261 nocturnis
1407 4205 1533 4276 pupillae
1555 4206 1678 4260 foramen
1708 4204 1833 4258 naturali

468 4290 543 4338 motu
565 4284 716 4346 dilatatum
745 4283 771 4338 in
792 4285 895 4340 lumine
917 4301 1035 4340 aurorae
1057 4286 1196 4340 clauditur
1217 4286 1330 4341 arctius.
1373 4286 1463 4340 Conus
1483 4301 1550 4339 vero
1573 4283 1669 4355 puncti
1696 4283 1833 4338 radiantis

469 4379 520 4432 per
540 4362 633 4418 laxius
655 4364 779 4417 toramen
799 4365 917 4420 validior
937 4365 1103 4436 ingreditur,
1130 4366 1286 4436 sortemque
1311 4363 1517 4435 impressionem
1537 4364 1623 4435 sacit3
1650 4362 1722 4418 idem
1743 4379 1833 4434 angu-

470 4442 548 4497 stiori
568 4443 701 4498 foramine
723 4444 887 4499 constrictus
909 4444 1026 4499 debilius
1047 4452 1141 4500 movet
1161 4446 1279 4500 oculum.
1289 4441 1332 4513 ⁸)
1371 4446 1514 4499 Hactenus
1535 4462 1602 4499 vero
1622 4459 1733 4513 semper
1753 4460 1833 4497 usur·

555 4655 582 4724 *l
605 4656 719 4728 Opticis,
741 4657 794 4711 hoc
807 4663 851 4710 est
871 4656 1041 4711 refractoriis
1062 4662 1210 4711 contracta
1229 4655 1304 4710 vocis
1325 4656 1446 4710 notione.
1475 4655 1545 4709 Nam
1560 4653 1584 4706 si
1597 4651 1675 4707 nocis
1696 4652 1835 4726 originem

469 4742 588 4811 spectes,
610 4736 731 4809 optinum
751 4744 803 4799 est,
826 4735 951 4806 quicquid
974 4738 1009 4790 ad
1029 4735 1163 4791 visionem
1183 4735 1316 4806 pertinet.

554 4816 598 4884 ¹⁸)
620 4816 723 4871 Sensum
744 4822 806 4870 est:
829 4815 883 4870 etsi
905 4815 1004 4885 spatiis
1025 4815 1095 4869 coeli
1116 4816 1189 4870 inter
1210 4831 1315 4887 magna
1335 4814 1434 4875 sidera,
1455 4819 1489 4866 nt
1502 4819 1533 4866 et
1551 4810 1740 4867 minutissimis
1761 4812 1834 4866 side·

468 4898 543 4951 ribus
567 4913 619 4952 soa
639 4896 724 4949 etiam
745 4895 782 4949 sit
801 4895 939 4949 radiatio:
961 4903 1066 4965 punctu
1086 4902 1179 4949 tamen
1201 4896 1318 4958 retinas,
1340 4894 1368 4947 in
1389 4909 1460 4962 quae
1482 4892 1534 4946 illa
1553 4891 1678 4956 mdiant,
1701 4893 1835 4962 occupari

467 4977 615 5032 iadtudine
641 4975 809 5030 radiationis
840 4974 960 5030 loedoria
989 4990 1156 5045 magnarum
1184 4976 1341 5038 stellarum,
1372 4989 1458 5043 quare
1484 4971 1550 5027 illas
1579 4972 1680 5027 stellas
1709 4973 1834 5043 grandes

468 5071 606 5127 apparere
626 5061 658 5109 et
678 5054 762 5108 radiis
783 5054 973 5110 ducisnatas:
1005 5054 1083 5108 coelo
1103 5071 1170 5108 vero
1194 5054 1256 5122 jam
1280 5047 1397 5123 primuiu
1426 5053 1589 5108 albescente
1616 5050 1756 5108 docimo·
1780 5051 1834 5108 bos

470 5136 605 5204 majorum
625 5134 774 5188 stellarum
796 5134 947 5198 obliterari,
970 5134 1037 5204 qnia
1049 5133 1135 5190 vincit
1153 5134 1225 5188 coeli
1244 5132 1413 5188 albescentia
1434 5131 1555 5188 radiatio
1569 5131 1604 5188 ,in
1621 5147 1704 5190 suurn
1716 5130 1835 5191 ,natiuae
