4584 6192
467 617 511 686 70
896 618 995 669 uum
1013 617 1116 681 usum
1134 616 1285 694 memus
1302 624 1405 667 anau

467 791 580 844 dsdnreh
597 793 636 841 nit
654 792 729 843 allelu
747 807 780 842 au
797 791 920 843 mehrerm
937 793 1019 842 selner
1032 792 1173 842 Aninnlnne
1191 791 1241 842 und
1254 791 1393 843 thllahrt
1404 793 1462 841 vait
1478 792 1591 842 behmt
1608 791 1701 854 nsaht,
1719 792 1826 848 tandm

468 863 535 913 auch
552 863 654 925 nilerley
670 863 766 925 judicia
783 863 889 913 doruber
906 862 970 911 noch
989 864 1014 911 in
1032 865 1126 912 seinem
1145 862 1231 911 Lebeu
1253 864 1402 914 reruehmeu
1420 862 1498 911 kann.
1523 862 1557 912 Es
1575 862 1647 912 hastt
1665 862 1722 914 deur
1740 862 1826 926 Tytb

466 933 558 994 Brnbe,
578 948 605 982 ro
624 932 664 982 ich
683 933 752 982 lhme
770 934 875 982 trenlich
892 933 1021 998 garathas,
1041 933 1088 983 viel
1107 933 1191 983 besser
1208 934 1317 997 gethan,
1344 949 1416 983 'eun
1434 948 1461 982 er
1478 933 1543 983 anch
1562 934 1610 983 den
1629 932 1744 998 gleichsn
1762 932 1827 1000 Νη

466 1007 493 1055 ln
511 1005 551 1054 die
568 1003 645 1054 Haud
663 1019 810 1068 genommen
829 1004 923 1054 haette.
943 1027 978 1037 -

556 1092 584 1141 In
602 1092 680 1142 literis
698 1092 723 1141 d.
746 1090 785 1139 12.
804 1091 863 1141 Jan.
884 1089 952 1140 tone
973 1091 1039 1140 datis
1057 1091 1156 1155 propius
1176 1090 1209 1140 nd
1226 1090 1300 1140 finem
1317 1092 1397 1154 operis
1417 1093 1455 1140 sui
1476 1090 1599 1141 secedent
1620 1092 1745 1156 Kepierns
1761 1091 1827 1145 lucc

467 1164 597 1215 nervam
616 1164 709 1220 scribit,
735 1178 766 1213 ex
782 1170 853 1226 parte
877 1170 994 1226 spectant
1019 1163 1105 1211 literas
1122 1161 1256 1218 Hervarti,
1275 1175 1337 1226 quas
1356 1162 1454 1212 enhibet
1473 1164 1602 1212 annotatio
1617 1171 1703 1213 ηοω
1717 1162 1762 1213 Nr.
1775 1161 1826 1213 70:

468 1235 580 1316 Optica
604 1254 662 1296 nnn
687 1236 776 1296 aliter
799 1236 954 1307 tractabo,
980 1234 1036 1294 nisi
1066 1241 1214 1312 quatenus
1238 1233 1277 1293 ad
1306 1235 1521 1295 astronomiam
1545 1244 1577 1295 et
1604 1236 1763 1314 speciatim
1787 1237 1826 1298 ad

471 1324 637 1388 doctrinam
671 1322 829 1403 eclipsium
860 1324 994 1402 adeoque
1019 1322 1058 1382 ad
1082 1321 1165 1383 solas
1189 1323 1252 1383 lere
1284 1322 1447 1384 diametros
1481 1323 1667 1385 luminarium
1698 1324 1825 1390 iaciunt.

468 1414 549 1477 Nam
580 1413 657 1474 inter
689 1412 785 1492 prima
816 1413 1012 1474 fundamenta
1043 1410 1175 1490 cognitio
1208 1410 1282 1472 haec
1314 1412 1461 1485 relertnr3
1494 1421 1526 1473 et
1556 1412 1605 1472 uel
1633 1412 1827 1482 Ptolemaeus

470 1502 590 1583 probat,
616 1500 761 1581 quamsit
779 1501 853 1562 haec
872 1500 999 1561 materia
1023 1499 1115 1578 digna
1133 1499 1219 1577 justo
1244 1507 1394 1571 tractatu;
1419 1500 1478 1579 qni,
1502 1519 1568 1561 cum
1594 1501 1723 1580 dioptris
1745 1502 1827 1582 Hip-

470 1589 576 1671 parchi
600 1590 757 1663 dillideret,
792 1588 1038 1668 quemadmodum
1069 1587 1153 1667 prius
1183 1587 1374 1667 Hipparchus
1407 1589 1600 1651 analemmati
1623 1589 1826 1667 Archimedis,

472 1679 510 1741 ad
533 1677 757 1757 inexplicabilia
772 1678 872 1740 media
895 1695 1057 1738 conversus
1073 1685 1130 1750 est,
1154 1677 1193 1738 de
1216 1676 1323 1756 quibus
1337 1676 1381 1737 sic
1395 1695 1452 1756 ego
1475 1678 1593 1739 sentio:
1618 1679 1828 1742 Ptolemaeum

472 1769 568 1849 ipsum
593 1766 639 1827 his
662 1786 720 1829 nou
755 1767 848 1828 fnisse
880 1766 1040 1838 conlisum,
1075 1763 1181 1826 sedin
1216 1765 1294 1845 quod
1318 1766 1495 1828 concludere
1528 1768 1675 1830 niteretur
1707 1769 1828 1841 aliunde

471 1863 638 1919 mutuatum
674 1856 761 1935 eique
790 1854 1088 1934 ‘argumentationem
1134 1853 1378 1915 accommodasse
1416 1855 1539 1918 fortuito
1575 1857 1827 1919 consentientem.

472 1947 556 2007 Duas
581 1944 658 2006 enim
681 1945 810 2024 eclipses
832 1943 978 2024 partiales
1001 1941 1031 2003 in
1056 1942 1162 2002 eadem
1185 1942 1335 2003 anomalia
1357 1943 1480 2016 sumsit,
1505 1944 1555 2005 nbi
1579 1945 1653 2006 haec
1675 1963 1827 2026 praesup-

472 2034 592 2113 posuit:
620 2031 654 2106 1)
679 2051 780 2094 ueram
794 2052 862 2094 esse
886 2031 1142 2093 ecceutricitatem
1162 2039 1195 2091 et
1217 2048 1384 2110 apogaeum
1410 2031 1502 2107 Solis,
1527 2050 1603 2113 qnae
1631 2034 1695 2113 ipse
1714 2035 1828 2113 posuit

472 2121 508 2195 2)
532 2121 646 2184 Verum
678 2130 791 2183 motum
823 2120 953 2183 medium
986 2119 1166 2182 latitudinis.
1214 2116 1249 2193 3)
1274 2119 1388 2182 Vemm
1421 2121 1562 2201 angulum
1594 2122 1765 2185 latitudiuis
1798 2121 1828 2186 in

473 2211 655 2290 eclipsibns3
684 2210 720 2272 de
749 2229 806 2291 quo
834 2228 891 2289 ego
920 2209 1033 2279 dubito.
1081 2207 1142 2269 Sed
1171 2208 1246 2270 haec
1274 2208 1456 2271 tolerabilia.
1501 2207 1539 2282 l)
1561 2211 1643 2291 Ergo
1672 2230 1775 2274 veram
1799 2212 1829 2273 in

474 2301 614 2380 scrupulo
639 2308 670 2360 et
693 2298 815 2361 dimidio
839 2299 903 2378 ejus
927 2297 1168 2358 aestimationem
1192 2296 1339 2360 defectus.
1377 2294 1446 2368 Qua
1468 2299 1570 2360 uuain
1590 2318 1624 2361 re
1641 2300 1711 2380 plns
1735 2301 1830 2363 errari

471 2396 576 2471 potest
607 2407 694 2470 quarn
719 2389 748 2448 iu
772 2387 961 2448 conclusione
994 2385 1110 2447 scilicet
1137 2386 1168 2446 in
1201 2386 1358 2447 diametris
1391 2386 1532 2449 luminum
1565 2388 1687 2450 tolerari
1719 2390 1829 2470 possit,

474 2479 606 2540 adeunt
637 2494 692 2557 per
724 2476 860 2554 dioptras
893 2475 981 2554 longe
1013 2474 1136 2554 propius
1179 2473 1368 2537 accedamus.
1418 2475 1498 2537 Nam
1528 2476 1641 2556 digitus
1669 2478 1830 2559 eclipticus

471 2564 536 2649 27,
564 2564 706 2645 scrupula
729 2571 876 2645 occupat;
901 2564 1013 2643 digitos
1035 2581 1106 2623 vero
1130 2563 1161 2623 iu
1176 2562 1263 2623 Luna
1277 2563 1343 2624 solo
1367 2562 1474 2626 intuitu
1499 2565 1705 2630 aestimamus.
1744 2568 1831 2629 Haec

473 2657 565 2736 igitur
587 2672 657 2714 vere
680 2655 791 2733 μεγαλα
813 2654 878 2714 lter
899 2650 1045 2729 ἀιτηματα
1068 2660 1147 2712 snut.

564 2741 705 2805 Ceterum
729 2761 804 2824 quae
828 2741 969 2803 monuisti
992 2740 1108 2821 pridem
1132 2739 1169 2801 de
1192 2740 1329 2819 partibus
1343 2740 1448 2802 Lunae
1465 2740 1634 2821 pellucidis,
1660 2744 1831 2825 argumenti

474 2851 546 2915 pars
570 2838 666 2905 erunt,
691 2831 798 2910 quibus
822 2848 878 2909 ego
901 2830 969 2910 plns
993 2829 1109 2902 tribuo,
1135 2847 1223 2908 qnam
1249 2828 1410 2891 recentiori
1440 2830 1634 2894 admonitioni
1658 2832 1695 2893 de
1719 2832 1831 2896 circulo

474 2918 701 2985 illuminationis
734 2919 859 2993 minori;
891 2937 967 2998 qnae
997 2917 1170 2979 differentia
1193 2936 1250 2978 uon
1274 2926 1323 2978 est
1355 2917 1493 2980 sensibus
1525 2920 1741 3001 perceptibilis.
1783 2923 1832 2985 Ac

475 3012 533 3073 etsi
557 3009 587 3071 id
611 3008 661 3080 sit,
685 3017 787 3070 tamen
806 3007 885 3069 idem
908 3024 1001 3088 prope
1017 3006 1076 3067 erit
1088 3007 1119 3068 iu
1141 3023 1276 3086 apogaeo
1291 3013 1323 3066 et
1340 3007 1482 3088 perigaen
1497 3008 1621 3071 Lunae:
1647 3010 1687 3071 ad
1709 3026 1832 3073 sensnm

475 3099 567 3182 igitur
596 3096 667 3160 nihil
701 3097 775 3159 facit
805 3096 924 3158 differre
958 3094 1085 3156 circulos
1109 3114 1163 3156 sen
1189 3092 1314 3155 visionis
1344 3114 1396 3156 seu
1428 3096 1656 3160 illuminationis
1678 3119 1698 3160 a
1720 3098 1833 3162 circulo

475 3189 556 3266 globi
580 3188 721 3260 maximo,
745 3205 811 3247 curn
834 3184 971 3264 utrinque
996 3192 1027 3244 et
1049 3183 1079 3244 iu
1104 3201 1239 3263 apogaeo
1262 3190 1295 3244 et
1317 3184 1346 3245 in
1368 3183 1512 3265 perigaeo
1535 3186 1685 3250 differant.
1731 3187 1833 3251 Exul·

475 3278 626 3340 tabundns
650 3276 769 3355 quidem
792 3274 869 3336 hauc
892 3272 1125 3334 admonitionem
1150 3270 1217 3350 legi,
1242 3272 1312 3352 quia
1333 3282 1456 3352 praeter
1487 3283 1618 3337 mentem
1643 3285 1727 3339 tuam
1751 3278 1833 3341 alte·

476 3366 538 3428 rius
561 3364 604 3426 rei
628 3363 782 3425 admoneri
805 3362 939 3435 uidebar,
965 3379 1041 3440 quae
1064 3360 1137 3422 talis
1161 3369 1227 3421 est:
1252 3362 1370 3440 quando
1385 3362 1473 3424 Luna
1495 3371 1592 3427 totum
1616 3363 1720 3428 Solem
1743 3367 1832 3448 tegit,

477 3472 578 3516 mucro
602 3452 725 3514 umbrae
749 3470 807 3513 non
832 3451 1011 3513 terminatur
1034 3449 1062 3510 iu
1087 3448 1243 3528 superficie
1266 3449 1350 3511 visus
1373 3452 1426 3512 sed
1445 3451 1525 3514 infra
1547 3454 1712 3517 descendit.
1749 3456 1834 3520 Tunc

476 3561 549 3622 ergo
572 3540 649 3603 alius
673 3542 802 3603 circulus
825 3549 856 3601 et
880 3538 975 3601 minor
1008 3537 1126 3617 quidem
1160 3538 1302 3599 terminat
1324 3540 1422 3601 risum
1453 3549 1605 3616 nostrum,
1636 3543 1713 3605 alins
1736 3546 1835 3625 major

477 3642 509 3694 et
532 3629 668 3710 superior
691 3649 797 3709 nempe
822 3629 966 3690 terminat
989 3626 1248 3689 illuminationem.
1287 3624 1404 3690 Contra
1426 3631 1544 3709 quando
1567 3631 1696 3694 circulus
1710 3632 1740 3694 in
1760 3632 1834 3697 Sole

475 3719 670 3800 relinquitur,
708 3718 814 3779 nrnbra
846 3736 938 3797 supra
973 3716 1069 3777 visum
1099 3717 1129 3778 in
1162 3734 1333 3778 mucronem
1366 3718 1560 3794 absorbetur,
1585 3727 1657 3782 tnnc
1680 3722 1780 3802 major
1803 3731 1836 3786 et

475 3808 613 3890 superior
636 3816 684 3868 est
708 3807 837 3869 circulus
861 3825 918 3885 quo
943 3804 1025 3866 visus
1058 3803 1236 3867 terminatur
1259 3824 1295 3866 eo
1319 3804 1444 3882 circulo,
1478 3827 1536 3887 qno
1559 3809 1740 3873 terminatur
1763 3811 1835 3875 illn-

475 3898 621 3972 minatio;
655 3904 725 3957 tunc
758 3914 830 3974 ergo
863 3894 1011 3956 cernimus
1035 3894 1138 3956 Lunae
1162 3902 1279 3973 partem
1303 3902 1398 3957 totam
1430 3894 1589 3960 obscuram
1613 3906 1645 3959 et
1673 3909 1837 3980 praeterea

476 3988 618 4051 circulum
655 3985 737 4047 circa
770 3984 852 4045 illam
885 3982 1093 4046 illuminatum.
1148 3982 1250 4043 Subiit
1282 4002 1353 4063 ergo
1385 3984 1533 4060 animum,
1567 4006 1605 4048 an
1628 3986 1678 4048 hic
1702 3987 1836 4052 sortasse

476 4077 604 4152 circulus
634 4074 684 4136 ille
715 4071 765 4147 sit,
800 4091 886 4152 quem
918 4091 952 4133 se
986 4069 1142 4133 Clarius
1175 4070 1256 4131 circa
1277 4071 1395 4133 Lunam
1427 4073 1540 4136 vidisse
1568 4075 1613 4138 ait
1645 4076 1836 4155 existimans,

476 4173 580 4247 partes
604 4182 671 4226 esse
696 4160 778 4224 Solis
812 4169 972 4232 extantes,
1010 4178 1076 4220 cum
1114 4157 1224 4219 inerint
1246 4169 1350 4239 partes
1374 4162 1478 4223 Lunae
1508 4161 1623 4226 aSole
1645 4165 1838 4230 illuminatae

476 4260 574 4325 [comp.
612 4267 698 4310 unos.
736 4256 792 4320 80).
843 4250 906 4312 Sed
942 4248 1018 4309 haec
1056 4245 1221 4327 phantasia
1261 4266 1295 4309 se
1334 4249 1402 4328 ipsa
1441 4251 1597 4315 refellitur.
1661 4254 1741 4317 Nam
1779 4256 1838 4320 hoc

480 4342 655 4421 contingere
677 4359 737 4402 uon
759 4347 863 4419 potest
886 4345 920 4399 nt
943 4337 1036 4398 talem
1060 4334 1203 4397 circulum
1226 4335 1305 4399 circa
1327 4338 1445 4401 Lunam
1472 4340 1642 4417 videamus,
1666 4342 1724 4405 nisi
1747 4344 1839 4408 simul

476 4440 510 4495 et
532 4448 601 4492 vere
625 4429 802 4492 circularem
817 4426 900 4491 Solis
923 4425 1046 4487 limbum
1070 4441 1162 4503 supra
1175 4424 1293 4487 Lunam
1317 4444 1473 4491 cernamus
1496 4437 1661 4493 extantem.
1698 4429 1743 4494 Et
1766 4441 1840 4496 tunc

476 4521 581 4583 Lunae
606 4518 702 4579 lumen
734 4516 920 4578 illuminatae
944 4521 1151 4592 comparatum
1185 4513 1287 4576 lumini
1310 4512 1392 4578 Solis
1422 4517 1638 4599 multomagis
1663 4530 1839 4599 evanescet,

477 4628 514 4671 ac
537 4622 630 4670 comn
652 4607 756 4668 Lunae
780 4605 810 4666 iu
844 4605 910 4684 ipso
943 4600 1093 4662 novilunio
1124 4619 1181 4661 non
1216 4603 1355 4683 ecliptico
1389 4606 1552 4669 evanescit.
1599 4605 1729 4690 Semper
1760 4612 1841 4673 enim

476 4716 568 4761 cornu
587 4694 773 4775 relinquitur.
793 4703 827 4755 ut
841 4712 898 4754 non
920 4690 1017 4752 dicam
1037 4690 1074 4749 de
1090 4707 1136 4762 eu,
1157 4692 1235 4769 quod
1257 4692 1428 4754 insensibile
1444 4695 1487 4769 lit,
1508 4695 1650 4776 quidquid
1671 4697 1758 4777 hujus
1780 4710 1839 4764 est.

564 4800 689 4863 Keplerns
708 4811 783 4862 snpra
799 4797 915 4861 temporis
931 4796 1039 4858 spatium
1054 4790 1071 4842 8
1088 4795 1281 4857 septimanarum
1300 4800 1471 4856 constituerat,
1488 4815 1535 4865 quo
1552 4800 1668 4865 Optimi
1686 4804 1842 4867 proditum„

475 4880 595 4939 speraret.
633 4870 683 4920 Sed
701 4884 751 4919 uon
769 4877 798 4918 ut
817 4868 925 4933 speravit
943 4866 1062 4915 successit
1078 4865 1161 4921 labor,
1181 4882 1237 4916 cum
1256 4884 1341 4919 mense
1357 4870 1420 4933 Maji
1440 4868 1508 4920 160³
1525 4870 1591 4922 haec
1606 4872 1738 4925 nenses
1754 4875 1842 4927 duct:

564 4962 600 5023 In
624 4977 691 5020 meo
715 4957 828 5017 salario
852 4954 1027 5034 acquiesco,
1061 4955 1145 5033 cujus
1178 4958 1312 5020 subsidio
1337 4959 1366 5020 iu
1394 4961 1536 5040 operibus
1567 4961 1642 5023 meis
1678 4965 1841 5043 paullatim

474 5049 625 5133 procedo;
649 5046 804 5127 spinosam
829 5042 956 5122 Optices
984 5042 1152 5104 doctrinam
1179 5046 1298 5126 suscepi
1323 5058 1355 5109 et
1377 5050 1445 5128 plus
1473 5050 1511 5110 de
1534 5049 1778 5130 Paralipomenis
1796 5054 1842 5124 ,ad

478 5138 674 5201 Vitelliouem
699 5152 788 5215 quam
812 5132 849 5193 de
873 5131 1076 5193 astronomiae
1098 5142 1187 5212 parte
1210 5132 1324 5214 Optica
1346 5155 1413 5199 snm
1436 5138 1595 5201 sollicitus.
1634 5139 1736 5203 Locus
1759 5141 1842 5205 ims-
