4584 6192
473 609 537 677 382
964 607 1135 661 Astronomias
1154 608 1215 661 Part
1234 608 1331 675 Optiea

471 788 550 852 enirn
573 787 700 849 risibilis
724 787 774 847 via
788 786 891 847 Lunae
915 785 1014 864 duplo,
1038 784 1138 863 triplo,
1163 786 1328 865 quadruplo
1344 793 1393 847 est
1415 783 1564 866 obliquior
1577 787 1615 847 ad
1640 787 1825 866 eclipticam,

472 897 564 959 quare
589 875 680 938 etiam
703 874 873 937 obscuratio
899 874 1028 935 maxima
1052 873 1089 935 ab
1113 873 1239 935 articulo
1263 873 1390 935 visibilis
1419 872 1637 952 conjunctionis
1662 878 1827 939 secundum

473 966 689 1047 longitudinem
712 964 812 1027 differt
831 962 965 1041 amplius,
990 969 1023 1023 et
1046 969 1184 1042 tempora
1214 963 1365 1040 ingressus
1390 971 1422 1023 et
1449 963 1623 1025 emersionis
1657 965 1826 1028 variantur.

559 1054 720 1133 Apponam
752 1059 850 1112 autem
873 1051 921 1111 hio
951 1051 1186 1129 experimentum
1210 1070 1248 1110 ex
1275 1051 1711 1127 observationibusWalteri,
1747 1056 1827 1134 quod

471 1161 519 1206 me
543 1142 708 1204 diutissime
740 1140 927 1201 aberrantem
951 1139 980 1199 in
1004 1138 1082 1199 viam
1110 1140 1231 1200 tandem
1265 1140 1404 1213 reduxit3
1436 1139 1487 1200 nbi
1515 1141 1593 1217 quod
1617 1142 1647 1202 iu
1676 1142 1827 1221 conjunc-

471 1231 602 1296 tionibus
626 1231 712 1308 inque
735 1227 822 1289 nodis
844 1227 907 1289 lieri
931 1226 1071 1301 mirabar,
1096 1229 1173 1289 idern
1198 1236 1332 1307 tempore
1356 1228 1598 1301 intermenstruo,
1622 1230 1711 1291 Luna
1734 1231 1826 1294 dimi-

472 1321 557 1382 diata
579 1314 640 1381 37ο
662 1338 680 1378 a
703 1317 780 1377 nodo
804 1323 927 1387 remota,
953 1316 1048 1376 visum
1073 1316 1232 1395 aliquando
1256 1316 1356 1378 didici.

484 1449 488 1452 -
560 1406 667 1468 Refert
690 1424 761 1484 ergo
784 1404 977 1466 Bernhardus
996 1404 1180 1477 Waltherus,
1206 1422 1283 1465 anno
1307 1399 1400 1468 ¹482.
1425 1404 1472 1465 die
1500 1402 1702 1467 tatararii
1726 1426 1826 1483 mane,

472 1496 551 1559 horis
583 1495 697 1556 duabus
720 1512 786 1555 cum
817 1492 940 1554 dimidia
970 1500 1039 1554 ante
1063 1491 1144 1556 Solis
1176 1500 1272 1553 ortum
1304 1493 1401 1554 visam
1424 1493 1481 1553 sibi
1514 1510 1582 1553 esse
1613 1494 1732 1555 Lunam
1760 1496 1826 1574 jam

470 1584 681 1665 propemodum
713 1582 858 1643 bisectam
890 1582 929 1642 ad
953 1580 1115 1643 Saturnum
1146 1581 1284 1655 advolvi,
1318 1599 1405 1659 quem
1437 1589 1469 1644 et
1500 1590 1609 1660 postea
1641 1602 1709 1643 cnm
1733 1584 1828 1663 ‘circa

471 1672 664 1735 meridianum
687 1678 860 1732 versaretur
882 1668 1002 1731 texerit.
1048 1670 1219 1748 Descriptio
1243 1669 1286 1730 sic
1309 1669 1411 1732 habet.
1457 1681 1525 1734 com
1558 1681 1639 1735 Luna
1674 1682 1770 1736 tuerat
1798 1684 1826 1737 in

470 1763 569 1817 ultima
596 1763 767 1832 quadratura
787 1766 838 1813 aut
865 1759 951 1823 circa,
980 1759 1076 1830 utique
1105 1759 1251 1815 deficiebat
1271 1778 1308 1814 ex
1336 1765 1417 1829 parte
1448 1760 1605 1813 occidentis.
1647 1762 1685 1814 Et
1715 1765 1826 1832 quando

470 1843 558 1913 primo
579 1842 747 1904 intuebatur,
769 1840 898 1893 videlieet
918 1839 991 1893 circa
1011 1838 1063 1907 2¹1,
1087 1841 1170 1893 horas
1196 1846 1262 1894 ante
1288 1845 1377 1894 ortum
1398 1840 1483 1905 Solis,
1512 1840 1640 1910 fueratt
1662 1841 1827 1896 orientalior

470 1928 551 1998 effiut
571 1921 701 1992 apparuit
720 1918 924 1975 meridionalior
944 1920 1038 1983 Luna,
1060 1920 1166 1973 distans
1186 1937 1237 1990 per
1258 1922 1325 1973 duas
1346 1921 1449 1974 Lunae.
1490 1920 1594 1975 Postea
1614 1919 1827 1976 intervenerunt

470 1999 565 2065 nubes,
588 2003 658 2073 quod
684 2000 845 2070 principium
873 2016 984 2053 cernere
1005 2018 1058 2053 nou
1081 1999 1166 2069 potui.
1207 1999 1333 2054 Judicavi
1354 2006 1447 2054 autern
1466 2017 1516 2071 pro
1538 2007 1629 2064 certo,
1651 2004 1722 2071 quod
1743 2002 1827 2056 Luna

470 2099 555 2137 cornu
576 2081 693 2136 australi
715 2080 925 2151 apprehensura
944 2086 1006 2133 erat
1020 2080 1177 2135 Saturnum.
1205 2078 1274 2133 Post
1287 2082 1358 2150 quod
1380 2086 1474 2135 autem
1493 2080 1650 2135 revidebam
1665 2081 1824 2145 Saturnum,

470 2160 595 2216 distabat
615 2160 642 2213 in
663 2160 797 2215 diametro
818 2162 853 2213 ad
874 2157 940 2211 duos
962 2158 1064 2230 digitos
1084 2160 1129 2212 rel
1151 2158 1222 2214 citra
1241 2176 1260 2212 a
1280 2175 1362 2212 cornu
1384 2160 1614 2229 septentrionali:
1637 2168 1667 2214 et
1685 2168 1744 2216 tum
1765 2162 1825 2215 rice

469 2256 552 2296 versa
574 2256 709 2312 apparere
739 2239 890 2310 reincepit:
920 2238 1073 2293 transivere
1098 2238 1159 2307 Jam
1188 2238 1303 2292 medium
1329 2240 1406 2293 coeli.
1448 2241 1489 2294 Eo
1510 2257 1576 2293 rero
1606 2244 1731 2310 tempore
1753 2244 1826 2312 quod

470 2321 586 2376 medium
607 2320 691 2390 hujus
713 2320 847 2390 eclipseos
864 2318 998 2388 judicari,
1019 2319 1112 2389 accepi
1135 2317 1307 2373 altitudinem
1328 2318 1426 2374 Lunae
1447 2320 1506 2373 lere
1527 2319 1554 2374 in
1576 2319 1651 2374 linea
1671 2320 1826 2376 meridiana

471 2401 628 2464 existentis,
650 2407 680 2454 et
698 2398 789 2470 reperi
811 2397 871 2455 32⁰.

557 2482 587 2534 Id
609 2482 680 2551 quod
701 2495 787 2549 supra
806 2479 894 2549 posui,
916 2478 1046 2537 videlieet
1064 2480 1172 2534 Lunam
1198 2479 1285 2550 primo
1306 2480 1453 2534 Saturnum
1475 2480 1718 2549 apprehensuram
1740 2498 1825 2535 cornu

469 2560 603 2625 australi,
635 2577 700 2614 non
730 2560 875 2614 videtur
900 2559 1093 2629 possibile,
1125 2560 1393 2613 considerando
1414 2559 1501 2614 viam
1521 2560 1652 2614 Lunae.
1696 2561 1753 2614 Sed
1772 2561 1825 2616 boa

471 2642 579 2712 quidem
601 2640 742 2695 evidenter
763 2639 902 2709 apparuit,
922 2639 1072 2695 Saturnum
1084 2639 1113 2693 in
1132 2640 1266 2694 diametro
1279 2641 1376 2694 Lunae
1397 2654 1415 2693 a
1435 2656 1519 2692 cornu
1539 2639 1755 2709 septentrionali
1774 2656 1825 2711 per

470 2731 537 2783 duos
558 2729 660 2800 digitos
682 2736 732 2782 aut
752 2728 825 2782 circa
850 2725 1049 2793 distitisse.¹¹²)
1086 2717 1204 2797 Dignus
1222 2725 1270 2779 est
1289 2728 1320 2780 ει
1343 2726 1448 2780 auctor
1470 2718 1570 2779 clarus
1594 2725 1626 2779 et
1649 2719 1824 2782 observatio

438 2876 441 2885 ⁸
471 2807 600 2885 diligens
622 2815 654 2869 et
674 2806 829 2887 imprimis.
853 2806 938 2885 cujus
961 2825 1054 2868 causa
1078 2806 1156 2869 hauc
1179 2806 1362 2879 adducimus,
1388 2813 1422 2867 ut
1445 2825 1503 2867 non
1525 2807 1621 2868 minus
1647 2806 1824 2885 diligentiae

469 2896 499 2958 in
525 2914 562 2957 ea
583 2896 778 2975 ponderanda
801 2894 1006 2957 adhibeamus.

558 2983 607 3047 Sit
639 3003 711 3065 ergo
744 2984 891 3047 diameter
920 2984 1024 3046 Lunae
1058 3001 1110 3044 seu
1142 2982 1237 3045 sectio
1273 2982 1415 3044 dirimens
1451 2991 1567 3061 partem
1601 2984 1752 3045 lucentem
1786 2984 1825 3046 ab

601 3118 648 3184 rig
677 3116 727 3167 127
867 3071 995 3135 obscura
1017 3072 1085 3139 AL,
1110 3079 1142 3133 et
1165 3072 1206 3133 sit
1228 3072 1255 3133 Ε
1277 3091 1349 3151 pars
1373 3069 1515 3132 deficiens
1539 3071 1569 3133 iu
1597 3082 1702 3150 partes
1726 3072 1824 3152 eclip-

649 3156 655 3167 '
729 3153 735 3166 ’
869 3160 948 3223 ticae
972 3163 1041 3233 (sen
1064 3160 1167 3223 circuli
1190 3160 1311 3222 maximi
1334 3179 1388 3239 per
1404 3158 1505 3222 Solem
1529 3170 1561 3221 et
1583 3162 1717 3234 Lunam)
1742 3161 1822 3222 occi·

765 3224 780 3257 Β
868 3250 1015 3323 dentales,
1031 3249 1058 3311 D
1074 3249 1102 3310 in
1121 3256 1225 3329 partes
1241 3249 1402 3312 orientales
1421 3267 1527 3310 versus
1543 3248 1655 3312 Solem.
1688 3250 1828 3312 Ducatur

829 3359 845 3401 ι
868 3337 927 3418 ipsi
950 3338 1007 3400 LA
1030 3338 1070 3399 ad
1093 3346 1193 3400 rectos
1216 3338 1296 3400 linea
1314 3335 1371 3400 AC
1395 3338 1573 3416 contingens
1597 3339 1715 3399 Lunam
1738 3339 1769 3400 in
1784 3342 1825 3400 A.

484 3264 840 3653 μ
868 3423 944 3488 Cum
969 3446 1040 3506 ergo
1064 3427 1152 3488 Luna
1173 3427 1263 3506 paulo
1286 3428 1353 3507 plus
1382 3427 1549 3506 quadrante
1580 3424 1674 3490 distet
1698 3448 1717 3488 a
1741 3425 1825 3499 Sole,

867 3514 994 3578 circulus
1027 3534 1098 3595 ergo
1129 3533 1257 3595 maguus
1287 3534 1341 3595 per
1368 3515 1427 3577 AL
1458 3514 1650 3577 continuatus
1682 3516 1827 3577 transibit

865 3622 919 3682 per
951 3604 1036 3683 polos
1061 3612 1092 3666 et
1123 3604 1281 3684 eclipticae
1306 3611 1336 3665 et
1366 3603 1467 3666 circuli
1501 3604 1602 3683 magni
1635 3623 1690 3683 per
1720 3613 1827 3666 centra

470 3687 610 3751 luminum
635 3688 716 3753 ducti
741 3695 1095 3775 secabitqueutrumque
1120 3693 1292 3755 adrectos.
1329 3693 1371 3755 Et
1394 3692 1510 3755 illorum
1535 3693 1712 3754 circulorum
1737 3713 1827 3756 arcus

469 3777 549 3839 circa
573 3776 649 3842 huno
682 3782 858 3859 quadrantis
892 3784 987 3845 locum
1011 3791 1098 3844 erunt
1130 3782 1342 3861 propemodum
1370 3782 1528 3860 paralleli;
1561 3790 1647 3842 secat
1671 3800 1743 3843 vero
1767 3782 1826 3844 AL

468 3873 501 3928 ει
524 3865 633 3928 lineam
656 3867 713 3931 Ao
738 3872 775 3932 ad
800 3881 909 3935 rectos.
956 3872 1037 3950 Ergo
1056 3868 1112 3933 Ac
1138 3878 1170 3931 et
1192 3870 1349 3950 eclipticae
1373 3879 1405 3930 et
1428 3871 1538 3931 circulo
1562 3890 1616 3950 per
1640 3870 1755 3931 lumina
1778 3880 1827 3931 est

470 3955 687 4036 quodammodo
711 3961 885 4039 parallelos.
932 3960 1002 4021 Fiat
1023 3957 1080 4023 Ac
1106 3959 1196 4038 dupla
1220 3960 1258 4019 ad
1282 3958 1354 4030 AL,
1386 3959 1547 4020 secundum
1572 3960 1650 4037 quod
1674 3957 1826 4022 Saturnus

469 4045 507 4106 ab
531 4043 616 4106 initio
640 4046 723 4109 visus
748 4058 796 4111 est
827 4050 942 4112 duabus
966 4048 1060 4109 Lunis
1093 4048 1201 4108 abesse
1225 4067 1244 4107 a
1266 4048 1371 4121 Luna,
1397 4049 1481 4109 etin
1506 4045 1530 4109 C
1555 4056 1710 4109 statuatur
1734 4049 1826 4109 stella

469 4130 603 4206 Saturni,
630 4154 705 4214 quae
730 4136 785 4198 hoo
810 4138 869 4200 situ
894 4137 1115 4198 meridionalior
1138 4155 1210 4196 sane
1241 4136 1390 4197 videbitur
1413 4136 1499 4197 Luna
1523 4136 1551 4197 in
1575 4136 1633 4197 AL
1657 4135 1743 4215 (quia
1768 4134 1825 4198 Ac

469 4230 518 4283 est
543 4221 700 4299 eclipticae
723 4227 901 4304 parallelos)
922 4234 953 4286 et
975 4225 1094 4286 omnino
1110 4225 1137 4285 in
1160 4225 1219 4285 situ
1243 4226 1306 4299 tali,
1328 4232 1361 4286 ut
1379 4223 1406 4284 si
1421 4225 1525 4286 Lunae
1550 4233 1686 4286 centrum
1710 4224 1825 4285 directe

468 4329 573 4372 versus
596 4310 624 4370 D
649 4311 686 4371 ad
711 4311 813 4375 Solem
838 4316 1006 4386 accederet,
1030 4332 1119 4373 cornu
1146 4314 1210 4391 ejus
1235 4315 1262 4374 A
1287 4312 1451 4375 Saturnum
1475 4313 1504 4374 in
1529 4312 1554 4374 C
1579 4313 1714 4393 praecise
1740 4332 1824 4374 com-

466 4397 684 4478 prehensurum
716 4402 866 4465 videatur.
912 4402 981 4464 Jam
1015 4404 1132 4482 quando
1157 4401 1306 4463 Saturnus
1336 4401 1391 4462 fuit
1423 4409 1572 4473 retectus,
1606 4402 1676 4482 quia
1700 4409 1773 4462 tuno
1796 4402 1825 4461 in

468 4489 615 4552 diametro
645 4489 750 4552 Lunae
782 4493 897 4555 duobus
928 4491 1032 4570 digitis
1063 4491 1170 4552 abesse
1202 4491 1285 4551 visus
1322 4490 1379 4551 tuit
1410 4510 1429 4551 a
1459 4509 1548 4551 cornu
1582 4489 1823 4568 septentrionali,

468 4577 619 4639 dividatur
641 4577 700 4639 AL
724 4580 887 4644 diametros
911 4581 939 4642 in
964 4588 1066 4658 partes
1091 4577 1120 4652 6,
1145 4578 1243 4657 sitque
1268 4587 1356 4639 sexta
1379 4575 1466 4639 ve12
1490 4578 1578 4658 digiti
1596 4578 1649 4639 Lu
1672 4587 1704 4638 ει
1728 4578 1825 4657 perF

467 4673 550 4728 recta
574 4665 611 4726 ad
637 4676 736 4728 rectos
761 4669 816 4748 ipsi
839 4669 897 4731 LA
921 4669 1063 4741 ducatur,
1094 4686 1200 4728 secans
1228 4666 1498 4729 circumferentiam
1522 4667 1552 4727 in
1577 4664 1620 4739 G,
1646 4666 1684 4738 ll,
1710 4674 1743 4726 et
1766 4666 1824 4744 ipsi

469 4753 529 4817 GH
552 4755 688 4833 aequalis
712 4756 741 4817 in
765 4756 822 4819 AO
846 4777 933 4837 porro
957 4755 1145 4828 extendatur,
1172 4774 1246 4834 quae
1270 4757 1312 4817 sit
1331 4754 1381 4828 CI,
1398 4766 1430 4816 et
1448 4774 1501 4835 per
1520 4753 1586 4830 0,1
1610 4762 1723 4832 puncta
1747 4754 1824 4815 scri-

467 4844 556 4905 batur
579 4843 703 4904 schema
725 4864 777 4906 seu
801 4846 929 4908 circulus
952 4846 1067 4906 Lunae.
1115 4841 1191 4905 Cum
1214 4844 1293 4905 eninr
1312 4844 1399 4906 Luna
1423 4853 1455 4904 ut
1477 4844 1559 4922 prius
1583 4844 1613 4903 in
1638 4843 1826 4920 quadratura

467 4938 612 5005 versetur,
636 4931 775 4994 diametri
799 4954 852 4998 seu
875 4933 994 4997 termini
1019 4930 1183 4993 luminosae
1211 4932 1308 5011 partis
1330 4932 1361 4993 in
1385 4937 1510 5012 utroque
1538 4931 1692 4993 schemate
1716 4950 1825 4993 mane-

468 5019 541 5080 bunt
570 5019 705 5098 proxime
729 5023 877 5101 paralleli,
902 5030 934 5084 et
957 5022 1053 5082 eidem
1078 5018 1134 5082 CA
1158 5020 1197 5081 ad
1226 5030 1324 5082 rectos
1357 5028 1453 5083 erunt.
1500 5021 1542 5082 Et
1565 5021 1609 5081 sic
1639 5022 1826 5100 geometrice

468 5107 621 5169 delineata
643 5110 701 5171 erit
723 5111 798 5172 baec
824 5112 973 5173 Waltheri
997 5109 1180 5171 observatio.
