4584 6192
421 618 487 685 515
1031 608 1170 659 Dedimus.

421 794 604 861 astronomis
627 786 858 872 perplexissima
885 793 916 845 et
948 783 1030 844 varie
1063 783 1207 861 impedita
1231 782 1387 860 occupatio
1411 781 1439 842 in
1464 780 1599 859 planetis
1626 802 1801 864 eorumque

419 887 512 947 variis
537 894 568 945 et
591 877 824 943 intricatissimis
849 873 1008 934 erroribus.
1055 870 1312 941 Quemadmodum
1335 889 1407 931 vero
1431 888 1533 930 mense
1559 868 1699 933 Octobri
1725 873 1799 935 anni

422 969 509 1039 1604
533 979 655 1051 praeter
679 973 853 1029 consuetum
878 963 995 1021 hostem
1019 979 1113 1019 norae
1139 958 1167 1019 in
1191 958 1326 1036 Ungaria
1349 960 1454 1020 turbae
1479 958 1689 1034 exstiterunt,
1718 981 1798 1040 quae

420 1064 549 1125 animum
574 1068 605 1119 et
628 1075 715 1117 curas
740 1052 771 1113 S.
796 1049 886 1113 Caes.
911 1049 1032 1126 Majest.
1058 1049 1133 1121 Vm,
1161 1048 1190 1107 in
1214 1047 1319 1107 Turcis
1343 1055 1522 1125 occupatas,
1555 1048 1703 1109 nonnihil
1728 1058 1796 1111 tur·

419 1152 530 1213 barunt
554 1157 585 1207 et
608 1147 638 1205 iu
662 1162 729 1203 sese
753 1139 986 1201 transtulerunt:
1021 1136 1063 1196 sic
1087 1137 1190 1196 eodem
1216 1154 1316 1194 mense
1348 1144 1455 1195 exorta
1479 1135 1570 1195 Nora
1594 1135 1677 1197 haec
1703 1138 1798 1200 stella

420 1256 529 1300 novum
552 1236 580 1295 in
606 1229 790 1292 astronomia
811 1226 930 1305 peperit
953 1225 1084 1286 lahorem
1119 1234 1150 1285 et
1182 1224 1278 1302 ipsum
1310 1242 1363 1301 per
1396 1243 1428 1283 se
1459 1224 1573 1283 lentum
1612 1224 1654 1284 ob
1682 1226 1795 1287 stellae

420 1324 663 1393 diutumitatem3
689 1328 719 1378 et
743 1336 800 1395 quo
816 1312 1008 1390 investigatio
1024 1323 1156 1373 motuum
1171 1310 1403 1390 planetariorum
1418 1312 1567 1371 hactenus
1588 1313 1795 1376 vehementer

420 1413 568 1493 impedita
591 1409 656 1470 fuit.
704 1406 851 1475 Rursum,
884 1420 940 1482 quo
965 1402 1092 1462 maxime
1116 1411 1250 1478 ternpore
1274 1398 1306 1460 S.
1333 1399 1368 1460 C.
1394 1401 1460 1460 Mu.
1493 1400 1537 1458 V·
1571 1404 1794 1480 compositioni

420 1518 520 1564 rerum
542 1496 761 1575 Ungaricarum
786 1510 906 1571 operam
931 1490 1029 1563 dedit,
1062 1489 1212 1566 expeditis
1245 1497 1275 1549 et
1307 1488 1468 1567 pensitatis
1501 1488 1613 1550 mediis
1649 1491 1726 1552 huic
1749 1493 1792 1553 rei

419 1586 621 1653 salutaribus:
656 1583 759 1644 eodem
790 1582 852 1640 fere
884 1577 1029 1657 temporis
1053 1585 1151 1637 tractu
1180 1575 1342 1637 astronomi
1374 1577 1402 1637 in
1435 1575 1644 1657 descriptione
1672 1578 1793 1641 Stellae

419 1680 578 1747 sudarunt,
623 1690 736 1749 egoque
775 1667 918 1746 plurimus
959 1664 999 1725 fui
1032 1664 1061 1724 in
1095 1665 1268 1727 adornando
1302 1674 1333 1725 et
1370 1665 1544 1725 excudendo
1579 1665 1640 1726 hoe
1678 1667 1791 1730 libello.

420 1767 565 1843 Adeoque
599 1761 695 1822 multa
727 1758 872 1817 hactenus
904 1753 1098 1833 particularia
1131 1773 1164 1814 se
1195 1754 1472 1825 accommodarunt,
1506 1761 1541 1812 ut
1575 1754 1704 1832 quoties
1729 1758 1791 1818 fere

420 1850 585 1916 turbulenti
606 1866 741 1911 rumores
766 1843 804 1904 ad
828 1863 881 1903 nos
906 1862 943 1903 ex
966 1842 1101 1920 Ungaria
1132 1841 1256 1921 perlati,
1290 1840 1381 1902 toties
1414 1860 1493 1901 nova
1526 1841 1634 1921 aliqua
1668 1864 1790 1906 remora

418 1942 487 2003 huic
512 1936 711 2000 editiunculae
734 1931 944 1993 interveniret:
978 1930 1095 2009 pacatis
1123 1949 1195 1990 vero
1227 1929 1286 1989 illis
1325 1937 1356 1990 et
1378 1930 1439 1989 ista
1463 1930 1686 1992 succederent:
1716 1952 1788 2012 per-

420 2046 559 2092 sonarum
584 2024 709 2103 denique
733 2029 764 2082 et
788 2019 941 2099 qualitatis
965 2037 1062 2078 rerum
1087 2019 1191 2078 crebra
1215 2026 1297 2077 esset
1320 2019 1437 2079 allusio.
1447 2014 1470 2085 ¹)

507 2117 577 2179 Non
601 2113 679 2193 quod
709 2111 839 2170 animum
868 2107 923 2168 hac
952 2106 1165 2186 superstitione
1196 2115 1314 2167 teneam
1347 2106 1549 2185 inquinatum,
1588 2115 1622 2167 ut
1654 2110 1787 2182 credam,

419 2205 495 2268 haec
531 2202 574 2265 sic
608 2198 694 2261 fatali
726 2198 793 2276 lege
826 2196 1000 2268 cohaerere,
1035 2196 1084 2274 qui
1118 2214 1154 2256 ne
1187 2194 1261 2255 coeli
1295 2194 1411 2274 quidem
1435 2193 1622 2272 perennibus
1648 2198 1785 2259 cursibus

420 2312 516 2355 rerum
541 2291 734 2352 humanamm
761 2292 885 2346 eventus
910 2302 1042 2344 annexos
1065 2303 1132 2343 esse
1158 2283 1305 2344 concedo:
1331 2284 1383 2344 sed
1400 2283 1468 2361 qnia
1485 2283 1590 2344 nescio
1607 2303 1669 2363 quo
1684 2293 1783 2365 pacto,

419 2382 506 2444 utin
531 2378 683 2440 fossilibus
707 2375 874 2437 rudimenta
897 2372 1043 2451 quaedam
1066 2373 1265 2450 perfectarum
1290 2371 1448 2450 figurarum
1472 2391 1586 2450 magna
1610 2393 1681 2435 cum
1706 2374 1783 2435 hila·

419 2470 512 2532 ritate
536 2469 692 2539 iutuemnr,
716 2464 795 2523 inter
817 2461 951 2542 pretios'a
975 2480 1176 2535 asservamus,
1200 2460 1341 2539 caeloque
1366 2470 1396 2521 et
1418 2460 1562 2538 penicillo
1589 2462 1780 2543 adjuvamus,

419 2565 453 2620 ut
476 2557 506 2618 id
530 2556 576 2618 cui
601 2553 716 2614 eminus
741 2550 945 2612 assimilantur
968 2550 1131 2629 perfectius
1156 2549 1340 2629 exprimant:
1365 2550 1409 2610 sic
1432 2548 1461 2609 in
1481 2548 1529 2608 his
1553 2550 1652 2612 etiam
1677 2571 1780 2632 qnam·

419 2665 534 2727 cunque
558 2662 647 2705 casus
670 2638 919 2720 pulchritudinem
944 2649 974 2698 et
997 2638 1229 2699 concinnitatem
1253 2656 1387 2697 amamus
1411 2646 1442 2697 et
1457 2638 1672 2700 collaudamus
1687 2640 1779 2701 unice.

509 2732 688 2810 Quanquam
711 2727 737 2789 si
761 2727 830 2807 quid
859 2726 949 2786 etiam
982 2725 1149 2804 hujusmodi
1184 2728 1241 2786 lert
1273 2735 1398 2786 naturae
1427 2726 1515 2795 ordo,
1549 2734 1586 2788 ut
1608 2727 1780 2809 Principum

422 2839 569 2903 prospera
592 2827 623 2879 et
645 2818 775 2877 adversa
798 2814 897 2875 omnia
920 2815 1173 2876 communicentur
1197 2832 1261 2874 cum
1285 2813 1429 2875 ministris
1444 2813 1601 2875 literarum
1622 2824 1657 2877 et
1676 2815 1780 2878 artium

345 2925 349 2930 '
420 2908 594 2977 cultoribus,
617 2905 778 2983 horumque
802 2905 868 2964 fata
891 2903 1107 2982 quodammodo
1132 2902 1333 2980 gubernentur
1352 2902 1481 2963 abillis:
1508 2903 1625 2965 nullum
1651 2905 1779 2966 dedecus

420 2998 512 3060 luerit
536 2996 596 3056 ista
619 3010 859 3064 commemorare,
884 2990 945 3052 illis
969 3011 1035 3052 sese
1054 2994 1173 3070 jactare
1196 2990 1323 3069 publice.
1364 2989 1559 3068 conspiratio
1577 2993 1660 3053 enim
1676 2993 1779 3072 hujus-

419 3086 499 3149 modi
523 3084 702 3163 inutraque
727 3083 846 3142 fortuna
870 3097 926 3159 quo
951 3079 1126 3158 exquisitior
1151 3078 1248 3152 luerit,
1272 3078 1328 3140 hoc
1350 3079 1462 3140 certius
1476 3078 1507 3139 in
1523 3098 1558 3139 se
1574 3081 1778 3144 testimouium

419 3176 513 3237 habet
534 3173 690 3234 fidelitatis
716 3170 743 3230 iu
768 3169 896 3229 subdito.
1285 3165 1298 3176 '

509 3260 610 3331 Quare
635 3279 652 3320 o
676 3276 814 3337 maguum
839 3256 923 3335 pacis
948 3262 980 3316 et
1003 3273 1077 3332 quas
1101 3255 1175 3316 haec
1199 3255 1308 3316 educat
1332 3255 1438 3316 artium
1463 3254 1656 3333 Augurium,
1681 3257 1778 3337 Impe-

422 3359 506 3413 rator
537 3348 776 3426 Augustissime,
809 3345 886 3405 hunc
919 3343 1067 3414 libellum,
1091 3344 1168 3404 hauc
1193 3362 1259 3403 cum
1292 3342 1389 3404 Stella
1420 3345 1511 3405 h'ova
1544 3347 1779 3407 transactionem

420 3438 629 3508 novissimam,
663 3455 722 3514 qua
753 3453 799 3493 me
832 3433 935 3493 labore
966 3432 1021 3492 hoc
1055 3431 1293 3492 extraordinario
1327 3433 1449 3492 exsolvo
1484 3433 1631 3513 denique,
1668 3435 1778 3495 faustus

421 3527 540 3605 excipe;
565 3526 595 3585 id
620 3523 755 3603 quamvis
780 3540 862 3591 sero,
896 3530 928 3579 at
952 3539 1066 3581 rursum
1091 3529 1272 3598 opportune,
1304 3520 1440 3581 nimirum
1465 3521 1519 3581 hoc
1544 3522 1613 3599 ipso
1640 3533 1777 3601 tempore,

424 3634 480 3696 quo
496 3613 660 3691 Ungariam
677 3612 770 3671 Tuam
790 3608 941 3671 mitissimi
963 3608 1062 3669 Patris
1087 3608 1183 3668 instar
1207 3609 1379 3687 complexus
1404 3610 1442 3669 ad
1466 3612 1644 3688 patefactas
1669 3611 1777 3690 gratiae

421 3706 500 3765 fores
525 3701 675 3774 admittis,
706 3718 798 3777 eaque
823 3716 875 3777 spe
900 3697 1029 3757 omnium
1054 3697 1169 3756 animos
1194 3705 1226 3755 et
1249 3706 1320 3757 rota
1344 3698 1516 3775 implevisti.

509 3791 606 3851 Deum
631 3787 703 3866 Opt.
729 3789 811 3848 Max.
836 3786 981 3865 precabor
1005 3785 1139 3863 supplex,
1172 3794 1204 3845 ut
1228 3782 1261 3845 S.
1287 3783 1398 3855 C.·M‘¹
1431 3786 1501 3845 Vm
1531 3785 1640 3855 vitam,
1665 3787 1776 3847 valetu-

421 3880 520 3941 dinem
545 3878 797 3953 loelicitatemque
823 3874 988 3933 diutissime
1013 3881 1164 3951 proroget,
1191 3892 1351 3952 onrnesque
1366 3874 1441 3952 Ejus
1466 3873 1605 3935 actiones
1631 3883 1663 3937 et
1684 3876 1775 3953 Impe-

420 3969 467 4029 ria
491 3967 530 4027 ad
554 3966 599 4026 sui
614 3964 751 4027 Nominis
766 3962 902 4042 gloriam,
927 3961 1046 4022 humani
1071 3960 1190 4039 generis
1214 3962 1342 4022 salutem
1367 3964 1466 4042 reique
1487 3963 1570 4041 publ.
1589 3961 1775 4025 Christianae

382 4095 391 4118 .
421 4055 625 4115 defensionem
649 4060 775 4131 paterne
801 4049 922 4128 dirigat,
947 4050 1080 4128 adeoque
1096 4060 1261 4128 prosperet,
1288 4060 1320 4109 ut
1340 4070 1377 4110 ex
1396 4071 1433 4111 ea
1447 4050 1655 4129 prosperitate
1670 4065 1775 4112 rursum

325 4172 329 4175 ·
424 4152 455 4203 et
474 4141 637 4202 astronomi
662 4142 698 4200 de
732 4139 840 4200 studiis
871 4139 933 4199 suis
961 4138 1036 4197 bene
1068 4138 1192 4198 ominari
1217 4139 1363 4199 audeant:
1396 4141 1580 4219 tandemque
1614 4139 1666 4201 ubi
1690 4137 1722 4200 S.
1745 4133 1773 4195 C.

421 4232 489 4292 M*
524 4230 579 4288 Vf·
615 4229 726 4289 bellum
750 4228 806 4287 hoc
830 4226 998 4287 diuturnum
1030 4244 1094 4286 cum
1127 4225 1296 4286 infidelibus
1331 4228 1477 4288 foeliciter
1505 4228 1689 4300 conlecerit3
1720 4227 1774 4304 ipse

422 4336 539 4399 quoque
564 4318 600 4377 de
625 4336 691 4378 meo
724 4316 826 4377 labore
858 4313 1073 4386 astronomica,
1107 4314 1153 4375 cui
1177 4336 1196 4374 a
1219 4311 1251 4375 S.
1276 4312 1311 4376 C.
1336 4316 1392 4375 Ma
1419 4316 1475 4375 V¹⁸
1501 4335 1568 4378 sum
1601 4317 1773 4395 praelectus,

420 4408 458 4468 de
481 4408 672 4486 planetarum
696 4405 760 4466 scil.
786 4402 986 4476 restitutione,
1006 4402 1149 4479 Ejusdem
1172 4400 1233 4462 M⁶⁸
1258 4403 1327 4462 vm
1354 4403 1499 4464 subsidiis
1525 4404 1652 4483 adjutus
1676 4403 1772 4465 trium·

419 4495 512 4575 phare
538 4494 664 4572 denique
688 4493 810 4572 possim.

510 4582 543 4644 S.
579 4581 669 4643 Caes.
703 4580 755 4641 Mu
797 4580 865 4637 vm
903 4597 950 4637 me
982 4577 1204 4656 subjectissime
1237 4580 1420 4641 commendo.
1469 4582 1606 4660 Pragae,
1639 4572 1773 4661 postridie

421 4657 536 4731 Nonas'
559 4668 770 4749 Septembres,
809 4686 886 4727 anno
920 4687 939 4725 a
972 4676 1043 4727 nato
1077 4665 1198 4727 Christo
1232 4668 1409 4739 (secundum
1442 4670 1590 4731 usitatum
1623 4663 1773 4733 calculum)

422 4757 580 4818 millesimo
604 4757 823 4818 sexcentesimo
847 4762 945 4815 sexto.

934 4840 967 4902 S.
993 4838 1029 4903 0.
1055 4841 1177 4920 Majest.
1203 4841 1259 4901 V⁸⁰

1190 4928 1430 5006 subjectissimus
1454 4933 1693 5000 Mathematicus

1265 5018 1407 5082 Joamaes
1423 5020 1617 5104 Kepplema.
