4584 6192
945 590 976 641 ee
994 592 1067 642 essu
1086 592 1190 658 operere.
1680 594 1741 662 lt?

381 765 482 839 metis,
507 784 566 847 quo
593 768 677 830 visus
702 775 755 829 aut
783 772 882 827 tactus
916 767 1087 829 discrimine
1115 775 1185 829 sunt
1209 768 1247 830 ab
1271 769 1398 830 invicem
1431 770 1589 848 diremtae,
1622 781 1656 835 ut
1679 774 1742 837 sint

381 874 504 918 numero
534 851 577 918 24
607 857 636 918 iu
669 876 730 917 una
761 855 834 916 die?
866 855 973 916 Nonne
1002 855 1189 934 Epiphanius
1223 857 1288 935 pari
1322 858 1475 920 uobiscum
1508 860 1648 923 libertate
1682 862 1741 924 diei

381 944 539 1025 noctisque
562 945 655 1007 horas
676 944 749 1006 fecit
768 963 825 1004 non
846 938 889 1005 24
911 945 965 1005 sed
988 941 1167 1006 duodecim?
1190 946 1296 1007 Nonne
1318 947 1393 1006 haec
1413 955 1462 1009 est
1485 950 1610 1029 vulgata
1633 950 1739 1013 divisio

381 1033 459 1095 assis
483 1034 565 1113 apud
589 1033 744 1095 Romanos
769 1033 856 1093 illata
880 1032 917 1092 ab
940 1033 1047 1093 iisdem
1073 1034 1155 1094 etin
1180 1034 1411 1095 Palaestinam?
1447 1036 1517 1097 Etsi
1540 1038 1604 1100 fieri
1627 1045 1739 1117 potest,

381 1129 414 1184 ut
434 1120 513 1183 haec
537 1121 694 1184 divisionis
718 1122 797 1184 ratio
820 1122 947 1201 primum
972 1130 1039 1183 orta
1063 1121 1154 1182 fuerit
1184 1143 1202 1182 a
1230 1123 1360 1183 naturali
1389 1125 1507 1203 quidem
1542 1127 1597 1188 sed
1626 1127 1738 1207 imper-

381 1209 460 1272 fecta
484 1209 633 1272 divisione
656 1210 727 1272 anni
751 1213 779 1287 in
807 1206 846 1270 12
871 1210 1049 1282 lunationes,
1075 1211 1152 1271 uude
1177 1217 1208 1270 et
1236 1213 1400 1272 astronomi
1424 1214 1580 1275 zodiacum
1602 1217 1740 1293 periecta

380 1299 497 1360 ratione
521 1299 629 1379 partiri
658 1307 821 1379 coeperunt
845 1298 873 1358 iu
900 1295 940 1359 12
964 1299 1060 1377 signa.
1109 1299 1178 1360 Nou
1202 1308 1302 1360 tamen
1326 1319 1421 1379 neque
1444 1303 1561 1380 siguum
1586 1304 1738 1383 multoque

381 1387 478 1449 minus
503 1387 641 1448 semissis
665 1388 752 1449 unius
776 1386 855 1466 signi
878 1394 927 1447 est
949 1387 1098 1464 integmm
1121 1388 1234 1467 aliquid
1258 1406 1389 1466 suaeque
1413 1399 1539 1451 naturae
1563 1391 1652 1454 metis
1676 1393 1736 1453 cir-

381 1476 595 1556 cumscriptum
626 1485 658 1536 et
681 1497 700 1536 a
727 1474 849 1555 reliquis
882 1475 940 1536 sibi
972 1475 1202 1536 cohaerentibus
1236 1476 1409 1551 diremtum,
1443 1497 1538 1559 neque
1572 1480 1647 1541 hora
1678 1479 1738 1541 diei

381 1564 520 1626 definitur
543 1571 612 1625 ortu
634 1564 683 1625 vel
706 1564 792 1625 unius
815 1563 864 1623 vel
888 1563 1000 1625 dimidii
1025 1564 1112 1641 signi,
1138 1565 1203 1625 solo
1227 1565 1445 1628 numerantium
1467 1566 1591 1629 arbitrio
1616 1574 1739 1630 constat

381 1652 428 1714 hic
449 1653 595 1714 horarum
618 1653 648 1714 in
673 1653 720 1713 die
745 1670 894 1713 numems.
939 1652 1019 1713 Nam
1042 1652 1146 1713 Lunae
1171 1652 1196 1713 si
1228 1653 1283 1713 tibi
1311 1653 1424 1715 incidet
1453 1664 1609 1735 respectus
1633 1657 1737 1735 (qnam

380 1747 481 1802 tamen
516 1741 684 1820 despexisti
712 1741 741 1802 in
774 1742 888 1801 refluum
921 1741 1042 1814 maris),
1076 1740 1129 1801 illa
1161 1741 1280 1802 collatis
1313 1742 1375 1803 suis
1404 1761 1470 1805 cum
1502 1742 1574 1805 Sole
1607 1745 1737 1807 motibus

381 1829 459 1892 diem
481 1848 542 1890 non
562 1829 592 1890 in
612 1825 655 1891 tt
676 1830 730 1891 sed
748 1830 777 1891 in
794 1827 837 1891 30
861 1829 981 1890 circiter
999 1839 1102 1908 partes
1122 1836 1227 1891 secat:
1253 1838 1285 1890 ut
1308 1832 1462 1909 proportio
1482 1831 1523 1892 sit
1543 1832 1602 1894 diei
1618 1831 1735 1895 Solaria

380 1918 419 1979 ad
447 1917 618 1987 Lunarem,
652 1937 728 1998 qnae
757 1914 800 1979 29
831 1918 869 1977 ad
901 1914 959 1992 30,
994 1938 1047 1979 seu
1080 1918 1250 1978 accuratius
1280 1936 1354 1996 quae
1378 1916 1420 1980 57
1445 1916 1559 1983 adst.
1607 1922 1666 1983 Vel
1699 1940 1738 1983 ex

379 2005 477 2068 Plinio
493 2006 638 2081 disceres,
658 2006 743 2068 illam
757 2025 816 2067 non
832 2025 918 2067 asses
935 2006 988 2066 sed
1005 2006 1167 2066 dodrantes
1181 2007 1350 2067 semuncias
1365 2007 1493 2085 adJicere
1509 2008 1577 2084 diei,
1594 2017 1737 2089 quantum
1821 2034 1823 2037 ·

381 2103 411 2156 et
432 2095 566 2156 refluxus
600 2095 720 2175 adjicit,
755 2095 833 2174 quod
860 2095 983 2156 nautica
1013 2114 1087 2173 gens
1120 2095 1260 2156 crassiori
1284 2094 1422 2157 Minerva
1455 2096 1559 2158 horam
1590 2098 1736 2178 appellat.

380 2181 422 2243 Et
445 2192 478 2243 ut
502 2184 669 2246 concedam
693 2184 761 2257 tibi,
793 2184 836 2243 sic
860 2181 898 2243 ab
927 2183 1053 2244 invicem
1083 2184 1235 2262 sejunctas
1260 2202 1327 2243 esse
1351 2184 1406 2244 has
1431 2180 1473 2246 24
1498 2184 1557 2246 diei
1581 2185 1680 2262 horas,
1704 2192 1739 2248 ut

381 2278 450 2334 eunt
471 2272 603 2333 totidem
628 2291 701 2334 oves
725 2273 830 2333 eadem
856 2273 963 2332 semita
986 2280 1161 2352 pergentes,
1193 2289 1317 2350 quarum
1344 2272 1499 2353 unicuique
1524 2293 1609 2335 suum
1633 2280 1735 2355 caput,

380 2378 434 2421 sua
456 2361 575 2434 cauda3
601 2380 658 2441 quo
683 2361 775 2440 igitur
798 2360 951 2439 exemplo,
977 2380 1036 2441 qua
1060 2361 1195 2434 ratione,
1221 2380 1277 2440 quo
1296 2360 1363 2440 jure
1387 2361 1442 2422 tibi
1465 2361 1610 2423 vicesima
1633 2363 1738 2442 quinta

381 2447 453 2511 hora
475 2468 535 2509 nou
561 2449 645 2529 ipsa,
675 2449 729 2510 sed
763 2456 891 2528 quatuor
921 2450 986 2528 ejus
1015 2449 1200 2528 quadrantes
1232 2456 1343 2527 augent
1376 2450 1553 2512 nnmerum?
1585 2450 1737 2512 Haeccine

382 2544 433 2598 tua
454 2555 536 2599 nova
560 2546 593 2598 et
624 2536 810 2600 admirabilis
842 2536 960 2615 quidem
984 2548 1032 2598 est
1064 2537 1268 2610 arithmetica,
1303 2556 1447 2600 sexeum
1479 2539 1645 2618 quadrante
1668 2557 1737 2601 esse

382 2625 520 2705 septem?
558 2626 670 2687 Viden’
708 2633 741 2687 ut
769 2625 920 2695 somnies,
955 2626 1096 2687 Fabrici?
1128 2624 1230 2696 Quare
1262 2625 1471 2705 expergiscere
1504 2635 1536 2688 et
1567 2626 1737 2705 hujusmodi

381 2714 611 2792 phantasmata,
644 2714 837 2776 tenebrarum
859 2714 993 2789 soboles,
1023 2716 1048 2777 si
1078 2715 1206 2794 posthac
1234 2714 1426 2786 occurrerint,
1459 2714 1590 2795 vigilans
1627 2715 1737 2778 lumine

383 2803 489 2865 mentis
517 2803 636 2877 lustra3
667 2803 693 2863 si
717 2803 772 2864 tibi
796 2803 884 2864 fidem
912 2803 1013 2882 poscis
1037 2824 1056 2864 a
1083 2802 1245 2863 lectoribus
1277 2809 1389 2864 motum
1413 2803 1525 2865 Terrae
1555 2804 1735 2867 confutanti.

466 2889 557 2962 Quod
580 2900 727 2970 superest,
753 2892 829 2952 hanc
853 2892 1077 2971 responsionem
1095 2910 1193 2953 meam
1213 2891 1300 2971 aequi
1324 2891 1452 2971 bonique
1475 2892 1615 2954 consule:
1640 2910 1737 2973 neque

384 2986 412 3039 te
431 2980 597 3059 poeniteat,
621 2979 832 3059 Ephemeridis
856 2980 942 3059 hujus
966 2980 1115 3041 vestibulo
1139 2980 1240 3054 inseri,
1266 2981 1303 3040 de
1326 2981 1412 3059 cujus
1426 2981 1484 3041 lide
1507 2999 1595 3043 nemo
1618 2988 1649 3042 te
1668 2981 1736 3061 ipso

384 3069 490 3129 rectius
514 3067 626 3148 poterit
652 3069 804 3147 judicare,
836 3069 862 3129 si
885 3069 1016 3130 volueris
1050 3068 1295 3148 diligentiamque
1329 3068 1475 3130 hactenus
1498 3077 1673 3149 usurpatam
1696 3069 1737 3130 ad

385 3155 598 3219 observandum
622 3157 771 3218 attuleris.
820 3156 886 3218 Hac
910 3158 1000 3236 igitur
1023 3157 1101 3217 iuter
1123 3157 1237 3235 primns
1262 3157 1376 3228 fruere,
1406 3158 1523 3219 coelum
1546 3167 1578 3219 et
1601 3165 1736 3219 meteora

386 3246 495 3317 confer,
527 3264 658 3320 errores,
688 3246 714 3306 si
738 3264 812 3330 quos
837 3246 946 3325 liquido
976 3246 1224 3324 deprehenderis,
1257 3245 1327 3305 mihi
1357 3245 1464 3325 detege
1493 3264 1598 3326 meque
1623 3253 1654 3307 et
1676 3247 1735 3307 hac

388 3340 415 3393 et
435 3333 540 3415 quibus
565 3334 633 3395 aliis
665 3335 780 3413 poteris
812 3334 979 3395 rationibus
1009 3336 1037 3395 iu
1071 3334 1257 3395 emendando
1281 3333 1465 3395 Tabularum
1492 3353 1582 3414 opere
1614 3333 1734 3415 publico

387 3422 482 3483 sedulo
506 3422 627 3502 adjuva.
675 3423 765 3484 Vale.
814 3422 910 3483 Lincii
935 3420 1001 3483 cat.
1028 3420 1138 3483 Octob.
1163 3424 1252 3482 Auno
1281 3417 1373 3484 1616.

465 3528 537 3579 Haec
555 3535 615 3578 sunt
641 3542 705 3594 quae
729 3528 853 3591 Keplerus
881 3542 936 3577 cum
963 3529 1048 3577 amicis
1074 3528 1105 3576 de
1125 3526 1217 3590 Optica
1245 3541 1292 3577 sua
1319 3528 1379 3592 egit.
1416 3526 1534 3591 Superest
1551 3533 1580 3576 nt
1607 3528 1737 3592 epistelam

388 3596 554 3665 subiungantur
582 3612 633 3664 qne
660 3600 722 3648 adiit
749 3599 889 3648 Electorem
918 3598 1041 3647 Barariae
1071 3598 1345 3656 Maximiliannm,
1378 3600 1549 3649 trsmrnittens
1577 3614 1637 3664 opus
1664 3614 1737 3649 suum

389 3665 538 3721 chachinm
556 3671 678 3721 suadente
697 3670 826 3720 Herwartc
845 3668 936 3732 (comp.
956 3686 980 3732 p.
1000 3667 1055 3736 82).

659 3776 858 3839 Serenissime
882 3778 1026 3855 Princeps
1049 3776 1177 3837 Domine
1203 3773 1455 3836 clementissime.

516 3864 583 3929 Ser.
610 3865 691 3929 Cels.
715 3867 847 3928 Vestrae
873 3866 996 3927 humilia
1019 3885 1086 3925 mea
1111 3863 1236 3925 servitia
1259 3861 1481 3942 subjectissime
1506 3864 1619 3925 defero.

468 3952 710 4017 Clementissime
734 3955 872 4016 Domine.
920 3953 1075 4015 Excitavit
1098 3973 1143 4014 me
1169 3954 1251 4013 lama
1278 3950 1511 4012 clarissimorum
1536 3959 1567 4013 et
1590 3950 1735 4013 doctissi-

391 4057 490 4104 momm
514 4044 659 4118 viromm,
684 4044 733 4122 qui
758 4043 787 4104 in
811 4042 878 4104 Ser.
905 4040 987 4104 Cels.
1012 4043 1094 4102 Tuae
1118 4040 1282 4102 ditionibus
1306 4039 1507 4118 reperiuntur,
1531 4047 1564 4101 nt
1586 4038 1735 4119 insignem

392 4124 447 4190 Ser.
472 4129 553 4194 Cels.
578 4132 661 4193 Tuae
695 4133 828 4192 favorem
851 4132 881 4192 in
912 4130 1063 4202 literatos,
1099 4149 1156 4210 quo
1180 4130 1245 4189 solo
1276 4128 1411 4189 homines
1442 4128 1523 4190 docti
1553 4127 1734 4203 alliciuntur,

392 4217 562 4293 admirarer,
597 4239 691 4300 eaque
723 4221 759 4280 de
794 4239 885 4280 causa
916 4218 949 4280 S.
980 4217 1016 4281 C.
1043 4220 1137 4279 Tuam
1165 4217 1319 4296 praesenti
1352 4218 1538 4291 munusculo,
1570 4216 1737 4297 exemplari

393 4305 496 4369 scilicet
517 4328 576 4370 uno
600 4309 659 4369 mei
683 4308 827 4388 opusculi,
852 4308 930 4387 quod
954 4308 1009 4368 sub
1034 4306 1067 4368 S.
1085 4305 1176 4368 Caes.
1196 4306 1270 4384 Maj.
1300 4305 1440 4383 auspiciis
1465 4323 1558 4384 nuper
1581 4305 1612 4368 in
1634 4305 1736 4386 publi·

394 4396 549 4470 condedi,
574 4404 694 4458 strenae
720 4399 785 4459 loco
810 4397 849 4456 ad
871 4396 1022 4456 instantes
1047 4393 1201 4456 Calendas
1228 4392 1446 4472 subjectissime
1470 4394 1605 4455 salutare
1630 4394 1735 4456 fuerim

395 4499 481 4546 meus.
523 4484 618 4566 Spem
637 4485 715 4546 enim
739 4485 861 4562 concepi
886 4502 1032 4545 summam
1047 4503 1084 4543 ex
1103 4491 1150 4544 tot
1169 4481 1407 4544 doctissimorum
1426 4482 1557 4543 virorum
1577 4481 1733 4562 exemplis,

395 4565 422 4629 S.
443 4569 475 4634 O.
500 4574 535 4635 T.
560 4573 618 4636 hoc
647 4581 737 4635 tenue
767 4572 935 4633 affectionis
959 4591 1043 4634 meae
1076 4569 1263 4650 justissimae
1296 4570 1499 4632 testimonium
1523 4570 1554 4632 in
1583 4569 1735 4631 meliorem

395 4666 497 4735 panem
519 4662 754 4724 clementissime
777 4661 1044 4738 interpretaturum
1061 4668 1092 4719 et
1106 4659 1173 4721 huic
1197 4658 1299 4720 libello
1323 4677 1380 4719 non
1406 4659 1525 4738 quidem
1540 4659 1577 4720 ob
1601 4656 1735 4720 auctoris

396 4748 590 4825 eruditionem,
625 4769 701 4831 quae
725 4769 798 4811 saue
823 4757 871 4809 est
900 4748 1078 4828 perexigua,
1103 4749 1157 4811 sed
1182 4748 1219 4809 ob
1243 4747 1339 4808 multa
1362 4746 1539 4808 admiranda
1561 4746 1619 4808 Dei
1642 4763 1737 4825 opera

396 4831 526 4900 hactenus
551 4838 689 4919 frigidius
712 4857 876 4918 perpensa,
910 4855 1032 4918 quorum
1064 4837 1094 4897 in
1125 4855 1160 4897 eo
1191 4835 1449 4907 commemoratio,
1484 4834 1581 4897 locum
1604 4833 1735 4915 aliquem

396 4920 669 4989 ininstrnctissima
691 4946 746 4988 sua
769 4926 954 4987 bibliotheca
978 4925 1211 5004 assignaturam.
1260 4922 1321 4985 Oro
1353 4929 1455 4985 autem
1477 4920 1510 4984 S.
1536 4920 1573 4984 O.
1599 4922 1633 4984 T.
1659 4920 1733 4984 snb·

394 5008 562 5090 jectissime,
587 5022 622 5077 ut
643 5016 721 5077 hanc
745 5015 889 5076 audacem
913 5014 1174 5093 compellationem
1203 5011 1241 5072 ab
1268 5011 1371 5091 ignoto
1395 5018 1427 5073 et
1458 5010 1584 5072 obscuro
1616 5009 1735 5073 homine

396 5097 520 5164 clementi
543 5102 641 5165 animo
665 5103 821 5183 suscipiat,
846 5102 886 5162 ad
909 5121 999 5182 quam
1021 5121 1080 5162 non
1105 5101 1266 5163 curiositas
1290 5099 1405 5179 aliqua,
1430 5098 1487 5160 sed
1508 5118 1577 5162 mea
1599 5096 1733 5162 conditio
