4584 6192
957 566 1146 619 xcv-xcnr.
1666 555 1732 624 553

462 742 594 807 XCVII.
652 743 878 823 Propositio.
935 742 969 804 Si
1002 742 1120 822 longius
1154 760 1229 801 cava
1262 741 1327 801 lens
1365 732 1525 799 recesserit
1559 733 1597 794 ab
1635 733 1732 807 oculo,

373 834 517 913 pauciora
541 833 673 894 visibilia
695 852 749 911 per
773 852 878 893 cavam
903 832 941 891 ad
966 833 1081 893 oculum
1107 829 1238 890 venient.

463 923 512 983 Sit
535 923 639 984 oculus
654 921 694 995 A,
719 923 784 982 lens
800 919 853 982 BC
878 921 1007 1000 propior.
1047 919 1096 981 Sit
1115 938 1231 1004 rursum
1251 917 1355 978 oculos
1369 913 1407 985 D,
1434 913 1499 995 lens
1518 910 1572 971 EF
1591 909 1734 970 remotior

375 1021 406 1072 et
430 1012 565 1091 aequalis
590 1009 681 1090 priori
696 1008 761 1071 ΒΟ.
800 1010 890 1071 Basis
914 1010 1005 1086 igitur
1023 1008 1077 1069 EF
1101 1008 1236 1086 aequalis
1253 1015 1301 1067 est
1319 1002 1386 1063 basi
1503 1050 1557 1114 rig.
1578 1046 1613 1099 2³

374 1098 437 1173 BC,
472 1100 570 1161 latera
601 1119 670 1160 vero
701 1098 766 1172 DE,
792 1100 847 1159 DF
877 1099 1012 1176 longiora
1041 1098 1186 1158 lateribus
1219 1095 1285 1168 AB,
1316 1093 1384 1154 AC.
1616 1087 1622 1099 ’

376 1191 515 1267 Augulus
540 1189 631 1266 igitur·
655 1185 738 1249 BAC
769 1188 865 1265 major
898 1187 1006 1265 angulo
1030 1175 1121 1246 EDF.
1170 1186 1386 1263 Refringantur

368 1279 435 1357 jam
459 1277 535 1339 radii
560 1287 591 1336 et
615 1277 675 1338 sint
699 1277 820 1336 refracti
845 1275 913 1348 BG,
930 1274 985 1336 CII
1005 1283 1036 1335 et
1049 1276 1100 1347 EI,
1122 1275 1176 1333 FK
1200 1293 1253 1352 per
1267 1271 1384 1347 XCIV,

373 1386 493 1445 semper
526 1366 617 1445 igitur
648 1367 715 1444 plus
749 1366 907 1443 divergnnt
939 1363 1012 1437 BG,
1038 1362 1094 1423 CII
1127 1382 1215 1441 quam
1232 1362 1297 1435 -EI,
1320 1361 1384 1421 FK.
1440 1361 1442 1365 ’

373 1455 425 1516 Sit
448 1457 524 1517 enim
548 1454 630 1515 ELF
663 1454 841 1532 triangulum
875 1453 1054 1533 applicabilc
1085 1452 1141 1530 ipsi
1166 1449 1261 1512 BAC.
1310 1448 1385 1511 Cum

372 1563 445 1622 ergo
470 1565 489 1605 a
511 1546 539 1606 D
563 1551 595 1604 et
617 1543 644 1602 L
668 1543 853 1603 descendant
875 1541 931 1603 DE
956 1551 986 1602 et
1010 1540 1063 1602 LE
1088 1542 1116 1600 in
1141 1540 1220 1600 idem
1243 1547 1384 1618 punctum

372 1633 400 1692 E
416 1632 582 1712 superficiei
606 1631 763 1705 densioris,
789 1631 809 1691 ii
833 1631 1013 1692 refractione
1039 1631 1121 1690 facta
1141 1628 1169 1688 in
1185 1629 1211 1687 Ε
1228 1649 1260 1688 se
1281 1638 1383 1689 mutuo

373 1723 529 1795 secabunt,
555 1730 586 1781 et
609 1721 662 1781 LE
687 1720 809 1781 inferior
833 1721 943 1780 evadet
966 1720 994 1779 in
1019 1719 1079 1779 EM
1107 1719 1307 1797 superiorem:
1339 1718 1383 1778 sic

372 1812 426 1871 LI*
446 1812 473 1870 in
489 1811 552 1885 FN,
578 1828 631 1888 per
644 1810 702 1870 XI.
742 1810 813 1869 Plus
828 1810 920 1888 igitur
933 1809 1004 1881 EM,
1024 1808 1078 1868 FN
1102 1808 1270 1886 divergunt,
1294 1827 1382 1886 quarn

371 1899 436 1973 ΕΙ,
460 1900 532 1972 FK,
565 1899 632 1978 plus
662 1897 753 1976 igitur
785 1906 816 1958 et
849 1899 885 1959 de
919 1897 1138 1976 hemisphaerio
1173 1897 1381 1977 intercipiunt:

373 2007 465 2067 qnare
499 1995 531 2047 et
553 1985 622 2058 BG,
648 1984 703 2047 CII
735 1987 802 2066 plns
836 1987 1025 2066 intercipiant
1054 2006 1073 2045 a
1104 1988 1183 2047 lente
1216 1988 1383 2067 propinqua

374 2096 463 2156 qnam
486 2076 538 2149 ΕΙ,
564 2076 619 2136 FK
643 2096 661 2135 a
686 2076 765 2136 lente
790 2085 906 2136 remota
929 2074 1061 2137 refracti.

461 2163 613 2227 XCVIII.
660 2165 890 2244 Propositio.
938 2164 970 2225 si
997 2165 1112 2242 longius
1142 2184 1219 2224 cara
1244 2167 1307 2226 lens
1331 2184 1380 2224 re-

372 2254 503 2315 cesserit
526 2254 563 2313 ab
588 2253 684 2322 oculn,
709 2254 823 2313 minora
838 2263 1102 2333 repraesentantur
1121 2253 1260 2327 visibilia,
1285 2273 1381 2333 quan·
1433 2298 1450 2340 a

372 2344 469 2422 tisper
494 2344 558 2403 lens
583 2362 640 2402 non
674 2343 866 2423 propinquior
889 2344 922 2403 fit
947 2343 988 2403 rei
1018 2341 1128 2402 visibili
1164 2363 1251 2421 quam
1285 2344 1380 2404 oculo.

465 2430 644 2510 Aequaliter
664 2431 741 2491 enim
757 2434 794 2492 ad
819 2451 938 2493 sensnm
954 2451 1019 2492 cum
1040 2431 1203 2492 remotione
1228 2432 1318 2492 lentis
1342 2435 1490 2499 decrescit
1514 2437 1577 2515 ejus
1603 2434 1730 2497 visibilis

373 2521 550 2600 magnitudo
574 2539 627 2598 per
651 2520 783 2582 LXVII.
822 2521 865 2581 At
890 2540 946 2581 non
972 2520 1138 2599 aequaliter
1161 2521 1305 2598 pauciora
1328 2526 1435 2605 recipit
1458 2524 1590 2587 visibilia
1614 2525 1731 2604 longius

373 2609 532 2670 distantia.
572 2608 639 2668 Etsi
664 2609 744 2669 enim
768 2629 821 2688 per
835 2607 969 2670 XCVII.
995 2628 1113 2686 semper
1133 2609 1275 2688 pauciora
1299 2611 1416 2693 recipit,
1443 2615 1495 2675 illa
1519 2622 1618 2674 tamen
1643 2614 1733 2675 dimi-

374 2699 458 2760 nutio
483 2698 592 2776 engua
616 2705 663 2756 est
687 2717 757 2776 pars
782 2699 995 2770 universorum,
1021 2697 1167 2776 siquidem
1197 2708 1313 2760 remota
1337 2702 1448 2764 fuerint
1471 2703 1615 2775 visibilia,
1641 2721 1734 2781 prop-

375 2796 461 2847 terea
485 2787 564 2865 quod
593 2787 789 2847 retractiones
815 2788 842 2845 in
868 2786 973 2864 majori
1007 2786 1171 2846 remotione
1196 2806 1271 2864 pene
1306 2791 1377 2853 nihil
1412 2801 1581 2863 mutantur,
1615 2811 1681 2851 cnm
1705 2799 1736 2851 et

374 2875 586 2937 inclinationes
620 2876 787 2946 (schemate
813 2872 870 2947 23)
902 2875 1051 2936 radiorum
1085 2875 1149 2948 LE,
1181 2875 1236 2936 DE
1266 2877 1320 2938 dre.
1352 2900 1443 2959 super
1476 2882 1587 2941 lentem
1621 2880 1674 2940 EF
1705 2881 1734 2940 in

375 2964 484 3043 majori
508 2963 673 3024 remotione
693 2984 768 3043 pene
785 2964 857 3024 nihil
882 2971 1044 3024 mutentur.
1085 2964 1159 3023 Plus
1179 2964 1269 3041 igitur
1285 2966 1453 3030 detrahitur
1473 2971 1510 3030 de
1530 2968 1735 3047 magnitudine

374 3052 556 3132 aspectabili
587 3072 675 3131 quam
707 3055 742 3114 dc
776 3053 965 3114 multitudine
1000 3072 1097 3112 rerum
1130 3071 1184 3130 per
1224 3054 1334 3116 lentem
1374 3058 1514 3119 visarum.
1570 3057 1735 3118 Universae

375 3142 467 3221 igitur
490 3142 595 3201 minori
619 3143 728 3220 angulo
753 3152 933 3203 cernuntur:
960 3160 1051 3220 quare
1077 3150 1107 3200 et
1130 3141 1261 3218 singula.

465 3231 582 3291 Aliter:
608 3230 656 3291 Sit
680 3232 781 3292 oculus
805 3233 844 3303 Λ,
870 3231 947 3290 radii
971 3229 1117 3290 rectilinei
1141 3230 1234 3304 ABF,
1259 3231 1349 3294 .ch
1374 3236 1515 3312 angulum
1539 3224 1626 3293 FAG
1650 3251 1735 3293 com·
1771 3293 1773 3300 ,

374 3320 613 3399 prehendentes;
639 3320 657 3379 ii
681 3329 785 3381 secent
809 3321 919 3380 lentem
942 3318 1138 3397 propinquam
1154 3318 1206 3380 BC
1228 3328 1259 3380 et
1282 3340 1381 3382 remo-

376 3418 440 3468 tam
465 3406 529 3468 FG.
572 3408 786 3487 Refringentur
810 3409 900 3487 igitur
924 3416 1092 3468 extrorsum
1116 3408 1143 3467 in
1163 3407 1240 3479 B,C
1265 3411 1384 3488 punctis

373 3516 429 3576 per
454 3495 572 3558 XCIV.
620 3497 688 3558 Sint
712 3499 835 3559 refracti
859 3496 923 3567 BE,
949 3495 1014 3558 CD.
1054 3493 1129 3556 Cum
1154 3508 1254 3557 autem
1280 3499 1306 3557 in
1327 3498 1383 3560 FG

376 3586 521 3664 majorem
545 3585 635 3646 lentis
659 3588 826 3665 portionem
851 3585 1044 3664 intercipiant
1065 3585 1122 3644 Ar
1145 3594 1176 3644 ct
1192 3585 1263 3659 AG,
1289 3588 1383 3664 major

375 3674 469 3735 etiam
493 3674 551 3734 erit
574 3675 714 3736 retractio
740 3676 766 3735 in
788 3674 843 3736 FG
867 3694 955 3754 quam
979 3674 1007 3733 in
1029 3671 1082 3734 BC
1105 3692 1160 3751 per
1178 3675 1234 3745 XI,
1260 3676 1384 3735 rel'racti

377 3764 468 3841 igitur
493 3763 521 3822 in
543 3765 577 3832 F,
598 3761 626 3822 G
650 3773 795 3825 exeuntes
820 3765 976 3842 divergent
1000 3761 1136 3839 amplius,
1162 3780 1250 3839 quam
1273 3764 1321 3840 qui
1346 3782 1383 3822 ex

375 3852 413 3925 B,
440 3849 464 3912 C
489 3861 606 3925 exeunt,
632 3863 810 3914 concurrent
833 3854 923 3932 igitur
946 3871 1012 3911 curn
1036 3851 1104 3911 illis.
1142 3849 1330 3911 Concurrant
1353 3858 1385 3911 et

375 3941 418 4003 sit
442 3959 602 4002 concursus
621 3940 656 4014 E,
676 3942 714 4016 D,
740 3952 771 4002 et
795 3941 917 4003 refracti
940 3941 970 4001 hi
993 3940 1055 4013 ΒΕ,
1082 3937 1151 4001 GD.
1196 3937 1270 4001 Cum
1294 3939 1385 4017 igitur

375 4030 440 4102 FE,
466 4028 524 4090 (Β)
554 4039 624 4108 post
658 4050 831 4092 concursum
855 4038 887 4091 et
917 4028 1080 4090 sectionem
1114 4029 1188 4088 liant
1221 4028 1384 4089 exteriores

376 4138 466 4198 qnam
491 4118 553 4191 ΒΕ,
573 4116 637 4192 CD,
663 4120 774 4181 nullum
800 4121 889 4199 igitur
913 4117 1030 4178 visibile
1054 4118 1279 4196 (praeterquam
1302 4118 1385 4196 cujus

376 4206 497 4270 termini
530 4207 592 4267 sint
621 4208 649 4267 in
678 4209 752 4288 ipsis
785 4209 903 4289 punctis
937 4225 1097 4268 concursus
1120 4205 1161 4278 Ε,
1186 4205 1231 4279 D)
1263 4214 1325 4266 tarn
1349 4226 1386 4266 ex

374 4297 545 4377 propinqua
575 4316 662 4374 qnam
692 4317 729 4358 ex
757 4308 873 4359 remota
905 4293 985 4357 lente
1018 4295 1105 4355 simul
1138 4295 1244 4356 eodem
1277 4296 1386 4373 angulo

375 4384 462 4448 BAC
500 4386 548 4445 vel
580 4383 667 4446 ΒΑΘ
703 4387 898 4466 spectabitur.
952 4386 1030 4445 Nam
1066 4383 1198 4444 visibilia
1228 4385 1389 4445 remotiora

376 4493 467 4555 quam
481 4474 546 4546 ΕΙ),
572 4481 605 4534 ut
622 4473 737 4537 visibile
759 4477 813 4550 KI,
834 4474 1078 4552 comprehensum
1105 4473 1243 4534 refractis
1263 4472 1387 4552 propin-

376 4582 455 4643 quae
481 4562 569 4625 lentis
594 4563 650 4637 ΒΙ,
676 4563 742 4639 CK,
777 4586 833 4625 non
864 4563 1132 4643 comprehendetur
1164 4562 1303 4622 refractis
1327 4560 1388 4634 ΕΒ,

377 4651 439 4714 GD
472 4652 575 4712 eodem
609 4655 718 4731 angulo
752 4653 837 4715 FAG
871 4654 910 4712 ad
941 4654 1056 4714 oculum
1097 4650 1303 4721 venientibus,
1336 4650 1389 4709 sed
1434 4690 1452 4728 ι

377 4740 571 4803 interioribus
597 4741 677 4801 intra
699 4745 734 4811 F,
761 4742 800 4815 G,
825 4742 875 4821 qui
897 4741 1003 4802 minori
1028 4740 1137 4818 angulo
1162 4739 1200 4800 ad
1217 4741 1247 4800 A
1271 4736 1390 4800 oculum

377 4831 513 4981 qqqiunt,
533 4849 653 4981 fflqrqua
676 4832 767 4910 igitur
791 4839 939 4911 apparent
954 4848 1007 4909 per
1030 4828 1221 4890 remotiorem
1237 4825 1293 4889 GF
1316 4846 1405 4909 quam
1421 4854 1475 4913 per
1496 4833 1738 4916 propinquiorem

457 4939 510 4999 per
645 4967 651 4980 .

467 5006 586 5070 XCIX.
634 5008 861 5087 Propositio.
910 5004 995 5070 Cava
1018 5008 1097 5078 lens,
1122 5010 1149 5072 si
1172 5006 1307 5088 proxime
1338 5011 1455 5074 oculum
1478 5012 1521 5075 sit
1548 5011 1738 5093 applicanda,
