<?xml version="1.0" encoding="UTF-8"?>
<!DOCTYPE html PUBLIC "-//W3C//DTD XHTML 1.0 Transitional//EN"
    "http://www.w3.org/TR/xhtml1/DTD/xhtml1-transitional.dtd">
<html xmlns="http://www.w3.org/1999/xhtml" xml:lang="en" lang="en">
 <head>
  <title>
</title>
<meta http-equiv="Content-Type" content="text/html;charset=utf-8" />
  <meta name='ocr-system' content='tesseract 3.04.00' />
  <meta name='ocr-capabilities' content='ocr_page ocr_carea ocr_par ocr_line ocrx_word'/>
</head>
<body>
  <div class='ocr_page' id='page_1' title='image "./joanniskepleria02frisgoog_0167.png"; bbox 0 0 4584 6192; ppageno 0'>
   <div class='ocr_carea' id='block_1_1' title="bbox 551 569 1436 636">
    <p class='ocr_par' dir='ltr' id='par_1_1' title="bbox 551 569 1436 636">
     <span class='ocr_line' id='line_1_1' title="bbox 551 569 1436 636; baseline -0.008 -8"><span class='ocrx_word' id='word_1_1' title='bbox 551 570 611 636; x_wconf 78' lang='grc'><strong>152</strong></span> <span class='ocrx_word' id='word_1_2' title='bbox 948 585 950 589; x_wconf 95' lang='grc'><strong><em>·</em></strong></span> <span class='ocrx_word' id='word_1_3' title='bbox 1017 569 1207 634; x_wconf 85' lang='lat' dir='ltr'><strong>Paralipomena</strong></span> <span class='ocrx_word' id='word_1_4' title='bbox 1224 571 1249 619; x_wconf 91' lang='lat' dir='ltr'><strong>in</strong></span> <span class='ocrx_word' id='word_1_5' title='bbox 1268 569 1436 621; x_wconf 83' lang='lat' dir='ltr'><strong>Vitellionem.</strong></span> 
     </span>
    </p>
   </div>
   <div class='ocr_carea' id='block_1_2' title="bbox 547 747 1916 2736">
    <p class='ocr_par' dir='ltr' id='par_1_2' title="bbox 547 747 1908 1219">
     <span class='ocr_line' id='line_1_2' title="bbox 547 747 1907 821; baseline 0.001 -16"><span class='ocrx_word' id='word_1_6' title='bbox 547 766 648 821; x_wconf 89' lang='lat' dir='ltr'><strong>perse</strong></span> <span class='ocrx_word' id='word_1_7' title='bbox 676 765 765 819; x_wconf 89' lang='lat' dir='ltr'><strong>neque</strong></span> <span class='ocrx_word' id='word_1_8' title='bbox 787 749 823 802; x_wconf 91' lang='lat' dir='ltr'><strong>ab</strong></span> <span class='ocrx_word' id='word_1_9' title='bbox 850 747 906 802; x_wconf 90' lang='lat' dir='ltr'><strong>alio</strong></span> <span class='ocrx_word' id='word_1_10' title='bbox 937 755 1039 803; x_wconf 91' lang='lat' dir='ltr'><strong>motum</strong></span> <span class='ocrx_word' id='word_1_11' title='bbox 1068 749 1156 801; x_wconf 84' lang='lat' dir='ltr'><strong>risum</strong></span> <span class='ocrx_word' id='word_1_12' title='bbox 1182 756 1281 802; x_wconf 85' lang='lat' dir='ltr'><strong>moret.</strong></span> <span class='ocrx_word' id='word_1_13' title='bbox 1323 750 1382 803; x_wconf 91' lang='lat' dir='ltr'><strong>Nec</strong></span> <span class='ocrx_word' id='word_1_14' title='bbox 1402 750 1459 802; x_wconf 93' lang='lat' dir='ltr'><strong>ullo</strong></span> <span class='ocrx_word' id='word_1_15' title='bbox 1490 766 1573 804; x_wconf 91' lang='lat' dir='ltr'><strong>sensu</strong></span> <span class='ocrx_word' id='word_1_16' title='bbox 1603 750 1741 805; x_wconf 72' lang='lat' dir='ltr'><strong>conclusio</strong></span> <span class='ocrx_word' id='word_1_17' title='bbox 1771 768 1841 806; x_wconf 84' lang='lat' dir='ltr'><strong>vera</strong></span> <span class='ocrx_word' id='word_1_18' title='bbox 1861 758 1907 806; x_wconf 91' lang='lat' dir='ltr'><strong>est</strong></span> 
     </span>
     <span class='ocr_line' id='line_1_3' title="bbox 549 824 1906 902; baseline 0.001 -18"><span class='ocrx_word' id='word_1_19' title='bbox 549 829 702 899; x_wconf 84' lang='lat' dir='ltr'><strong>(destructa</strong></span> <span class='ocrx_word' id='word_1_20' title='bbox 730 824 897 897; x_wconf 88' lang='lat' dir='ltr'><strong>praemissa)</strong></span> <span class='ocrx_word' id='word_1_21' title='bbox 919 828 971 882; x_wconf 91' lang='lat' dir='ltr'><strong>nisi</strong></span> <span class='ocrx_word' id='word_1_22' title='bbox 993 829 1015 882; x_wconf 91' lang='lat' dir='ltr'><strong>si</strong></span> <span class='ocrx_word' id='word_1_23' title='bbox 1038 828 1110 898; x_wconf 87' lang='lat' dir='ltr'><strong>quis-</strong></span> <span class='ocrx_word' id='word_1_24' title='bbox 1125 828 1316 881; x_wconf 78' lang='lat' dir='ltr'>transitionem</span> <span class='ocrx_word' id='word_1_25' title='bbox 1341 829 1497 899; x_wconf 81' lang='lat' dir='ltr'><strong>passionem</strong></span> <span class='ocrx_word' id='word_1_26' title='bbox 1522 830 1612 892; x_wconf 85' lang='lat' dir='ltr'><strong>dicat.</strong></span> <span class='ocrx_word' id='word_1_27' title='bbox 1642 848 1702 885; x_wconf 89' lang='lat' dir='ltr'><strong>curu</strong></span> <span class='ocrx_word' id='word_1_28' title='bbox 1730 838 1824 885; x_wconf 89' lang='lat' dir='ltr'><strong>tamen</strong></span> <span class='ocrx_word' id='word_1_29' title='bbox 1852 848 1906 902; x_wconf 87' lang='lat' dir='ltr'><strong>quo</strong></span> 
     </span>
     <span class='ocr_line' id='line_1_4' title="bbox 548 908 1906 980; baseline -0.002 -14"><span class='ocrx_word' id='word_1_30' title='bbox 548 909 706 980; x_wconf 80' lang='lat' dir='ltr'><strong>expeditius</strong></span> <span class='ocrx_word' id='word_1_31' title='bbox 728 908 861 961; x_wconf 76' lang='lat' dir='ltr'><strong>transitur</strong></span> <span class='ocrx_word' id='word_1_32' title='bbox 882 908 997 961; x_wconf 91' lang='lat' dir='ltr'><strong>medium</strong></span> <span class='ocrx_word' id='word_1_33' title='bbox 1018 910 1071 960; x_wconf 94' lang='lat' dir='ltr'><strong>hoc</strong></span> <span class='ocrx_word' id='word_1_34' title='bbox 1091 908 1178 960; x_wconf 90' lang='lat' dir='ltr'><strong>minus</strong></span> <span class='ocrx_word' id='word_1_35' title='bbox 1199 908 1332 976; x_wconf 87' lang='lat' dir='ltr'><strong>patiatur,</strong></span> <span class='ocrx_word' id='word_1_36' title='bbox 1355 928 1405 962; x_wconf 85' lang='lat' dir='ltr'><strong>nec</strong></span> <span class='ocrx_word' id='word_1_37' title='bbox 1426 909 1486 962; x_wconf 91' lang='lat' dir='ltr'><strong>ulla</strong></span> <span class='ocrx_word' id='word_1_38' title='bbox 1506 909 1533 964; x_wconf 94' lang='lat' dir='ltr'><strong>in</strong></span> <span class='ocrx_word' id='word_1_39' title='bbox 1554 917 1635 979; x_wconf 90' lang='lat' dir='ltr'><strong>parte</strong></span> <span class='ocrx_word' id='word_1_40' title='bbox 1656 910 1782 980; x_wconf 89' lang='lat' dir='ltr'><strong>patiatur</strong></span> <span class='ocrx_word' id='word_1_41' title='bbox 1802 910 1856 965; x_wconf 91' lang='lat' dir='ltr'><strong>nisi</strong></span> <span class='ocrx_word' id='word_1_42' title='bbox 1878 911 1906 964; x_wconf 92' lang='lat' dir='ltr'><strong>in</strong></span> 
     </span>
     <span class='ocr_line' id='line_1_5' title="bbox 548 986 1908 1060; baseline -0.001 -15"><span class='ocrx_word' id='word_1_43' title='bbox 548 997 666 1060; x_wconf 85' lang='lat' dir='ltr'><strong>utraque</strong></span> <span class='ocrx_word' id='word_1_44' title='bbox 688 986 839 1057; x_wconf 86' lang='lat' dir='ltr'><strong>superficie,</strong></span> <span class='ocrx_word' id='word_1_45' title='bbox 862 1004 915 1057; x_wconf 94' lang='lat' dir='ltr'><strong>quo</strong></span> <span class='ocrx_word' id='word_1_46' title='bbox 936 996 1065 1058; x_wconf 90' lang='lat' dir='ltr'><strong>respectu</strong></span> <span class='ocrx_word' id='word_1_47' title='bbox 1085 987 1201 1040; x_wconf 89' lang='lat' dir='ltr'><strong>medium</strong></span> <span class='ocrx_word' id='word_1_48' title='bbox 1215 1005 1277 1040; x_wconf 90' lang='lat' dir='ltr'><strong>esse</strong></span> <span class='ocrx_word' id='word_1_49' title='bbox 1298 989 1400 1059; x_wconf 87' lang='lat' dir='ltr'><strong>nequit.</strong></span> <span class='ocrx_word' id='word_1_50' title='bbox 1429 990 1499 1042; x_wconf 88' lang='lat' dir='ltr'><strong>Nam</strong></span> <span class='ocrx_word' id='word_1_51' title='bbox 1513 989 1678 1043; x_wconf 86' lang='lat' dir='ltr'><strong>Aristoteles</strong></span> <span class='ocrx_word' id='word_1_52' title='bbox 1693 997 1726 1044; x_wconf 90' lang='lat' dir='ltr'><strong>ut</strong></span> <span class='ocrx_word' id='word_1_53' title='bbox 1746 993 1908 1045; x_wconf 88' lang='lat' dir='ltr'><strong>traduceret</strong></span> 
     </span>
     <span class='ocr_line' id='line_1_6' title="bbox 549 1066 1907 1141; baseline 0.001 -18"><span class='ocrx_word' id='word_1_54' title='bbox 549 1069 656 1139; x_wconf 90' lang='lat' dir='ltr'><strong>species</strong></span> <span class='ocrx_word' id='word_1_55' title='bbox 678 1068 798 1120; x_wconf 84' lang='lat' dir='ltr'><strong>colorum</strong></span> <span class='ocrx_word' id='word_1_56' title='bbox 818 1084 905 1135; x_wconf 89' lang='lat' dir='ltr'><strong>usque</strong></span> <span class='ocrx_word' id='word_1_57' title='bbox 927 1070 961 1120; x_wconf 90' lang='lat' dir='ltr'><strong>ad</strong></span> <span class='ocrx_word' id='word_1_58' title='bbox 983 1073 1139 1120; x_wconf 89' lang='lat' dir='ltr'><strong>contactum</strong></span> <span class='ocrx_word' id='word_1_59' title='bbox 1161 1066 1247 1130; x_wconf 92' lang='lat' dir='ltr'><strong>oculi,</strong></span> <span class='ocrx_word' id='word_1_60' title='bbox 1278 1085 1375 1137; x_wconf 90' lang='lat' dir='ltr'><strong>corpus</strong></span> <span class='ocrx_word' id='word_1_61' title='bbox 1397 1068 1512 1121; x_wconf 92' lang='lat' dir='ltr'><strong>solidum</strong></span> <span class='ocrx_word' id='word_1_62' title='bbox 1539 1069 1680 1138; x_wconf 85' lang='lat' dir='ltr'><strong>interjecit</strong></span> <span class='ocrx_word' id='word_1_63' title='bbox 1706 1070 1788 1141; x_wconf 92' lang='lat' dir='ltr'><strong>idque</strong></span> <span class='ocrx_word' id='word_1_64' title='bbox 1816 1076 1907 1124; x_wconf 89' lang='lat' dir='ltr'><strong>totum</strong></span> 
     </span>
     <span class='ocr_line' id='line_1_7' title="bbox 552 1146 1906 1219; baseline 0 -16"><span class='ocrx_word' id='word_1_65' title='bbox 552 1148 655 1203; x_wconf 78' lang='lat' dir='ltr'><strong>moveri</strong></span> <span class='ocrx_word' id='word_1_66' title='bbox 670 1164 688 1200; x_wconf 90' lang='lat' dir='ltr'><strong>a</strong></span> <span class='ocrx_word' id='word_1_67' title='bbox 702 1147 793 1200; x_wconf 89' lang='lat' dir='ltr'><strong>colore</strong></span> <span class='ocrx_word' id='word_1_68' title='bbox 808 1146 907 1199; x_wconf 86' lang='lat' dir='ltr'><strong>voluit:</strong></span> <span class='ocrx_word' id='word_1_69' title='bbox 924 1147 1005 1200; x_wconf 88' lang='lat' dir='ltr'><strong>binae</strong></span> <span class='ocrx_word' id='word_1_70' title='bbox 1020 1164 1085 1200; x_wconf 85' lang='lat' dir='ltr'><strong>vero</strong></span> <span class='ocrx_word' id='word_1_71' title='bbox 1100 1147 1279 1200; x_wconf 82' lang='lat' dir='ltr'><strong>terminantes</strong></span> <span class='ocrx_word' id='word_1_72' title='bbox 1294 1149 1451 1216; x_wconf 88' lang='lat' dir='ltr'><strong>superficies</strong></span> <span class='ocrx_word' id='word_1_73' title='bbox 1462 1166 1515 1201; x_wconf 93' lang='lat' dir='ltr'><strong>non</strong></span> <span class='ocrx_word' id='word_1_74' title='bbox 1527 1156 1591 1203; x_wconf 90' lang='lat' dir='ltr'><strong>sunt</strong></span> <span class='ocrx_word' id='word_1_75' title='bbox 1605 1166 1704 1219; x_wconf 91' lang='lat' dir='ltr'><strong>corpus</strong></span> <span class='ocrx_word' id='word_1_76' title='bbox 1719 1149 1906 1217; x_wconf 85' lang='lat' dir='ltr'><strong>interjectum.</strong></span> 
     </span>
    </p>

    <p class='ocr_par' dir='ltr' id='par_1_3' title="bbox 554 1227 1910 1679">
     <span class='ocr_line' id='line_1_8' title="bbox 642 1227 1908 1299; baseline 0.001 -19"><span class='ocrx_word' id='word_1_77' title='bbox 642 1227 714 1280; x_wconf 88' lang='lat' dir='ltr'><strong>llinc</strong></span> <span class='ocrx_word' id='word_1_78' title='bbox 734 1233 763 1278; x_wconf 92' lang='lat' dir='ltr'><strong>et</strong></span> <span class='ocrx_word' id='word_1_79' title='bbox 784 1227 817 1278; x_wconf 93' lang='lat' dir='ltr'><strong>V.</strong></span> <span class='ocrx_word' id='word_1_80' title='bbox 839 1227 985 1288; x_wconf 80' lang='lat' dir='ltr'><strong>refutatur,</strong></span> <span class='ocrx_word' id='word_1_81' title='bbox 1009 1227 1074 1296; x_wconf 90' lang='lat' dir='ltr'><strong>quia</strong></span> <span class='ocrx_word' id='word_1_82' title='bbox 1094 1228 1197 1294; x_wconf 90' lang='lat' dir='ltr'><strong>pendet</strong></span> <span class='ocrx_word' id='word_1_83' title='bbox 1218 1243 1235 1278; x_wconf 88' lang='lat' dir='ltr'><strong>a</strong></span> <span class='ocrx_word' id='word_1_84' title='bbox 1256 1235 1364 1295; x_wconf 90' lang='lat' dir='ltr'><strong>quarto.</strong></span> <span class='ocrx_word' id='word_1_85' title='bbox 1406 1232 1444 1281; x_wconf 85' lang='lat' dir='ltr'><strong>At</strong></span> <span class='ocrx_word' id='word_1_86' title='bbox 1465 1245 1553 1298; x_wconf 86' lang='lat' dir='ltr'><strong>neque</strong></span> <span class='ocrx_word' id='word_1_87' title='bbox 1574 1229 1597 1281; x_wconf 91' lang='lat' dir='ltr'><strong>si</strong></span> <span class='ocrx_word' id='word_1_88' title='bbox 1618 1246 1656 1282; x_wconf 92' lang='lat' dir='ltr'><strong>ex</strong></span> <span class='ocrx_word' id='word_1_89' title='bbox 1676 1229 1743 1283; x_wconf 90' lang='lat' dir='ltr'><strong>meis</strong></span> <span class='ocrx_word' id='word_1_90' title='bbox 1764 1228 1908 1299; x_wconf 83' lang='lat' dir='ltr'><strong>principiis</strong></span> 
     </span>
     <span class='ocr_line' id='line_1_9' title="bbox 554 1306 1910 1377; baseline -0.001 -15"><span class='ocrx_word' id='word_1_91' title='bbox 554 1308 727 1368; x_wconf 85' lang='lat' dir='ltr'><strong>informetur,</strong></span> <span class='ocrx_word' id='word_1_92' title='bbox 757 1307 857 1359; x_wconf 91' lang='lat' dir='ltr'><strong>bonum</strong></span> <span class='ocrx_word' id='word_1_93' title='bbox 877 1306 945 1370; x_wconf 88' lang='lat' dir='ltr'><strong>erit,</strong></span> <span class='ocrx_word' id='word_1_94' title='bbox 967 1306 995 1359; x_wconf 90' lang='lat' dir='ltr'><strong>in</strong></span> <span class='ocrx_word' id='word_1_95' title='bbox 1016 1308 1088 1359; x_wconf 93' lang='lat' dir='ltr'><strong>hunc</strong></span> <span class='ocrx_word' id='word_1_96' title='bbox 1113 1308 1228 1359; x_wconf 92' lang='lat' dir='ltr'><strong>modum.</strong></span> <span class='ocrx_word' id='word_1_97' title='bbox 1270 1308 1332 1360; x_wconf 86' lang='lat' dir='ltr'><strong>Lux</strong></span> <span class='ocrx_word' id='word_1_98' title='bbox 1361 1307 1462 1360; x_wconf 84' lang='lat' dir='ltr'><strong>transit</strong></span> <span class='ocrx_word' id='word_1_99' title='bbox 1487 1308 1654 1377; x_wconf 92' lang='lat' dir='ltr'><strong>pellucidum</strong></span> <span class='ocrx_word' id='word_1_100' title='bbox 1674 1317 1706 1362; x_wconf 91' lang='lat' dir='ltr'><strong>at</strong></span> <span class='ocrx_word' id='word_1_101' title='bbox 1725 1326 1780 1362; x_wconf 93' lang='lat' dir='ltr'><strong>non</strong></span> <span class='ocrx_word' id='word_1_102' title='bbox 1805 1308 1910 1363; x_wconf 87' lang='lat' dir='ltr'><strong>transit</strong></span> 
     </span>
     <span class='ocr_line' id='line_1_10' title="bbox 555 1386 1908 1458; baseline 0.001 -17"><span class='ocrx_word' id='word_1_103' title='bbox 555 1388 743 1449; x_wconf 88' lang='lat' dir='ltr'><strong>tenebrosum,</strong></span> <span class='ocrx_word' id='word_1_104' title='bbox 766 1401 836 1455; x_wconf 88' lang='lat' dir='ltr'><strong>quae</strong></span> <span class='ocrx_word' id='word_1_105' title='bbox 858 1402 926 1455; x_wconf 85' lang='lat' dir='ltr'><strong>ergo</strong></span> <span class='ocrx_word' id='word_1_106' title='bbox 948 1386 975 1438; x_wconf 93' lang='lat' dir='ltr'><strong>in</strong></span> <span class='ocrx_word' id='word_1_107' title='bbox 1003 1386 1124 1439; x_wconf 89' lang='lat' dir='ltr'><strong>tenebris</strong></span> <span class='ocrx_word' id='word_1_108' title='bbox 1152 1404 1205 1438; x_wconf 93' lang='lat' dir='ltr'><strong>non</strong></span> <span class='ocrx_word' id='word_1_109' title='bbox 1231 1393 1296 1439; x_wconf 92' lang='lat' dir='ltr'><strong>sunt</strong></span> <span class='ocrx_word' id='word_1_110' title='bbox 1322 1386 1468 1456; x_wconf 87' lang='lat' dir='ltr'><strong>pellucida.</strong></span> <span class='ocrx_word' id='word_1_111' title='bbox 1510 1387 1580 1441; x_wconf 88' lang='lat' dir='ltr'><strong>Nam</strong></span> <span class='ocrx_word' id='word_1_112' title='bbox 1605 1388 1712 1456; x_wconf 89' lang='lat' dir='ltr'><strong>petitur</strong></span> <span class='ocrx_word' id='word_1_113' title='bbox 1736 1388 1908 1458; x_wconf 87' lang='lat' dir='ltr'><strong>principium,</strong></span> 
     </span>
     <span class='ocr_line' id='line_1_11' title="bbox 556 1464 1909 1539; baseline 0.001 -18"><span class='ocrx_word' id='word_1_114' title='bbox 556 1466 621 1539; x_wconf 82' lang='lat' dir='ltr'><strong>quia</strong></span> <span class='ocrx_word' id='word_1_115' title='bbox 641 1466 697 1518; x_wconf 91' lang='lat' dir='ltr'><strong>boo</strong></span> <span class='ocrx_word' id='word_1_116' title='bbox 714 1465 802 1534; x_wconf 91' lang='lat' dir='ltr'><strong>ipsum</strong></span> <span class='ocrx_word' id='word_1_117' title='bbox 824 1464 892 1517; x_wconf 83' lang='lat' dir='ltr'><strong>facit</strong></span> <span class='ocrx_word' id='word_1_118' title='bbox 913 1467 1052 1529; x_wconf 85' lang='lat' dir='ltr'><strong>tenebras,</strong></span> <span class='ocrx_word' id='word_1_119' title='bbox 1075 1482 1135 1517; x_wconf 91' lang='lat' dir='ltr'><strong>cum</strong></span> <span class='ocrx_word' id='word_1_120' title='bbox 1154 1467 1206 1517; x_wconf 83' lang='lat' dir='ltr'><strong>lux</strong></span> <span class='ocrx_word' id='word_1_121' title='bbox 1228 1467 1308 1519; x_wconf 89' lang='lat' dir='ltr'><strong>abest</strong></span> <span class='ocrx_word' id='word_1_122' title='bbox 1330 1483 1347 1519; x_wconf 90' lang='lat' dir='ltr'><strong>a</strong></span> <span class='ocrx_word' id='word_1_123' title='bbox 1368 1466 1514 1535; x_wconf 85' lang='lat' dir='ltr'><strong>pellucido.</strong></span> <span class='ocrx_word' id='word_1_124' title='bbox 1536 1496 1575 1505; x_wconf 95' lang='lat'><strong>-—</strong></span> <span class='ocrx_word' id='word_1_125' title='bbox 1605 1468 1663 1521; x_wconf 89' lang='lat' dir='ltr'><strong>Nec</strong></span> <span class='ocrx_word' id='word_1_126' title='bbox 1682 1468 1852 1537; x_wconf 85' lang='lat' dir='ltr'><strong>pellucidum</strong></span> <span class='ocrx_word' id='word_1_127' title='bbox 1872 1469 1909 1521; x_wconf 82' lang='lat' dir='ltr'><strong>ab</strong></span> 
     </span>
     <span class='ocr_line' id='line_1_12' title="bbox 555 1544 1909 1617; baseline 0.001 -17"><span class='ocrx_word' id='word_1_128' title='bbox 555 1547 615 1617; x_wconf 86' lang='lat' dir='ltr'><strong>ipso</strong></span> <span class='ocrx_word' id='word_1_129' title='bbox 637 1551 701 1600; x_wconf 89' lang='lat' dir='ltr'><strong>actu</strong></span> <span class='ocrx_word' id='word_1_130' title='bbox 722 1562 820 1598; x_wconf 86' lang='lat' dir='ltr'><strong>nomen</strong></span> <span class='ocrx_word' id='word_1_131' title='bbox 841 1544 935 1607; x_wconf 84' lang='lat' dir='ltr'><strong>habet,</strong></span> <span class='ocrx_word' id='word_1_132' title='bbox 958 1545 1036 1615; x_wconf 86' lang='lat' dir='ltr'><strong>quasi</strong></span> <span class='ocrx_word' id='word_1_133' title='bbox 1051 1562 1104 1598; x_wconf 93' lang='lat' dir='ltr'><strong>non</strong></span> <span class='ocrx_word' id='word_1_134' title='bbox 1119 1545 1156 1597; x_wconf 90' lang='lat' dir='ltr'><strong>sit</strong></span> <span class='ocrx_word' id='word_1_135' title='bbox 1177 1544 1385 1612; x_wconf 83' lang='lat' dir='ltr'><strong>ejusnaturae,</strong></span> <span class='ocrx_word' id='word_1_136' title='bbox 1408 1548 1478 1616; x_wconf 93' lang='lat' dir='ltr'><strong>quod</strong></span> <span class='ocrx_word' id='word_1_137' title='bbox 1493 1564 1547 1601; x_wconf 92' lang='lat' dir='ltr'><strong>nou</strong></span> <span class='ocrx_word' id='word_1_138' title='bbox 1561 1554 1625 1601; x_wconf 90' lang='lat' dir='ltr'><strong>actu</strong></span> <span class='ocrx_word' id='word_1_139' title='bbox 1646 1547 1779 1616; x_wconf 91' lang='lat' dir='ltr'><strong>pellucet.</strong></span> <span class='ocrx_word' id='word_1_140' title='bbox 1814 1547 1909 1601; x_wconf 90' lang='lat' dir='ltr'><strong>Pellu-</strong></span> 
     </span>
     <span class='ocr_line' id='line_1_13' title="bbox 555 1624 979 1679; baseline -0.002 0"><span class='ocrx_word' id='word_1_141' title='bbox 555 1631 631 1679; x_wconf 86' lang='lat' dir='ltr'><strong>ceret</strong></span> <span class='ocrx_word' id='word_1_142' title='bbox 650 1624 721 1677; x_wconf 87' lang='lat' dir='ltr'><strong>enim</strong></span> <span class='ocrx_word' id='word_1_143' title='bbox 743 1624 766 1676; x_wconf 90' lang='lat' dir='ltr'><strong>si</strong></span> <span class='ocrx_word' id='word_1_144' title='bbox 787 1624 837 1676; x_wconf 85' lang='lat' dir='ltr'><strong>lux</strong></span> <span class='ocrx_word' id='word_1_145' title='bbox 859 1625 979 1679; x_wconf 78' lang='lat' dir='ltr'><strong>adesset.</strong></span> 
     </span>
    </p>

    <p class='ocr_par' dir='ltr' id='par_1_4' title="bbox 554 1703 1914 2412">
     <span class='ocr_line' id='line_1_14' title="bbox 643 1703 1910 1773; baseline 0.001 -16"><span class='ocrx_word' id='word_1_146' title='bbox 643 1706 706 1758; x_wconf 86' lang='lat' dir='ltr'><strong>Jam</strong></span> <span class='ocrx_word' id='word_1_147' title='bbox 726 1704 773 1757; x_wconf 92' lang='lat' dir='ltr'><strong>VI.</strong></span> <span class='ocrx_word' id='word_1_148' title='bbox 795 1710 840 1755; x_wconf 91' lang='lat' dir='ltr'><strong>est</strong></span> <span class='ocrx_word' id='word_1_149' title='bbox 860 1703 1024 1757; x_wconf 83' lang='lat' dir='ltr'><strong>indifferens.</strong></span> <span class='ocrx_word' id='word_1_150' title='bbox 1053 1704 1246 1773; x_wconf 85' lang='lat' dir='ltr'><strong>Respondetur</strong></span> <span class='ocrx_word' id='word_1_151' title='bbox 1264 1705 1299 1755; x_wconf 91' lang='lat' dir='ltr'><strong>ad</strong></span> <span class='ocrx_word' id='word_1_152' title='bbox 1319 1703 1449 1756; x_wconf 88' lang='lat' dir='ltr'><strong>minorem</strong></span> <span class='ocrx_word' id='word_1_153' title='bbox 1469 1721 1520 1772; x_wconf 91' lang='lat' dir='ltr'><strong>per</strong></span> <span class='ocrx_word' id='word_1_154' title='bbox 1540 1705 1749 1760; x_wconf 86' lang='lat' dir='ltr'><strong>distinctionem.</strong></span> <span class='ocrx_word' id='word_1_155' title='bbox 1777 1706 1910 1761; x_wconf 86' lang='lat' dir='ltr'><strong>Essentia</strong></span> 
     </span>
     <span class='ocr_line' id='line_1_15' title="bbox 555 1784 1910 1856; baseline 0.001 -18"><span class='ocrx_word' id='word_1_156' title='bbox 555 1784 684 1855; x_wconf 90' lang='lat' dir='ltr'><strong>pellucidi</strong></span> <span class='ocrx_word' id='word_1_157' title='bbox 707 1789 842 1852; x_wconf 90' lang='lat' dir='ltr'><strong>quatenus</strong></span> <span class='ocrx_word' id='word_1_158' title='bbox 864 1784 1030 1850; x_wconf 91' lang='lat' dir='ltr'><strong>pellucidum</strong></span> <span class='ocrx_word' id='word_1_159' title='bbox 1045 1801 1098 1835; x_wconf 94' lang='lat' dir='ltr'><strong>non</strong></span> <span class='ocrx_word' id='word_1_160' title='bbox 1117 1791 1160 1835; x_wconf 88' lang='lat' dir='ltr'><strong>est</strong></span> <span class='ocrx_word' id='word_1_161' title='bbox 1181 1785 1231 1836; x_wconf 86' lang='lat' dir='ltr'><strong>lux</strong></span> <span class='ocrx_word' id='word_1_162' title='bbox 1246 1799 1295 1835; x_wconf 90' lang='lat' dir='ltr'><strong>seu</strong></span> <span class='ocrx_word' id='word_1_163' title='bbox 1315 1799 1448 1852; x_wconf 87' lang='lat' dir='ltr'><strong>praesens</strong></span> <span class='ocrx_word' id='word_1_164' title='bbox 1464 1801 1512 1836; x_wconf 93' lang='lat' dir='ltr'><strong>seu</strong></span> <span class='ocrx_word' id='word_1_165' title='bbox 1534 1786 1644 1848; x_wconf 77' lang='lat' dir='ltr'><strong>absens,</strong></span> <span class='ocrx_word' id='word_1_166' title='bbox 1667 1788 1714 1838; x_wconf 91' lang='lat' dir='ltr'><strong>sed</strong></span> <span class='ocrx_word' id='word_1_167' title='bbox 1736 1786 1798 1840; x_wconf 89' lang='lat' dir='ltr'><strong>sola</strong></span> <span class='ocrx_word' id='word_1_168' title='bbox 1818 1786 1910 1856; x_wconf 91' lang='lat' dir='ltr'><strong>dispo·</strong></span> 
     </span>
     <span class='ocr_line' id='line_1_16' title="bbox 555 1862 1911 1937; baseline 0.001 -19"><span class='ocrx_word' id='word_1_169' title='bbox 555 1864 620 1919; x_wconf 93' lang='lat' dir='ltr'><strong>sitio</strong></span> <span class='ocrx_word' id='word_1_170' title='bbox 642 1864 753 1916; x_wconf 90' lang='lat' dir='ltr'><strong>interna</strong></span> <span class='ocrx_word' id='word_1_171' title='bbox 773 1862 904 1931; x_wconf 90' lang='lat' dir='ltr'><strong>corporis.</strong></span> <span class='ocrx_word' id='word_1_172' title='bbox 947 1864 1090 1916; x_wconf 83' lang='lat' dir='ltr'><strong>Tenebrae</strong></span> <span class='ocrx_word' id='word_1_173' title='bbox 1112 1881 1165 1915; x_wconf 92' lang='lat' dir='ltr'><strong>non</strong></span> <span class='ocrx_word' id='word_1_174' title='bbox 1191 1862 1303 1932; x_wconf 78' lang='lat' dir='ltr'><strong>privant</strong></span> <span class='ocrx_word' id='word_1_175' title='bbox 1327 1863 1492 1931; x_wconf 91' lang='lat' dir='ltr'><strong>pellucidum</strong></span> <span class='ocrx_word' id='word_1_176' title='bbox 1512 1864 1567 1916; x_wconf 91' lang='lat' dir='ltr'><strong>hac</strong></span> <span class='ocrx_word' id='word_1_177' title='bbox 1592 1865 1726 1929; x_wconf 88' lang='lat' dir='ltr'><strong>essentia,</strong></span> <span class='ocrx_word' id='word_1_178' title='bbox 1754 1882 1840 1937; x_wconf 90' lang='lat' dir='ltr'><strong>quare</strong></span> <span class='ocrx_word' id='word_1_179' title='bbox 1861 1883 1911 1919; x_wconf 89' lang='lat' dir='ltr'><strong>uec</strong></span> 
     </span>
     <span class='ocr_line' id='line_1_17' title="bbox 554 1941 1911 2015; baseline -0.001 -16"><span class='ocrx_word' id='word_1_180' title='bbox 554 1946 604 1999; x_wconf 85' lang='lat' dir='ltr'><strong>lux</strong></span> <span class='ocrx_word' id='word_1_181' title='bbox 626 1959 688 1996; x_wconf 90' lang='lat' dir='ltr'><strong>eam</strong></span> <span class='ocrx_word' id='word_1_182' title='bbox 709 1941 796 2010; x_wconf 90' lang='lat' dir='ltr'><strong>ponit.</strong></span> <span class='ocrx_word' id='word_1_183' title='bbox 838 1941 891 1994; x_wconf 90' lang='lat' dir='ltr'><strong>Sed</strong></span> <span class='ocrx_word' id='word_1_184' title='bbox 913 1943 935 1994; x_wconf 93' lang='lat' dir='ltr'><strong>si</strong></span> <span class='ocrx_word' id='word_1_185' title='bbox 957 1942 1124 2011; x_wconf 88' lang='lat' dir='ltr'><strong>pellucidum</strong></span> <span class='ocrx_word' id='word_1_186' title='bbox 1153 1942 1223 1995; x_wconf 90' lang='lat' dir='ltr'><strong>idem</strong></span> <span class='ocrx_word' id='word_1_187' title='bbox 1254 1949 1333 1995; x_wconf 91' lang='lat' dir='ltr'><strong>sonet</strong></span> <span class='ocrx_word' id='word_1_188' title='bbox 1360 1946 1431 2012; x_wconf 91' lang='lat' dir='ltr'><strong>quod</strong></span> <span class='ocrx_word' id='word_1_189' title='bbox 1461 1944 1620 2013; x_wconf 81' lang='lat' dir='ltr'><strong>pellacem,</strong></span> <span class='ocrx_word' id='word_1_190' title='bbox 1652 1947 1785 1999; x_wconf 82' lang='lat' dir='ltr'><strong>tenebrae</strong></span> <span class='ocrx_word' id='word_1_191' title='bbox 1816 1946 1911 2015; x_wconf 87' lang='lat' dir='ltr'><strong>utique</strong></span> 
     </span>
     <span class='ocr_line' id='line_1_18' title="bbox 555 2021 1913 2092; baseline -0.002 -13"><span class='ocrx_word' id='word_1_192' title='bbox 555 2022 678 2079; x_wconf 86' lang='lat' dir='ltr'><strong>indicant</strong></span> <span class='ocrx_word' id='word_1_193' title='bbox 698 2038 753 2075; x_wconf 90' lang='lat' dir='ltr'><strong>uon</strong></span> <span class='ocrx_word' id='word_1_194' title='bbox 778 2021 934 2089; x_wconf 71' lang='lat' dir='ltr'><strong>pellacem,</strong></span> <span class='ocrx_word' id='word_1_195' title='bbox 966 2023 1056 2076; x_wconf 90' lang='lat' dir='ltr'><strong>lumen</strong></span> <span class='ocrx_word' id='word_1_196' title='bbox 1083 2022 1170 2091; x_wconf 86' lang='lat' dir='ltr'><strong>igitur</strong></span> <span class='ocrx_word' id='word_1_197' title='bbox 1200 2039 1297 2075; x_wconf 92' lang='lat' dir='ltr'><strong>nomen</strong></span> <span class='ocrx_word' id='word_1_198' title='bbox 1325 2022 1377 2091; x_wconf 88' lang='lat' dir='ltr'><strong>ipsi</strong></span> <span class='ocrx_word' id='word_1_199' title='bbox 1408 2023 1538 2076; x_wconf 89' lang='lat' dir='ltr'><strong>conciliat</strong></span> <span class='ocrx_word' id='word_1_200' title='bbox 1567 2025 1742 2092; x_wconf 85' lang='lat' dir='ltr'><strong>pellucentis.</strong></span> <span class='ocrx_word' id='word_1_201' title='bbox 1785 2025 1839 2079; x_wconf 85' lang='lat' dir='ltr'><strong>Sed</strong></span> <span class='ocrx_word' id='word_1_202' title='bbox 1860 2025 1913 2078; x_wconf 88' lang='lat' dir='ltr'><strong>boc</strong></span> 
     </span>
     <span class='ocr_line' id='line_1_19' title="bbox 557 2101 1914 2175; baseline 0.001 -19"><span class='ocrx_word' id='word_1_203' title='bbox 557 2110 641 2175; x_wconf 89' lang='lat' dir='ltr'><strong>pacto</strong></span> <span class='ocrx_word' id='word_1_204' title='bbox 663 2101 756 2155; x_wconf 88' lang='lat' dir='ltr'><strong>lumen</strong></span> <span class='ocrx_word' id='word_1_205' title='bbox 776 2118 830 2154; x_wconf 90' lang='lat' dir='ltr'><strong>non</strong></span> <span class='ocrx_word' id='word_1_206' title='bbox 852 2108 896 2153; x_wconf 88' lang='lat' dir='ltr'><strong>est</strong></span> <span class='ocrx_word' id='word_1_207' title='bbox 916 2102 990 2156; x_wconf 91' lang='lat' dir='ltr'><strong>aliud</strong></span> <span class='ocrx_word' id='word_1_208' title='bbox 1012 2102 1153 2172; x_wconf 87' lang='lat' dir='ltr'><strong>quippiam</strong></span> <span class='ocrx_word' id='word_1_209' title='bbox 1180 2119 1260 2171; x_wconf 87' lang='lat' dir='ltr'><strong>quarn</strong></span> <span class='ocrx_word' id='word_1_210' title='bbox 1287 2101 1392 2170; x_wconf 87' lang='lat' dir='ltr'><strong>species</strong></span> <span class='ocrx_word' id='word_1_211' title='bbox 1414 2119 1432 2155; x_wconf 95' lang='lat' dir='ltr'><strong>a</strong></span> <span class='ocrx_word' id='word_1_212' title='bbox 1452 2103 1589 2156; x_wconf 89' lang='lat' dir='ltr'><strong>coloribus</strong></span> <span class='ocrx_word' id='word_1_213' title='bbox 1616 2121 1732 2158; x_wconf 91' lang='lat' dir='ltr'><strong>manans</strong></span> <span class='ocrx_word' id='word_1_214' title='bbox 1753 2122 1806 2157; x_wconf 90' lang='lat' dir='ltr'><strong>nec</strong></span> <span class='ocrx_word' id='word_1_215' title='bbox 1826 2103 1914 2158; x_wconf 75' lang='lat' dir='ltr'><strong>servit</strong></span> 
     </span>
     <span class='ocr_line' id='line_1_20' title="bbox 557 2180 1913 2254; baseline 0 -18"><span class='ocrx_word' id='word_1_216' title='bbox 557 2183 665 2236; x_wconf 84' lang='lat' dir='ltr'><strong>intento</strong></span> <span class='ocrx_word' id='word_1_217' title='bbox 687 2180 863 2243; x_wconf 87' lang='lat' dir='ltr'><strong>Aristotelis,</strong></span> <span class='ocrx_word' id='word_1_218' title='bbox 891 2182 936 2250; x_wconf 91' lang='lat' dir='ltr'><strong>qui</strong></span> <span class='ocrx_word' id='word_1_219' title='bbox 957 2203 989 2236; x_wconf 78' lang='grc' dir='ltr'><strong>ιο</strong></span> <span class='ocrx_word' id='word_1_220' title='bbox 1010 2202 1079 2254; x_wconf 65' lang='lat' dir='ltr'><strong>quc,</strong></span> <span class='ocrx_word' id='word_1_221' title='bbox 1101 2187 1193 2234; x_wconf 91' lang='lat' dir='ltr'><strong>actum</strong></span> <span class='ocrx_word' id='word_1_222' title='bbox 1221 2180 1365 2250; x_wconf 87' lang='lat' dir='ltr'><strong>pellucidi,</strong></span> <span class='ocrx_word' id='word_1_223' title='bbox 1394 2182 1463 2236; x_wconf 86' lang='lat' dir='ltr'><strong>facit</strong></span> <span class='ocrx_word' id='word_1_224' title='bbox 1483 2189 1585 2236; x_wconf 90' lang='lat' dir='ltr'><strong>natura</strong></span> <span class='ocrx_word' id='word_1_225' title='bbox 1610 2191 1640 2237; x_wconf 90' lang='lat' dir='ltr'><strong>et</strong></span> <span class='ocrx_word' id='word_1_226' title='bbox 1664 2184 1810 2238; x_wconf 87' lang='lat' dir='ltr'><strong>intellectu</strong></span> <span class='ocrx_word' id='word_1_227' title='bbox 1835 2183 1913 2254; x_wconf 86' lang='lat' dir='ltr'><strong>prius</strong></span> 
     </span>
     <span class='ocr_line' id='line_1_21' title="bbox 559 2260 1914 2337; baseline -0.001 -20"><span class='ocrx_word' id='word_1_228' title='bbox 559 2261 650 2332; x_wconf 89' lang='lat' dir='ltr'><strong>specie</strong></span> <span class='ocrx_word' id='word_1_229' title='bbox 672 2260 780 2323; x_wconf 90' lang='lat' dir='ltr'><strong>coloris,</strong></span> <span class='ocrx_word' id='word_1_230' title='bbox 802 2260 879 2330; x_wconf 90' lang='lat' dir='ltr'><strong>prius</strong></span> <span class='ocrx_word' id='word_1_231' title='bbox 900 2262 972 2316; x_wconf 88' lang='lat' dir='ltr'><strong>enim</strong></span> <span class='ocrx_word' id='word_1_232' title='bbox 993 2262 1045 2332; x_wconf 90' lang='lat' dir='ltr'><strong>ipsi</strong></span> <span class='ocrx_word' id='word_1_233' title='bbox 1067 2261 1233 2331; x_wconf 85' lang='lat' dir='ltr'><strong>pellucidum</strong></span> <span class='ocrx_word' id='word_1_234' title='bbox 1254 2260 1282 2314; x_wconf 91' lang='lat' dir='ltr'><strong>iu</strong></span> <span class='ocrx_word' id='word_1_235' title='bbox 1304 2266 1395 2314; x_wconf 89' lang='lat' dir='ltr'><strong>actum</strong></span> <span class='ocrx_word' id='word_1_236' title='bbox 1415 2262 1574 2331; x_wconf 87' lang='lat' dir='ltr'><strong>perducitur</strong></span> <span class='ocrx_word' id='word_1_237' title='bbox 1588 2264 1625 2317; x_wconf 93' lang='lat' dir='ltr'><strong>ab</strong></span> <span class='ocrx_word' id='word_1_238' title='bbox 1646 2264 1814 2319; x_wconf 86' lang='lat' dir='ltr'><strong>informante</strong></span> <span class='ocrx_word' id='word_1_239' title='bbox 1831 2283 1914 2337; x_wconf 74' lang='lat' dir='ltr'><strong>sputi,</strong></span> 
     </span>
     <span class='ocr_line' id='line_1_22' title="bbox 558 2340 1684 2412; baseline 0.002 -17"><span class='ocrx_word' id='word_1_240' title='bbox 558 2346 660 2412; x_wconf 79' lang='lat' dir='ltr'><strong>postea</strong></span> <span class='ocrx_word' id='word_1_241' title='bbox 681 2341 756 2394; x_wconf 92' lang='lat' dir='ltr'><strong>color</strong></span> <span class='ocrx_word' id='word_1_242' title='bbox 777 2346 868 2393; x_wconf 86' lang='lat' dir='ltr'><strong>movet</strong></span> <span class='ocrx_word' id='word_1_243' title='bbox 888 2340 941 2394; x_wconf 89' lang='lat' dir='ltr'><strong>hoc</strong></span> <span class='ocrx_word' id='word_1_244' title='bbox 961 2348 1025 2395; x_wconf 89' lang='lat' dir='ltr'><strong>actu</strong></span> <span class='ocrx_word' id='word_1_245' title='bbox 1046 2341 1220 2410; x_wconf 90' lang='lat' dir='ltr'><strong>pellucidum,</strong></span> <span class='ocrx_word' id='word_1_246' title='bbox 1243 2341 1321 2410; x_wconf 87' lang='lat' dir='ltr'><strong>cique</strong></span> <span class='ocrx_word' id='word_1_247' title='bbox 1343 2341 1462 2410; x_wconf 90' lang='lat' dir='ltr'><strong>speciem</strong></span> <span class='ocrx_word' id='word_1_248' title='bbox 1483 2342 1526 2395; x_wconf 89' lang='lat' dir='ltr'><strong>sui</strong></span> <span class='ocrx_word' id='word_1_249' title='bbox 1547 2342 1684 2411; x_wconf 85' lang='lat' dir='ltr'><strong>imprimit.</strong></span> 
     </span>
    </p>

    <p class='ocr_par' dir='ltr' id='par_1_5' title="bbox 557 2419 1916 2736">
     <span class='ocr_line' id='line_1_23' title="bbox 644 2419 1914 2494; baseline 0.001 -20"><span class='ocrx_word' id='word_1_250' title='bbox 644 2421 787 2488; x_wconf 85' lang='lat' dir='ltr'><strong>Exspecto</strong></span> <span class='ocrx_word' id='word_1_251' title='bbox 802 2419 864 2489; x_wconf 89' lang='lat' dir='ltr'><strong>quid</strong></span> <span class='ocrx_word' id='word_1_252' title='bbox 886 2421 1035 2474; x_wconf 87' lang='lat' dir='ltr'><strong>academici</strong></span> <span class='ocrx_word' id='word_1_253' title='bbox 1056 2426 1154 2473; x_wconf 89' lang='lat' dir='ltr'><strong>contra</strong></span> <span class='ocrx_word' id='word_1_254' title='bbox 1168 2422 1223 2474; x_wconf 91' lang='lat' dir='ltr'><strong>sint</strong></span> <span class='ocrx_word' id='word_1_255' title='bbox 1243 2420 1358 2474; x_wconf 90' lang='lat' dir='ltr'><strong>allaturi</strong></span> <span class='ocrx_word' id='word_1_256' title='bbox 1377 2424 1563 2492; x_wconf 91' lang='lat' dir='ltr'><strong>quomodoque</strong></span> <span class='ocrx_word' id='word_1_257' title='bbox 1583 2423 1715 2477; x_wconf 88' lang='lat' dir='ltr'><strong>honorem</strong></span> <span class='ocrx_word' id='word_1_258' title='bbox 1728 2422 1772 2477; x_wconf 88' lang='lat' dir='ltr'><strong>sui</strong></span> <span class='ocrx_word' id='word_1_259' title='bbox 1786 2420 1914 2494; x_wconf 77' lang='lat' dir='ltr'><strong>magistri</strong></span> 
     </span>
     <span class='ocr_line' id='line_1_24' title="bbox 558 2496 1914 2573; baseline 0.001 -19"><span class='ocrx_word' id='word_1_260' title='bbox 558 2496 641 2573; x_wconf 85' lang='lat' dir='ltr'><strong>(quod</strong></span> <span class='ocrx_word' id='word_1_261' title='bbox 661 2500 722 2569; x_wconf 91' lang='lat' dir='ltr'><strong>ipse</strong></span> <span class='ocrx_word' id='word_1_262' title='bbox 744 2516 798 2552; x_wconf 88' lang='lat' dir='ltr'><strong>nun</strong></span> <span class='ocrx_word' id='word_1_263' title='bbox 819 2499 902 2568; x_wconf 88' lang='lat' dir='ltr'><strong>petiit</strong></span> <span class='ocrx_word' id='word_1_264' title='bbox 923 2496 1056 2571; x_wconf 89' lang='lat' dir='ltr'><strong>unquam)</strong></span> <span class='ocrx_word' id='word_1_265' title='bbox 1077 2499 1189 2553; x_wconf 82' lang='lat' dir='ltr'><strong>veritati</strong></span> <span class='ocrx_word' id='word_1_266' title='bbox 1210 2500 1353 2570; x_wconf 84' lang='lat' dir='ltr'><strong>praeferre</strong></span> <span class='ocrx_word' id='word_1_267' title='bbox 1381 2501 1437 2554; x_wconf 90' lang='lat' dir='ltr'><strong>sint</strong></span> <span class='ocrx_word' id='word_1_268' title='bbox 1464 2502 1640 2556; x_wconf 88' lang='lat' dir='ltr'><strong>attentaturi.</strong></span> <span class='ocrx_word' id='word_1_269' title='bbox 1682 2504 1812 2556; x_wconf 89' lang='lat' dir='ltr'><strong>Ceterum</strong></span> <span class='ocrx_word' id='word_1_270' title='bbox 1840 2502 1914 2572; x_wconf 89' lang='lat' dir='ltr'><strong>quis·</strong></span> 
     </span>
     <span class='ocr_line' id='line_1_25' title="bbox 557 2578 1913 2651; baseline 0.001 -18"><span class='ocrx_word' id='word_1_271' title='bbox 557 2579 618 2651; x_wconf 89' lang='lat' dir='ltr'><strong>quis</strong></span> <span class='ocrx_word' id='word_1_272' title='bbox 639 2596 679 2642; x_wconf 88' lang='lat' dir='ltr'><strong>es,</strong></span> <span class='ocrx_word' id='word_1_273' title='bbox 704 2580 747 2632; x_wconf 91' lang='lat' dir='ltr'><strong>cui</strong></span> <span class='ocrx_word' id='word_1_274' title='bbox 767 2595 872 2632; x_wconf 88' lang='lat' dir='ltr'><strong>mecum</strong></span> <span class='ocrx_word' id='word_1_275' title='bbox 893 2583 1057 2634; x_wconf 89' lang='lat' dir='ltr'><strong>contendere</strong></span> <span class='ocrx_word' id='word_1_276' title='bbox 1078 2580 1208 2642; x_wconf 90' lang='lat' dir='ltr'><strong>lubuerit,</strong></span> <span class='ocrx_word' id='word_1_277' title='bbox 1230 2579 1299 2632; x_wconf 89' lang='lat' dir='ltr'><strong>scito</strong></span> <span class='ocrx_word' id='word_1_278' title='bbox 1320 2578 1460 2651; x_wconf 87' lang='lat' dir='ltr'><strong>indignum</strong></span> <span class='ocrx_word' id='word_1_279' title='bbox 1481 2582 1535 2634; x_wconf 91' lang='lat' dir='ltr'><strong>hac</strong></span> <span class='ocrx_word' id='word_1_280' title='bbox 1554 2583 1700 2651; x_wconf 86' lang='lat' dir='ltr'><strong>palaestra</strong></span> <span class='ocrx_word' id='word_1_281' title='bbox 1720 2582 1849 2636; x_wconf 89' lang='lat' dir='ltr'><strong>habitum</strong></span> <span class='ocrx_word' id='word_1_282' title='bbox 1870 2580 1913 2644; x_wconf 88' lang='lat' dir='ltr'><strong>iri,</strong></span> 
     </span>
     <span class='ocr_line' id='line_1_26' title="bbox 557 2658 1916 2736; baseline 0 -23"><span class='ocrx_word' id='word_1_283' title='bbox 557 2658 610 2713; x_wconf 92' lang='lat' dir='ltr'><strong>nisi</strong></span> <span class='ocrx_word' id='word_1_284' title='bbox 640 2674 778 2712; x_wconf 88' lang='lat' dir='ltr'><strong>cameram</strong></span> <span class='ocrx_word' id='word_1_285' title='bbox 805 2674 894 2712; x_wconf 91' lang='lat' dir='ltr'><strong>meam</strong></span> <span class='ocrx_word' id='word_1_286' title='bbox 923 2665 1054 2730; x_wconf 89' lang='lat' dir='ltr'><strong>sequente</strong></span> <span class='ocrx_word' id='word_1_287' title='bbox 1085 2660 1178 2728; x_wconf 90' lang='lat' dir='ltr'><strong>capite</strong></span> <span class='ocrx_word' id='word_1_288' title='bbox 1199 2660 1233 2713; x_wconf 90' lang='lat' dir='ltr'><strong>Il.</strong></span> <span class='ocrx_word' id='word_1_289' title='bbox 1254 2659 1421 2734; x_wconf 82' lang='lat' dir='ltr'><strong>descriptam</strong></span> <span class='ocrx_word' id='word_1_290' title='bbox 1442 2659 1532 2736; x_wconf 30' lang='lat' dir='ltr'><strong>‘fureris</strong></span> <span class='ocrx_word' id='word_1_291' title='bbox 1561 2661 1719 2732; x_wconf 87' lang='lat' dir='ltr'><strong>ingressus:</strong></span> <span class='ocrx_word' id='word_1_292' title='bbox 1751 2678 1822 2732; x_wconf 88' lang='lat' dir='ltr'><strong>quae</strong></span> <span class='ocrx_word' id='word_1_293' title='bbox 1853 2661 1916 2714; x_wconf 88' lang='lat' dir='ltr'><strong>sola</strong></span> 
     </span>
    </p>
   </div>
   <div class='ocr_carea' id='block_1_3' title="bbox 557 2736 1913 2887">
    <p class='ocr_par' dir='ltr' id='par_1_6' title="bbox 557 2736 1913 2887">
     <span class='ocr_line' id='line_1_27' title="bbox 557 2736 1913 2809; baseline 0.001 -17"><span class='ocrx_word' id='word_1_294' title='bbox 557 2737 703 2792; x_wconf 82' lang='lat' dir='ltr'><strong>Aristoteli</strong></span> <span class='ocrx_word' id='word_1_295' title='bbox 724 2736 819 2791; x_wconf 78' lang='lat' dir='ltr'><strong>debuit.</strong></span> <span class='ocrx_word' id='word_1_296' title='bbox 863 2738 951 2799; x_wconf 88' lang='lat' dir='ltr'><strong>Quam</strong></span> <span class='ocrx_word' id='word_1_297' title='bbox 972 2739 995 2792; x_wconf 90' lang='lat' dir='ltr'><strong>si</strong></span> <span class='ocrx_word' id='word_1_298' title='bbox 1016 2745 1046 2791; x_wconf 95' lang='lat' dir='ltr'><strong>tu</strong></span> <span class='ocrx_word' id='word_1_299' title='bbox 1068 2740 1186 2792; x_wconf 91' lang='lat' dir='ltr'><strong>monitus</strong></span> <span class='ocrx_word' id='word_1_300' title='bbox 1207 2739 1348 2809; x_wconf 83' lang='lat' dir='ltr'><strong>negligas,</strong></span> <span class='ocrx_word' id='word_1_301' title='bbox 1371 2757 1424 2794; x_wconf 90' lang='lat' dir='ltr'><strong>non</strong></span> <span class='ocrx_word' id='word_1_302' title='bbox 1446 2743 1542 2795; x_wconf 91' lang='lat' dir='ltr'><strong>eadem</strong></span> <span class='ocrx_word' id='word_1_303' title='bbox 1563 2741 1708 2796; x_wconf 89' lang='lat' dir='ltr'><strong>excusat-io</strong></span> <span class='ocrx_word' id='word_1_304' title='bbox 1730 2748 1758 2795; x_wconf 89' lang='lat' dir='ltr'><strong>te</strong></span> <span class='ocrx_word' id='word_1_305' title='bbox 1780 2741 1913 2803; x_wconf 67' lang='lat' dir='ltr'><strong>tuebitur,</strong></span> 
     </span>
     <span class='ocr_line' id='line_1_28' title="bbox 558 2810 876 2887; baseline -0.009 -16"><span class='ocrx_word' id='word_1_306' title='bbox 558 2832 629 2887; x_wconf 87' lang='lat' dir='ltr'><strong>quae</strong></span> <span class='ocrx_word' id='word_1_307' title='bbox 650 2817 837 2871; x_wconf 86' lang='lat' dir='ltr'><strong>Aristotelem.</strong></span> <span class='ocrx_word' id='word_1_308' title='bbox 849 2810 876 2883; x_wconf 79' lang='grc'><strong>·)</strong></span> 
     </span>
    </p>
   </div>
   <div class='ocr_carea' id='block_1_4' title="bbox 558 2979 1915 3119">
    <p class='ocr_par' dir='ltr' id='par_1_7' title="bbox 558 2979 1915 3119">
     <span class='ocr_line' id='line_1_29' title="bbox 647 2979 1915 3047; baseline 0.001 -14"><span class='ocrx_word' id='word_1_309' title='bbox 647 2980 673 3045; x_wconf 75' lang='grc'><strong>*)</strong></span> <span class='ocrx_word' id='word_1_310' title='bbox 692 2982 760 3033; x_wconf 88' lang='lat' dir='ltr'><strong>lnlra</strong></span> <span class='ocrx_word' id='word_1_311' title='bbox 782 2979 856 3047; x_wconf 80' lang='lat' dir='ltr'><strong>(Cap.</strong></span> <span class='ocrx_word' id='word_1_312' title='bbox 877 2983 908 3032; x_wconf 91' lang='lat' dir='ltr'><strong>V.</strong></span> <span class='ocrx_word' id='word_1_313' title='bbox 928 2982 986 3033; x_wconf 84' lang='lat' dir='ltr'><strong>Nro.</strong></span> <span class='ocrx_word' id='word_1_314' title='bbox 1007 2979 1035 3043; x_wconf 77' lang='lat' dir='ltr'><strong>d)</strong></span> <span class='ocrx_word' id='word_1_315' title='bbox 1064 2983 1121 3033; x_wconf 88' lang='lat' dir='ltr'><strong>dum</strong></span> <span class='ocrx_word' id='word_1_316' title='bbox 1150 2985 1307 3033; x_wconf 84' lang='lat' dir='ltr'><strong>examinatur</strong></span> <span class='ocrx_word' id='word_1_317' title='bbox 1333 2986 1458 3034; x_wconf 84' lang='lat' dir='ltr'><strong>sententia</strong></span> <span class='ocrx_word' id='word_1_318' title='bbox 1480 2986 1504 3035; x_wconf 85' lang='lat' dir='ltr'><strong>J.</strong></span> <span class='ocrx_word' id='word_1_319' title='bbox 1523 2987 1555 3036; x_wconf 86' lang='lat' dir='ltr'><strong>B.</strong></span> <span class='ocrx_word' id='word_1_320' title='bbox 1575 2985 1681 3043; x_wconf 84' lang='lat' dir='ltr'><strong>Portas,</strong></span> <span class='ocrx_word' id='word_1_321' title='bbox 1709 2985 1820 3034; x_wconf 76' lang='lat' dir='ltr'><strong>invenies</strong></span> <span class='ocrx_word' id='word_1_322' title='bbox 1841 2984 1915 3047; x_wconf 84' lang='lat' dir='ltr'><strong>bajus</strong></span> 
     </span>
     <span class='ocr_line' id='line_1_30' title="bbox 558 3054 1113 3119; baseline -0.004 -15"><span class='ocrx_word' id='word_1_323' title='bbox 558 3054 731 3119; x_wconf 84' lang='lat' dir='ltr'><strong>disputationis</strong></span> <span class='ocrx_word' id='word_1_324' title='bbox 749 3068 870 3105; x_wconf 81' lang='lat' dir='ltr'><strong>summam</strong></span> <span class='ocrx_word' id='word_1_325' title='bbox 889 3061 916 3105; x_wconf 87' lang='lat' dir='ltr'><strong>et</strong></span> <span class='ocrx_word' id='word_1_326' title='bbox 934 3054 1113 3117; x_wconf 86' lang='lat' dir='ltr'><strong>compendium.</strong></span> 
     </span>
    </p>
   </div>
   <div class='ocr_carea' id='block_1_5' title="bbox 1041 3452 1422 3726">
    <p class='ocr_par' dir='ltr' id='par_1_8' title="bbox 1041 3452 1422 3726">
     <span class='ocr_line' id='line_1_31' title="bbox 1132 3452 1332 3584; baseline -0.015 -24"><span class='ocrx_word' id='word_1_327' title='bbox 1132 3452 1261 3584; x_wconf 87' lang='lat' dir='ltr'><strong>Caput</strong></span> <span class='ocrx_word' id='word_1_328' title='bbox 1285 3485 1332 3559; x_wconf 93' lang='grc' dir='ltr'><strong>ΙΙ.</strong></span> 
     </span>
     <span class='ocr_line' id='line_1_32' title="bbox 1041 3621 1422 3726; baseline -0.005 -19"><span class='ocrx_word' id='word_1_329' title='bbox 1041 3621 1099 3707; x_wconf 82' lang='lat' dir='ltr'><strong>De</strong></span> <span class='ocrx_word' id='word_1_330' title='bbox 1114 3644 1310 3726; x_wconf 66' lang='lat' dir='ltr'><strong>figuratione</strong></span> <span class='ocrx_word' id='word_1_331' title='bbox 1332 3644 1422 3707; x_wconf 83' lang='lat' dir='ltr'><strong>lucis.</strong></span> 
     </span>
    </p>
   </div>
   <div class='ocr_carea' id='block_1_6' title="bbox 553 3799 1977 4855">
    <p class='ocr_par' dir='ltr' id='par_1_9' title="bbox 553 3799 1977 4855">
     <span class='ocr_line' id='line_1_33' title="bbox 643 3799 1917 3883; baseline 0.001 -18"><span class='ocrx_word' id='word_1_332' title='bbox 643 3802 811 3875; x_wconf 78' lang='lat' dir='ltr'><strong>Rodium*)</strong></span> <span class='ocrx_word' id='word_1_333' title='bbox 837 3799 918 3865; x_wconf 89' lang='lat' dir='ltr'><strong>Solis</strong></span> <span class='ocrx_word' id='word_1_334' title='bbox 946 3822 1000 3882; x_wconf 90' lang='lat' dir='ltr'><strong>per</strong></span> <span class='ocrx_word' id='word_1_335' title='bbox 1024 3820 1229 3883; x_wconf 88' lang='lat' dir='ltr'><strong>quamcunque</strong></span> <span class='ocrx_word' id='word_1_336' title='bbox 1254 3802 1391 3864; x_wconf 89' lang='lat' dir='ltr'><strong>rimulam</strong></span> <span class='ocrx_word' id='word_1_337' title='bbox 1415 3801 1618 3864; x_wconf 89' lang='lat' dir='ltr'><strong>intromissum</strong></span> <span class='ocrx_word' id='word_1_338' title='bbox 1644 3801 1747 3863; x_wconf 90' lang='lat' dir='ltr'><strong>circuli</strong></span> <span class='ocrx_word' id='word_1_339' title='bbox 1770 3803 1869 3864; x_wconf 83' lang='lat' dir='ltr'><strong>forma</strong></span> <span class='ocrx_word' id='word_1_340' title='bbox 1887 3805 1917 3866; x_wconf 91' lang='lat' dir='ltr'><strong>iu</strong></span> 
     </span>
     <span class='ocr_line' id='line_1_34' title="bbox 553 3888 1918 3974; baseline -0.001 -20"><span class='ocrx_word' id='word_1_341' title='bbox 553 3894 675 3974; x_wconf 88' lang='lat' dir='ltr'><strong>planum</strong></span> <span class='ocrx_word' id='word_1_342' title='bbox 700 3891 851 3971; x_wconf 90' lang='lat' dir='ltr'><strong>objectum</strong></span> <span class='ocrx_word' id='word_1_343' title='bbox 880 3891 1027 3967; x_wconf 87' lang='lat' dir='ltr'><strong>incidere,</strong></span> <span class='ocrx_word' id='word_1_344' title='bbox 1056 3910 1104 3952; x_wconf 90' lang='lat' dir='ltr'><strong>res</strong></span> <span class='ocrx_word' id='word_1_345' title='bbox 1129 3899 1178 3951; x_wconf 89' lang='lat' dir='ltr'><strong>est</strong></span> <span class='ocrx_word' id='word_1_346' title='bbox 1207 3890 1345 3952; x_wconf 92' lang='lat' dir='ltr'><strong>omnibus</strong></span> <span class='ocrx_word' id='word_1_347' title='bbox 1374 3892 1472 3952; x_wconf 83' lang='lat' dir='ltr'><strong>obvia.</strong></span> <span class='ocrx_word' id='word_1_348' title='bbox 1519 3890 1585 3953; x_wconf 88' lang='lat' dir='ltr'><strong>Hoc</strong></span> <span class='ocrx_word' id='word_1_349' title='bbox 1609 3888 1665 3952; x_wconf 91' lang='lat' dir='ltr'><strong>sub</strong></span> <span class='ocrx_word' id='word_1_350' title='bbox 1694 3889 1785 3952; x_wconf 88' lang='lat' dir='ltr'><strong>tectis</strong></span> <span class='ocrx_word' id='word_1_351' title='bbox 1809 3891 1918 3953; x_wconf 90' lang='lat' dir='ltr'><strong>dehis·</strong></span> 
     </span>
     <span class='ocr_line' id='line_1_35' title="bbox 555 3976 1918 4059; baseline -0.001 -17"><span class='ocrx_word' id='word_1_352' title='bbox 555 3980 704 4048; x_wconf 85' lang='lat' dir='ltr'><strong>centibus,</strong></span> <span class='ocrx_word' id='word_1_353' title='bbox 729 3979 838 4041; x_wconf 92' lang='lat' dir='ltr'><strong>hocin</strong></span> <span class='ocrx_word' id='word_1_354' title='bbox 863 3979 955 4054; x_wconf 85' lang='lat' dir='ltr'><strong>fanis,</strong></span> <span class='ocrx_word' id='word_1_355' title='bbox 980 3980 1113 4059; x_wconf 90' lang='lat' dir='ltr'><strong>pertusis</strong></span> <span class='ocrx_word' id='word_1_356' title='bbox 1137 3979 1338 4041; x_wconf 87' lang='lat' dir='ltr'><strong>fenestrarum</strong></span> <span class='ocrx_word' id='word_1_357' title='bbox 1361 3981 1464 4056; x_wconf 90' lang='lat' dir='ltr'><strong>vitris,</strong></span> <span class='ocrx_word' id='word_1_358' title='bbox 1489 3979 1544 4040; x_wconf 90' lang='lat' dir='ltr'><strong>hoc</strong></span> <span class='ocrx_word' id='word_1_359' title='bbox 1570 3976 1626 4039; x_wconf 92' lang='lat' dir='ltr'><strong>sub</strong></span> <span class='ocrx_word' id='word_1_360' title='bbox 1651 3977 1786 4059; x_wconf 90' lang='lat' dir='ltr'><strong>qualibet</strong></span> <span class='ocrx_word' id='word_1_361' title='bbox 1809 3978 1918 4043; x_wconf 84' lang='lat' dir='ltr'><strong>arbore</strong></span> 
     </span>
     <span class='ocr_line' id='line_1_36' title="bbox 556 4066 1919 4148; baseline -0.001 -17"><span class='ocrx_word' id='word_1_362' title='bbox 556 4069 751 4148; x_wconf 86' lang='lat' dir='ltr'><strong>conspicitur.</strong></span> <span class='ocrx_word' id='word_1_363' title='bbox 789 4066 888 4148; x_wconf 90' lang='lat' dir='ltr'><strong>Hujus</strong></span> <span class='ocrx_word' id='word_1_364' title='bbox 912 4086 984 4147; x_wconf 86' lang='lat' dir='ltr'><strong>ergo</strong></span> <span class='ocrx_word' id='word_1_365' title='bbox 1008 4069 1051 4130; x_wconf 89' lang='lat' dir='ltr'><strong>rei</strong></span> <span class='ocrx_word' id='word_1_366' title='bbox 1075 4067 1219 4129; x_wconf 90' lang='lat' dir='ltr'><strong>miraculo</strong></span> <span class='ocrx_word' id='word_1_367' title='bbox 1246 4067 1327 4129; x_wconf 87' lang='lat' dir='ltr'><strong>ducti</strong></span> <span class='ocrx_word' id='word_1_368' title='bbox 1358 4076 1477 4130; x_wconf 89' lang='lat' dir='ltr'><strong>veteres</strong></span> <span class='ocrx_word' id='word_1_369' title='bbox 1501 4068 1530 4128; x_wconf 92' lang='lat' dir='ltr'><strong>in</strong></span> <span class='ocrx_word' id='word_1_370' title='bbox 1554 4086 1663 4129; x_wconf 87' lang='lat' dir='ltr'><strong>causas</strong></span> <span class='ocrx_word' id='word_1_371' title='bbox 1686 4067 1919 4145; x_wconf 87' lang='lat' dir='ltr'><strong>investigandas</strong></span> 
     </span>
     <span class='ocr_line' id='line_1_37' title="bbox 555 4153 1918 4237; baseline 0 -19"><span class='ocrx_word' id='word_1_372' title='bbox 555 4156 761 4218; x_wconf 89' lang='lat' dir='ltr'><strong>incubuerunt.</strong></span> <span class='ocrx_word' id='word_1_373' title='bbox 810 4153 970 4231; x_wconf 85' lang='lat' dir='ltr'><strong>Ceterum,</strong></span> <span class='ocrx_word' id='word_1_374' title='bbox 1006 4157 1055 4237; x_wconf 91' lang='lat' dir='ltr'><strong>qui</strong></span> <span class='ocrx_word' id='word_1_375' title='bbox 1091 4175 1195 4218; x_wconf 88' lang='lat' dir='ltr'><strong>veram</strong></span> <span class='ocrx_word' id='word_1_376' title='bbox 1227 4154 1424 4234; x_wconf 86' lang='lat' dir='ltr'><strong>problematis</strong></span> <span class='ocrx_word' id='word_1_377' title='bbox 1465 4155 1753 4218; x_wconf 87' lang='lat' dir='ltr'><strong>demonstrationem</strong></span> <span class='ocrx_word' id='word_1_378' title='bbox 1782 4156 1918 4237; x_wconf 89' lang='lat' dir='ltr'><strong>legitime</strong></span> 
     </span>
     <span class='ocr_line' id='line_1_38' title="bbox 557 4244 1919 4325; baseline 0.001 -19"><span class='ocrx_word' id='word_1_379' title='bbox 557 4244 745 4324; x_wconf 85' lang='lat' dir='ltr'><strong>expediverit</strong></span> <span class='ocrx_word' id='word_1_380' title='bbox 776 4245 929 4325; x_wconf 90' lang='lat' dir='ltr'><strong>hucusque</strong></span> <span class='ocrx_word' id='word_1_381' title='bbox 961 4245 1034 4306; x_wconf 93' lang='lat' dir='ltr'><strong>mihi</strong></span> <span class='ocrx_word' id='word_1_382' title='bbox 1065 4244 1147 4306; x_wconf 86' lang='lat' dir='ltr'><strong>visus</strong></span> <span class='ocrx_word' id='word_1_383' title='bbox 1180 4264 1239 4305; x_wconf 94' lang='lat' dir='ltr'><strong>nou</strong></span> <span class='ocrx_word' id='word_1_384' title='bbox 1268 4253 1324 4306; x_wconf 86' lang='lat' dir='ltr'><strong>est.</strong></span> <span class='ocrx_word' id='word_1_385' title='bbox 1371 4244 1499 4306; x_wconf 88' lang='lat' dir='ltr'><strong>Vitellio</strong></span> <span class='ocrx_word' id='word_1_386' title='bbox 1530 4251 1601 4306; x_wconf 89' lang='lat' dir='ltr'><strong>ante</strong></span> <span class='ocrx_word' id='word_1_387' title='bbox 1634 4251 1787 4305; x_wconf 90' lang='lat' dir='ltr'><strong>trecentos</strong></span> <span class='ocrx_word' id='word_1_388' title='bbox 1821 4265 1919 4307; x_wconf 90' lang='lat' dir='ltr'><strong>annos</strong></span> 
     </span>
     <span class='ocr_line' id='line_1_39' title="bbox 557 4330 1919 4414; baseline 0.003 -23"><span class='ocrx_word' id='word_1_389' title='bbox 557 4330 655 4394; x_wconf 78' lang='lat' dir='ltr'><strong>voluit</strong></span> <span class='ocrx_word' id='word_1_390' title='bbox 677 4332 707 4392; x_wconf 94' lang='lat' dir='ltr'><strong>id</strong></span> <span class='ocrx_word' id='word_1_391' title='bbox 731 4332 868 4393; x_wconf 89' lang='lat' dir='ltr'><strong>accidere</strong></span> <span class='ocrx_word' id='word_1_392' title='bbox 896 4341 1021 4412; x_wconf 90' lang='lat' dir='ltr'><strong>propter</strong></span> <span class='ocrx_word' id='word_1_393' title='bbox 1053 4334 1154 4394; x_wconf 89' lang='lat' dir='ltr'><strong>nescio</strong></span> <span class='ocrx_word' id='word_1_394' title='bbox 1179 4352 1266 4412; x_wconf 90' lang='lat' dir='ltr'><strong>quam</strong></span> <span class='ocrx_word' id='word_1_395' title='bbox 1301 4333 1452 4395; x_wconf 90' lang='lat' dir='ltr'><strong>radiorum</strong></span> <span class='ocrx_word' id='word_1_396' title='bbox 1484 4332 1761 4412; x_wconf 86' lang='lat' dir='ltr'><strong>aequidistantiam.</strong></span> <span class='ocrx_word' id='word_1_397' title='bbox 1808 4332 1919 4414; x_wconf 88' lang='lat' dir='ltr'><strong>ltaque</strong></span> 
     </span>
     <span class='ocr_line' id='line_1_40' title="bbox 557 4416 1921 4501; baseline 0.002 -20"><span class='ocrx_word' id='word_1_398' title='bbox 557 4419 792 4501; x_wconf 89' lang='lat' dir='ltr'><strong>propositionem</strong></span> <span class='ocrx_word' id='word_1_399' title='bbox 822 4416 874 4484; x_wconf 84' lang='lat'><strong>39.</strong></span> <span class='ocrx_word' id='word_1_400' title='bbox 905 4421 974 4482; x_wconf 92' lang='lat' dir='ltr'><strong>libri</strong></span> <span class='ocrx_word' id='word_1_401' title='bbox 998 4421 1120 4483; x_wconf 88' lang='lat' dir='ltr'><strong>secundi</strong></span> <span class='ocrx_word' id='word_1_402' title='bbox 1150 4421 1337 4482; x_wconf 89' lang='lat' dir='ltr'><strong>demonstrat</strong></span> <span class='ocrx_word' id='word_1_403' title='bbox 1359 4440 1412 4501; x_wconf 89' lang='lat' dir='ltr'><strong>per</strong></span> <span class='ocrx_word' id='word_1_404' title='bbox 1436 4418 1489 4485; x_wconf 88' lang='grc'><strong>35.</strong></span> <span class='ocrx_word' id='word_1_405' title='bbox 1513 4421 1658 4500; x_wconf 88' lang='lat' dir='ltr'><strong>ejusdem.</strong></span> <span class='ocrx_word' id='word_1_406' title='bbox 1693 4420 1739 4481; x_wconf 84' lang='lat' dir='ltr'><strong>At</strong></span> <span class='ocrx_word' id='word_1_407' title='bbox 1766 4420 1921 4484; x_wconf 86' lang='lat' dir='ltr'><strong>defectum</strong></span> 
     </span>
     <span class='ocr_line' id='line_1_41' title="bbox 558 4505 1977 4589; baseline 0.001 -19"><span class='ocrx_word' id='word_1_408' title='bbox 558 4508 645 4589; x_wconf 89' lang='lat' dir='ltr'><strong>hujus</strong></span> <span class='ocrx_word' id='word_1_409' title='bbox 677 4527 751 4569; x_wconf 90' lang='lat' dir='ltr'><strong>suae</strong></span> <span class='ocrx_word' id='word_1_410' title='bbox 784 4509 1048 4571; x_wconf 86' lang='lat' dir='ltr'><strong>demonstrationis</strong></span> <span class='ocrx_word' id='word_1_411' title='bbox 1081 4510 1146 4589; x_wconf 89' lang='lat' dir='ltr'><strong>ipse</strong></span> <span class='ocrx_word' id='word_1_412' title='bbox 1179 4529 1238 4570; x_wconf 94' lang='lat' dir='ltr'><strong>non</strong></span> <span class='ocrx_word' id='word_1_413' title='bbox 1267 4508 1439 4571; x_wconf 89' lang='lat' dir='ltr'><strong>dissimulat</strong></span> <span class='ocrx_word' id='word_1_414' title='bbox 1470 4528 1556 4589; x_wconf 92' lang='lat' dir='ltr'><strong>prop.</strong></span> <span class='ocrx_word' id='word_1_415' title='bbox 1581 4505 1633 4571; x_wconf 81' lang='lat'><strong>35.</strong></span> <span class='ocrx_word' id='word_1_416' title='bbox 1659 4518 1740 4582; x_wconf 71' lang='lat' dir='ltr'><strong>tome,</strong></span> <span class='ocrx_word' id='word_1_417' title='bbox 1768 4508 1918 4589; x_wconf 88' lang='lat' dir='ltr'><strong>iuquiens,</strong></span> <span class='ocrx_word' id='word_1_418' title='bbox 1968 4543 1977 4552; x_wconf 91' lang='lat'><strong>·</strong></span> 
     </span>
     <span class='ocr_line' id='line_1_42' title="bbox 559 4596 1921 4679; baseline -0.002 -16"><span class='ocrx_word' id='word_1_419' title='bbox 559 4609 594 4663; x_wconf 84' lang='lat' dir='ltr'><strong>ad</strong></span> <span class='ocrx_word' id='word_1_420' title='bbox 616 4607 689 4662; x_wconf 89' lang='lat' dir='ltr'><strong>istud</strong></span> <span class='ocrx_word' id='word_1_421' title='bbox 710 4607 826 4662; x_wconf 90' lang='lat' dir='ltr'><strong>multum</strong></span> <span class='ocrx_word' id='word_1_422' title='bbox 847 4615 1014 4678; x_wconf 87' lang='lat' dir='ltr'><strong>cooperatur</strong></span> <span class='ocrx_word' id='word_1_423' title='bbox 1034 4608 1191 4679; x_wconf 88' lang='lat' dir='ltr'><strong>proprietas</strong></span> <span class='ocrx_word' id='word_1_424' title='bbox 1213 4608 1360 4663; x_wconf 90' lang='lat' dir='ltr'><strong>radiorum.</strong></span> <span class='ocrx_word' id='word_1_425' title='bbox 1402 4598 1438 4659; x_wconf 91' lang='lat' dir='ltr'><strong>Iu</strong></span> <span class='ocrx_word' id='word_1_426' title='bbox 1452 4597 1499 4659; x_wconf 93' lang='lat' dir='ltr'><strong>his</strong></span> <span class='ocrx_word' id='word_1_427' title='bbox 1519 4616 1645 4658; x_wconf 88' lang='lat' dir='ltr'><strong>versans</strong></span> <span class='ocrx_word' id='word_1_428' title='bbox 1667 4596 1921 4676; x_wconf 82' lang='lat' dir='ltr'><strong>ambiguitatibus</strong></span> 
     </span>
     <span class='ocr_line' id='line_1_43' title="bbox 559 4684 1920 4766; baseline 0 -19"><span class='ocrx_word' id='word_1_429' title='bbox 559 4685 708 4760; x_wconf 91' lang='lat' dir='ltr'><strong>ostendit,</strong></span> <span class='ocrx_word' id='word_1_430' title='bbox 733 4704 766 4745; x_wconf 90' lang='lat' dir='ltr'><strong>se</strong></span> <span class='ocrx_word' id='word_1_431' title='bbox 790 4704 913 4747; x_wconf 88' lang='lat' dir='ltr'><strong>causam</strong></span> <span class='ocrx_word' id='word_1_432' title='bbox 936 4705 1053 4758; x_wconf 90' lang='lat' dir='ltr'><strong>veram,</strong></span> <span class='ocrx_word' id='word_1_433' title='bbox 1086 4705 1162 4766; x_wconf 90' lang='lat' dir='ltr'><strong>quae</strong></span> <span class='ocrx_word' id='word_1_434' title='bbox 1187 4705 1225 4746; x_wconf 83' lang='lat' dir='ltr'><strong>ex</strong></span> <span class='ocrx_word' id='word_1_435' title='bbox 1248 4686 1346 4748; x_wconf 86' lang='lat' dir='ltr'><strong>altera</strong></span> <span class='ocrx_word' id='word_1_436' title='bbox 1370 4684 1635 4748; x_wconf 89' lang='lat' dir='ltr'><strong>demonstrationis</strong></span> <span class='ocrx_word' id='word_1_437' title='bbox 1659 4684 1725 4762; x_wconf 88' lang='lat' dir='ltr'><strong>ejus</strong></span> <span class='ocrx_word' id='word_1_438' title='bbox 1747 4692 1837 4763; x_wconf 89' lang='lat' dir='ltr'><strong>parte</strong></span> <span class='ocrx_word' id='word_1_439' title='bbox 1861 4686 1920 4747; x_wconf 91' lang='lat' dir='ltr'><strong>ob-</strong></span> 
     </span>
     <span class='ocr_line' id='line_1_44' title="bbox 560 4767 1920 4855; baseline 0.001 -21"><span class='ocrx_word' id='word_1_440' title='bbox 560 4792 646 4836; x_wconf 90' lang='lat' dir='ltr'><strong>scure</strong></span> <span class='ocrx_word' id='word_1_441' title='bbox 670 4772 831 4852; x_wconf 83' lang='lat' dir='ltr'><strong>colligitur,</strong></span> <span class='ocrx_word' id='word_1_442' title='bbox 857 4792 915 4835; x_wconf 91' lang='lat' dir='ltr'><strong>nou</strong></span> <span class='ocrx_word' id='word_1_443' title='bbox 939 4774 1136 4837; x_wconf 86' lang='lat' dir='ltr'><strong>intellexisse.</strong></span> <span class='ocrx_word' id='word_1_444' title='bbox 1175 4774 1262 4837; x_wconf 88' lang='lat' dir='ltr'><strong>Hunc</strong></span> <span class='ocrx_word' id='word_1_445' title='bbox 1286 4782 1408 4837; x_wconf 90' lang='lat' dir='ltr'><strong>secutus</strong></span> <span class='ocrx_word' id='word_1_446' title='bbox 1426 4772 1581 4835; x_wconf 89' lang='lat' dir='ltr'><strong>Johannes</strong></span> <span class='ocrx_word' id='word_1_447' title='bbox 1600 4772 1739 4846; x_wconf 88' lang='lat' dir='ltr'><strong>Pisanus,</strong></span> <span class='ocrx_word' id='word_1_448' title='bbox 1757 4767 1799 4845; x_wconf 77' lang='lat'><strong>¹⁸)</strong></span> <span class='ocrx_word' id='word_1_449' title='bbox 1822 4773 1920 4855; x_wconf 85' lang='lat' dir='ltr'><strong>Epis-</strong></span> 
     </span>
    </p>
   </div>
   <div class='ocr_carea' id='block_1_7' title="bbox 561 5001 1920 5157">
    <p class='ocr_par' dir='ltr' id='par_1_10' title="bbox 561 5001 1920 5157">
     <span class='ocr_line' id='line_1_45' title="bbox 649 5001 1920 5076; baseline 0.002 -15"><span class='ocrx_word' id='word_1_450' title='bbox 649 5001 677 5073; x_wconf 76' lang='grc'><strong>·)</strong></span> <span class='ocrx_word' id='word_1_451' title='bbox 697 5005 800 5061; x_wconf 85' lang='lat' dir='ltr'><strong>Badii</strong></span> <span class='ocrx_word' id='word_1_452' title='bbox 819 5022 876 5062; x_wconf 82' lang='lat' dir='ltr'><strong>vox</strong></span> <span class='ocrx_word' id='word_1_453' title='bbox 895 5005 957 5075; x_wconf 85' lang='lat' dir='ltr'><strong>jam</strong></span> <span class='ocrx_word' id='word_1_454' title='bbox 982 5020 1063 5074; x_wconf 93' lang='lat' dir='ltr'><strong>porro</strong></span> <span class='ocrx_word' id='word_1_455' title='bbox 1084 5004 1142 5059; x_wconf 85' lang='lat' dir='ltr'><strong>fere</strong></span> <span class='ocrx_word' id='word_1_456' title='bbox 1171 5021 1280 5074; x_wconf 89' lang='lat' dir='ltr'><strong>semper</strong></span> <span class='ocrx_word' id='word_1_457' title='bbox 1304 5004 1421 5059; x_wconf 87' lang='lat' dir='ltr'><strong>sumitur</strong></span> <span class='ocrx_word' id='word_1_458' title='bbox 1440 5019 1490 5074; x_wconf 89' lang='lat' dir='ltr'><strong>pro</strong></span> <span class='ocrx_word' id='word_1_459' title='bbox 1515 5004 1643 5074; x_wconf 89' lang='lat' dir='ltr'><strong>portione</strong></span> <span class='ocrx_word' id='word_1_460' title='bbox 1664 5020 1713 5060; x_wconf 90' lang='lat' dir='ltr'><strong>seu</strong></span> <span class='ocrx_word' id='word_1_461' title='bbox 1733 5004 1828 5076; x_wconf 79' lang='lat' dir='ltr'><strong>figura</strong></span> <span class='ocrx_word' id='word_1_462' title='bbox 1848 5007 1920 5063; x_wconf 80' lang='lat' dir='ltr'><strong>lucis</strong></span> 
     </span>
     <span class='ocr_line' id='line_1_46' title="bbox 561 5083 1749 5157; baseline -0.001 -19"><span class='ocrx_word' id='word_1_463' title='bbox 561 5083 591 5138; x_wconf 86' lang='lat' dir='ltr'><strong>in</strong></span> <span class='ocrx_word' id='word_1_464' title='bbox 610 5084 781 5156; x_wconf 77' lang='lat' dir='ltr'><strong>superficiem</strong></span> <span class='ocrx_word' id='word_1_465' title='bbox 800 5101 852 5157; x_wconf 89' lang='lat' dir='ltr'><strong>per</strong></span> <span class='ocrx_word' id='word_1_466' title='bbox 872 5085 995 5157; x_wconf 88' lang='lat' dir='ltr'><strong>aliquam</strong></span> <span class='ocrx_word' id='word_1_467' title='bbox 1016 5084 1168 5139; x_wconf 85' lang='lat' dir='ltr'><strong>fenestram</strong></span> <span class='ocrx_word' id='word_1_468' title='bbox 1188 5100 1238 5140; x_wconf 88' lang='lat' dir='ltr'><strong>seu</strong></span> <span class='ocrx_word' id='word_1_469' title='bbox 1259 5084 1382 5140; x_wconf 81' lang='lat' dir='ltr'><strong>foramen</strong></span> <span class='ocrx_word' id='word_1_470' title='bbox 1402 5084 1531 5153; x_wconf 80' lang='lat' dir='ltr'><strong>allapsae</strong></span> <span class='ocrx_word' id='word_1_471' title='bbox 1551 5090 1582 5137; x_wconf 85' lang='lat' dir='ltr'><strong>et</strong></span> <span class='ocrx_word' id='word_1_472' title='bbox 1600 5084 1749 5155; x_wconf 76' lang='lat' dir='ltr'><strong>figuratae.</strong></span> 
     </span>
    </p>
   </div>
   <div class='ocr_carea' id='block_1_8' title="bbox 0 0 2322 6192">
    <p class='ocr_par' dir='ltr' id='par_1_11' title="bbox 0 0 2322 6192">
     <span class='ocr_line' id='line_1_47' title="bbox 0 0 2322 6192; baseline 0 0"><span class='ocrx_word' id='word_1_473' title='bbox 0 0 2322 6192; x_wconf 95' lang='lat' dir='ltr'><strong> </strong></span> 
     </span>
    </p>
   </div>
  </div>
 </body>
</html>
