4584 6192
1989 566 2155 631 capno
2189 567 2251 617 v,
2293 565 2343 618 a.
3390 566 3524 635 239

806 743 1046 822 globum
1095 743 1461 823 pertingere,
1513 744 1711 805 omnia
1757 743 2089 805 clarissime
2130 751 2193 805 et
2228 743 2661 822 jucundissime
2699 744 2761 805 in
2810 746 3093 825 opposita
3135 766 3365 828 papyro
3413 767 3525 828 per

806 832 1226 912 crystallinum
1287 832 1706 911 depingantur.
1805 830 2072 912 Cumque
2121 833 2180 894 in
2240 834 2415 894 unica
2474 834 2586 893 hac
2647 835 2974 895 remotione
3033 838 3273 915 (nempe
3331 838 3518 898 semi-

805 921 1081 982 diametri
1128 922 1343 1002 papyri
1391 942 1428 981 a
1475 922 1684 999 globo)
1747 922 1982 1003 pictura
2038 931 2365 1000 appareat,
2424 932 2563 983 ante
2614 930 2677 982 et
2722 932 2861 1001 post
2917 926 3024 984 fiat
3079 925 3385 1000 confusio,
3452 926 3522 987 fit

804 1020 999 1072 tamen
1047 1011 1232 1090 plane
1281 1012 1643 1072 contrarium
1707 1011 2011 1090 applicato
2072 1011 2260 1071 oculo.
2355 1010 2514 1072 Nam
2562 1012 2615 1072 si
2663 1011 2870 1072 oculus
2927 1012 3332 1075 constituatur
3377 1023 3520 1092 post

802 1099 1016 1161 vitrum
1064 1100 1516 1161 semidiametro
1547 1100 1729 1175 globi,
1782 1099 1881 1161 ubi
1910 1100 2074 1177 prius
2122 1097 2588 1160 distinctissima
2628 1108 2761 1161 erat
2799 1100 3054 1178 pictura,
3096 1103 3225 1181 jam
3254 1103 3519 1166 maxima

801 1188 1005 1250 existit
1070 1190 1344 1250 confusio
1416 1208 1611 1250 rerum
1676 1208 1784 1267 per
1857 1189 2078 1249 vitrum
2152 1196 2767 1266 repraesentatarum.
2883 1190 3124 1252 Vitrum
3192 1191 3346 1252 enim
3413 1200 3519 1253 aut

802 1286 986 1339 totum
1033 1278 1315 1351 lucidum,
1369 1286 1475 1338 ant
1520 1288 1712 1339 totum
1760 1278 2021 1349 rubeum,
2075 1286 2179 1337 aut
2225 1285 2418 1338 totum
2475 1278 2858 1339 tenebrosum
2909 1279 3013 1340 &c.
3076 1287 3353 1359 apparet.
3450 1280 3521 1343 Si

799 1366 1035 1446 propior
1084 1369 1193 1427 fiat
1234 1367 1440 1427 oculus
1488 1367 1686 1445 g,lobo
1738 1367 1929 1427 cernit
1977 1367 2289 1445 oppositas
2339 1386 2436 1427 res
2484 1375 2719 1427 erectas
2760 1375 2824 1427 et
2864 1386 3135 1446 magnas,
3186 1368 3286 1429 ubi
3335 1364 3543 1450 super⁷

799 1475 1023 1536 papyro
1075 1455 1547 1527 confunduntur,
1598 1456 1688 1516 sin
1753 1456 2001 1516 recedat
2046 1476 2082 1515 a
2123 1455 2301 1533 globo
2352 1455 2586 1534 longius
2634 1455 2819 1516 semi-

800 1544 1092 1606 diametro
1157 1544 1358 1623 globi,
1427 1543 1875 1623 comprehendit
1921 1559 2059 1604 res
2078 1543 2381 1605 distinctis
2437 1544 2817 1623 imaginibnS,

799 1651 1000 1695 everso
1044 1634 1188 1706 situ,
1240 1643 1305 1694 et
1331 1652 1480 1713 pari
1485 1654 1553 1693 as
1594 1642 1655 1693 et
1693 1632 1750 1693 in
1800 1633 1933 1711 ipsa
1979 1633 2143 1710 globi
2189 1633 2498 1711 superficie
2547 1632 2818 1711 proxima

799 1722 1133 1785 haerenteS.
1228 1723 1403 1783 Prius
1461 1741 1600 1783 vero
1657 1741 1884 1801 papyro
1942 1721 2024 1782 ibi
2071 1722 2194 1783 sita
2254 1730 2583 1782 evanuerat
2636 1722 2814 1800 plane

796 1812 1039 1890 pictura.
1116 1810 1288 1872 Haec
1337 1812 1535 1872 omnia
1579 1812 1728 1871 fiunt
1774 1811 1936 1870 circa
1981 1811 2222 1888 globum
2272 1830 2525 1889 aqueum
2572 1819 2817 1890 propter

794 1901 1185 1963 retractiones
1235 1908 1297 1961 et
1343 1901 1628 1978 figuram,
1682 1919 1751 1959 eo
1801 1899 1955 1979 quod
2005 1900 2358 1960 convexitas
2420 1899 2623 1978 aliqua
2669 1900 2816 1961 insit

794 1990 1028 2070 figurae.
1149 1987 1301 2050 Cum
1362 1988 1544 2067 igitur
1600 1997 1663 2049 et
1724 1988 2113 2068 crystallinus
2179 2009 2209 2050 e
2273 1990 2557 2049 convexis
2624 1989 2706 2048 sit
2752 1997 2815 2049 et

794 2079 1028 2140 densior
1106 2078 1630 2139 circumstantibus
1709 2076 2087 2151 hunroribuS‚
2171 2087 2236 2137 ut
2308 2096 2465 2156 aqua.
2530 2078 2589 2137 in
2656 2077 2810 2137 vitro

795 2168 1030 2229 densior
1078 2176 1175 2227 est
1222 2174 1399 2227 aere:
1470 2166 1653 2245 igitur
1710 2185 2092 2245 quaecunque
2142 2166 2215 2226 de
2263 2165 2441 2243 globo
2504 2184 2693 2244 aqueo
2751 2166 2807 2225 in

793 2257 938 2317 hunc
986 2256 1228 2317 modum
1278 2265 1341 2316 et
1377 2256 1469 2315 his
1519 2255 1728 2315 mediis
1785 2255 1875 2315 usi
1924 2254 2548 2323 demonstraverimus
2600 2254 2808 2314 eadem
2910 2317 2918 2337 ἰ,

794 2354 851 2407 et
876 2346 951 2407 de
1001 2346 1353 2424 crystallino
1409 2344 1666 2423 probata
1716 2357 1914 2415 erunt,
1974 2344 2300 2404 reservatis
2359 2343 2412 2403 ei
2477 2342 2810 2422 privilegiis
2902 2361 2906 2382 ¹

794 2434 910 2496 suis
977 2434 1055 2495 ob
1123 2444 1350 2495 certam
1425 2432 1826 2493 convexitatis
1902 2433 2186 2509 figuram,
2267 2432 2705 2509 discrepantem
2774 2452 2811 2491 a

794 2523 1176 2585 convexitate
1206 2522 1392 2601 globi.
1469 2522 1849 2583 Accedamus
1897 2521 2080 2598 igitur
2120 2522 2194 2581 ad
2237 2521 2808 2582 demonstrationem

796 2632 1027 2685 eornm,
1097 2632 1250 2692 quae
1299 2610 1654 2690 contingunt
1709 2611 1870 2671 circa
1933 2610 2173 2688 globum
2239 2609 2653 2690 crystallinum
2704 2629 2807 2669 sen

795 2703 1063 2763 vitreum.

962 2789 1399 2868 Propositio
1479 2790 1528 2848 Ι.
1658 2788 1992 2848 Problema.
2115 2786 2385 2846 Locum
2459 2785 2809 2863 imaginis

796 2881 1105 2959 vulgata
1188 2880 1305 2938 via
1387 2877 1747 2947 invenire,
1831 2895 1907 2936 re
1989 2894 2116 2952 per
2208 2875 2494 2953 globum
2594 2875 2810 2935 medii

797 2967 1173 3030 densioris
1240 2968 1585 3044 inspecta
1656 2975 1962 3044 utroque
2031 2964 2265 3023 oculo.
2388 2962 2527 3024 Sint
2586 2963 2669 3037 E,
2741 2964 2804 3036 F,

796 3059 864 3132 H,
914 3056 974 3117 G
1022 3064 1250 3135 puncta
1297 3056 1352 3115 in
1403 3056 1580 3131 globo
1629 3054 1806 3114 medii
1857 3051 2169 3126 densioris,
2221 3053 2277 3111 A
2326 3062 2609 3130 punctum
2657 3051 2808 3112 visi-

797 3148 934 3221 bile,
965 3146 1041 3220 B,
1077 3144 1128 3207 C
1178 3144 1362 3219 oculi,
1413 3154 1476 3203 et
1522 3145 1552 3202 1
1599 3152 1868 3203 centrum
1914 3141 2205 3220 sphaerae
2255 3142 2385 3201 loco
2434 3140 2807 3202 intermedio.

796 3236 1045 3315 Sintque
1109 3236 1187 3309 F,
1253 3234 1308 3293 Η
1376 3240 1597 3312 puncta
1663 3231 2085 3292 refractionu'm
2154 3230 2228 3290 ad
2297 3231 2536 3304 ocuIOS,
2606 3230 2689 3303 E,
2753 3229 2810 3290 G

795 3319 1016 3404 puncta.
1074 3323 1507 3385 refractionum
1573 3321 1649 3381 ad
1714 3340 1836 3380 rem
1903 3319 2201 3379 visibilem
2263 3319 2318 3379 in
2378 3322 2456 3379 A.
2552 3319 2811 3379 Primum

798 3415 844 3473 si
879 3415 932 3475 E
969 3421 1069 3474 est
1116 3421 1404 3491 punctum
1453 3410 1853 3480 refractioniS,
1904 3418 1969 3468 et
2003 3408 2107 3468 EF
2146 3408 2225 3467 sit
2263 3408 2465 3468 radius
2514 3408 2812 3469 refractus

798 3503 869 3563 ab
915 3502 1050 3574 AB,
1098 3512 1241 3563 tunc
1273 3500 1438 3561 AEF
1488 3500 1602 3561 erit
1649 3517 1767 3558 una
1813 3496 2156 3576 superficies
2187 3495 2373 3575 (Cap.
2407 3497 2519 3565 ΙΙΙ,
2561 3497 2679 3558 def.
2721 3495 2810 3570 2).
3114 3513 3122 3573 ,Ι
3163 3553 3171 3580 ,ι

801 3592 922 3654 Sed
972 3591 1162 3670 (Cap.
1213 3591 1325 3664 ΙΙΙ,
1380 3584 1490 3660 16)
1539 3588 1705 3648 AEF
1754 3586 2099 3666 superficies
2149 3595 2246 3646 est
2300 3586 2812 3664 perpendicularis
3102 3573 3114 3642 θ’
3167 3589 3179 3669 ἠ·Ι

797 3701 967 3761 snper
1032 3681 1313 3759 globum,
1379 3679 1490 3738 hoc
1557 3686 1654 3736 est
1724 3675 1944 3736 transit
2006 3689 2122 3752 per
2171 3676 2202 3735 1
2266 3685 2554 3735 centrum.
2647 3676 2809 3752 Ergo
3090 3686 3098 3719 ·'
3179 3686 3183 3696 '

795 3770 986 3832 AEFI
1046 3778 1192 3830 sunt
1238 3768 1295 3828 in
1345 3787 1462 3827 nna
1518 3765 1848 3844 superficie.
1945 3761 2121 3832 Quod
2170 3763 2221 3823 si
2267 3765 2318 3823 F
2366 3773 2462 3822 est
2509 3772 2811 3842 punctum,
3074 3817 3078 3838 ,
3195 3818 3199 3843 ,

800 3860 853 3921 in
899 3878 1015 3939 quo
1044 3858 1154 3919 EF
1199 3856 1546 3935 refringitur
1586 3855 1642 3914 in
1679 3853 1799 3927 FC,
1853 3861 1917 3913 et
1948 3871 2056 3930 per
2084 3850 2187 3913 FC
2238 3852 2404 3912 venit
2434 3853 2511 3912 ad
2558 3853 2815 3914 alterum
3062 3852 3074 3922 J
3199 3846 3211 3937 ἰΙ

3051 1508 3157 1574 Fig.
3202 1506 3286 1557 76.

800 3950 1025 4010 oculum
1065 3947 1123 4007 in
1158 3944 1230 4020 C,
1278 3964 1389 4025 per
1434 3945 1643 4005 eadem
1692 3942 1872 4020 igitur
1910 3939 2102 4001 EFCI
2151 3940 2267 4002 erit
2308 3961 2424 4000 una
2471 3942 2817 4020 superficies
3121 3973 3167 4017 H
3211 3937 3223 4013 “.Ι

796 4039 989 4116 plana.
1127 4034 1396 4113 Cumque
1473 4032 1669 4094 AEFI
1735 4041 1797 4091 et
1858 4028 2050 4091 EFCI
2127 4030 2472 4108 superficies
2552 4031 2820 4091 habeant
3010 4061 3042 4105 ,μ
3227 4061 3235 4113 ιΙ

796 4144 1158 4187 communem
1216 4135 1451 4203 partem
1498 4121 1635 4181 EFI
1695 4118 2102 4199 superficiem:
2163 4137 2307 4197 ergo
2356 4119 2522 4179 AEF
2528 4118 2611 4181 CI
2676 4129 2818 4180 sunt
2978 4097 3034 4141 ᾗ
3067 4101 3279 4194 -ῑΙΡ

799 4217 848 4276 in
893 4235 1013 4276 una
1060 4212 1414 4293 superficie:
1466 4214 1528 4272 et'
1569 4210 1658 4270 AI
1708 4208 2061 4271 continuata
2106 4207 2165 4266 in
2205 4207 2262 4267 D
2314 4208 2642 4269 sectionem
2683 4228 2815 4270 cum
3010 4141 3071 4277 s*
3097 4201 3263 4297 —J

794 4303 889 4366 FC
955 4304 1202 4364 incidet.
1313 4302 1538 4361 Eodem
1617 4300 1795 4377 plane
1868 4297 2043 4357 modo
2122 4296 2697 4359 demonstrabuntur
2760 4298 2813 4358 B

793 4393 991 4455 oculus
1058 4392 1216 4453 alter
1274 4400 1338 4451 et
1390 4387 1663 4450 DHGAI
1720 4388 1776 4447 in
1836 4406 1951 4447 una
2017 4404 2151 4445 esse
2220 4386 2553 4487 superficie.
2645 4387 2809 4466 Ergo
2855 4392 2912 4452 D
2974 4393 3031 4454 in
3093 4402 3346 4477 utraque
3412 4405 3511 4459 est

794 4482 1134 4561 superficie,
1209 4499 1390 4559 quare
1439 4478 1548 4540 BH
1598 4485 1661 4538 et
1708 4474 1811 4537 CF
1859 4483 2070 4535 secant
2118 4493 2182 4535 se
2253 4483 2456 4536 mutuo
2506 4475 2562 4535 in
2609 4476 2687 4536 D.
2783 4480 2998 4560 Itaque
3045 4483 3102 4543 D
3152 4494 3247 4545 est
3317 4486 3504 4559 locus,

791 4571 847 4632 in
866 4589 983 4651 quo
1002 4590 1112 4651 per
1132 4579 1447 4647 utrumque
1478 4568 1711 4629 oculum
1741 4574 2050 4643 spectatur
2080 4563 2280 4641 imago
2311 4564 2396 4624 rei
2428 4584 2532 4625 seu
2561 4566 2767 4643 puncti
2797 4570 2908 4631 visi
2932 4571 2992 4632 A
3021 4569 3504 4651 (Cap.111‚17).

962 4658 1400 4738 Propositio
1448 4658 1528 4716 11.
1630 4655 1854 4715 Visus
1913 4654 2003 4715 ad
2060 4653 2368 4713 multum
2424 4654 2845 4760 propinqua
2902 4661 3206 4740 aegrius
3262 4663 3506 4764 respi-

793 4749 918 4824 cit,
985 4768 1195 4829 qnam
1264 4747 1351 4807 ad
1412 4744 1837 4807 remotiora.
1931 4743 2174 4803 Dictum
2224 4740 2379 4802 enim
2439 4754 2560 4817 est,
2611 4743 2671 4803 in
2721 4745 2951 4810 visione
3010 4767 3204 4810 rerum
3251 4752 3503 4829 propin-

794 4856 1034 4917 quarum
1091 4836 1577 4915 contorquendos
1639 4852 1774 4893 esse
1823 4833 2045 4892 oculos.
2144 4827 2463 4891 Contortio
2512 4840 2610 4892 est
2657 4843 2899 4911 piaeter
2970 4846 3283 4913 naturam,
3353 4858 3504 4919 quae

794 4928 975 4990 oculis
1019 4928 1200 4990 situm
1248 4925 1605 5005 parallelum
1651 4921 1878 4983 tribuit.
1975 4919 2179 4990 Quare
2239 4920 2514 4998 sequitur
2571 4921 2851 5000 fatigatio
2902 4934 2967 4986 et
3013 4948 3051 4987 a
3096 4928 3309 4988 minori
3356 4948 3505 4990 con..

794 5024 953 5078 tortu
1016 5017 1207 5078 minor
1268 5013 1571 5093 fatigatio,
1666 5010 1823 5072 Hinc
1881 5008 2268 5083 cogit-abundi
2336 5009 2768 5087 dignoscuntur
2834 5014 3015 5075 facile
3064 5016 3140 5076 ab
3189 5017 3503 5079 omnibus:

793 5121 991 5168 notam
1048 5115 1251 5168 tamen
1308 5103 1597 5184 intelligit
1651 5118 1847 5163 nemo.
1941 5099 2061 5161 Est
2107 5105 2314 5159 autem
2358 5098 2547 5176 haec,
2613 5104 2771 5180 quod
2835 5105 3139 5167 oculorum
3205 5110 3506 5172 musculos
