4584 6192
1021 590 1053 649 aa
1069 592 1143 649 aaa
1162 592 1286 680 opem·
1783 592 1826 665 97

464 769 501 823 rei
517 772 624 838 gemmis
640 772 734 832 vitreis,
753 788 828 840 qnam
839 775 915 839 ipsius
927 774 1035 829 luminis.
1054 771 1115 824 cnm'
1129 781 1215 823 tamen
1233 772 1362 822 tubercula
1379 772 1423 822 illa
1440 773 1520 824 vitrea
1536 774 1587 823 sint
1605 776 1727 827 macriora
1746 793 1819 842 quam

464 844 574 909 reliquae
593 845 649 894 ritri
666 851 761 908 partes.
793 845 921 907 Quomodo
939 846 986 895 boc
1004 845 1040 905 fit,
1060 845 1125 909 qnod
1143 845 1242 894 densior
1259 845 1314 893 citri
1332 845 1387 892 rino
1407 844 1492 908 repleti
1511 858 1568 908 pars
1586 846 1740 909 splendorem
1759 850 1821 898 lucia

464 917 583 977 majorem
601 916 713 979 prebeat,
733 930 809 981 qnam
826 918 906 981 ipsum
923 917 1007 966 lumen
1026 914 1170 965 candelae?

551 1004 738 1085 Keplerus
758 1011 794 1076 (7.
814 1014 874 1065 Feb.
896 1010 997 1075 iboll:
1032 1002 1179 1075 Quaestio
1209 1003 1311 1082 optica
1342 1004 1506 1064 communis
1530 1012 1603 1066 nota
1634 1014 1691 1069 est.
1741 1006 1824 1070 Con-

465 1100 588 1155 currunt
618 1093 749 1156 medium
782 1096 906 1157 densius
940 1105 972 1155 et
1003 1087 1181 1156 convexitas
1219 1093 1443 1171 qualiscunque.
1500 1093 1556 1153 llis
1591 1095 1669 1155 enim
1702 1105 1827 1158 contra-

466 1181 575 1242 buntur
599 1182 685 1257 radii,
709 1191 745 1244 ut
769 1192 887 1244 tanturn
907 1184 996 1244 sitin
1016 1182 1191 1262 parvoloco
1212 1188 1357 1260 quantum
1377 1180 1453 1240 aliae
1468 1181 1498 1241 in
1519 1201 1628 1262 magno
1650 1183 1826 1265 dispersum.

465 1268 612 1331 Deneitas
626 1289 686 1332 non
708 1270 837 1351 impedit
856 1272 1026 1344 transitum,
1048 1270 1204 1331 aliusnon
1225 1277 1309 1329 esset
1330 1268 1521 1348 pellucidum,
1544 1279 1662 1333 tantum
1678 1274 1827 1353 refringit.

469 1355 502 1421 si
525 1358 638 1421 vitrum
660 1361 785 1435 clarum,
812 1368 897 1422 tanto
922 1360 1039 1433 melius,
1064 1359 1141 1420 alias
1165 1358 1243 1419 radii
1267 1358 1431 1437 tinguntur.

551 1465 724 1515 Fabricius
751 1463 806 1526 (²2.
827 1465 889 1516 Dec.
909 1482 932 1515 v.
953 1472 984 1515 st
1005 1461 1105 1525 loom:
1134 1463 1283 1512 Miracnlum
1307 1469 1377 1511 tuum
1405 1464 1513 1526 opticnm
1541 1463 1566 1511 in
1594 1465 1697 1514 obscuro
1725 1481 1829 1517 musaeo

467 1534 536 1585 multi
555 1550 601 1598 per
624 1537 736 1601 magiam
753 1536 807 1585 fieri
832 1538 965 1595 rebantnr;
990 1536 1035 1586 sed
1054 1534 1224 1585 cancellarius
1242 1549 1286 1597 per
1308 1535 1416 1597 opticam
1442 1533 1573 1583 artificiose
1596 1534 1643 1585 hoo
1668 1536 1720 1585 fieri
1739 1545 1828 1588 sancte

471 1606 618 1656 affirmabat
657 1607 771 1671 Explices
790 1622 890 1672 quaeso.

554 1695 754 1775 Keplerus:
784 1696 954 1758 Artificium
981 1693 1113 1773 opticum
1143 1693 1382 1754 demonstratum
1413 1691 1545 1753 invenies
1576 1690 1651 1772 Cap.
1677 1694 1719 1757 11.
1754 1694 1826 1776 Opt.

469 1782 597 1845 maxime
621 1801 706 1865 prop.
730 1779 762 1845 ι1.

555 1872 742 1922 Fabricius:
768 1870 902 1932 Quaeritur
921 1883 954 1919 au
974 1867 1037 1919 Solis
1057 1869 1161 1918 altitudo
1184 1883 1229 1932 per
1251 1867 1342 1932 duplex
1368 1867 1561 1917 diversicoloria
1588 1870 1677 1918 vitrum
1695 1871 1827 1922 observata

469 1943 543 1991 etiam
561 1945 682 2006 majorem
700 1943 875 1993 refractionem
894 1940 954 1989 det?
979 1940 1062 2003 'fycho
1082 1940 1214 2005 aliquando
1233 1938 1415 2003 Waudesburgi
1436 1937 1496 1987 mihi
1515 1938 1589 1996 dixit,
1607 1954 1657 1989 nou
1675 1941 1743 2007 fieri,
1762 1944 1827 2007 quod

470 2014 557 2063 dmum
574 2029 626 2063 non
645 2014 719 2078 longe
739 2014 770 2063 ab
790 2012 867 2063 oculis
885 2019 1041 2061 removeatur
1058 2026 1105 2061 uec
1124 2012 1157 2060 sit
1176 2010 1258 2074 aliqua
1276 2010 1398 2059 sensibilis
1416 2011 1538 2072 proportio
1558 2008 1621 2058 Solis
1641 2011 1674 2060 nd
1692 2014 1780 2063 ritrum
1800 2021 1826 2064 et

470 2086 522 2134 vitri
541 2084 576 2135 ad
594 2084 703 2142 oculum,
723 2085 789 2135 sicut
807 2089 846 2135 est
864 2082 928 2132 Solis
947 2083 981 2132 ad
999 2088 1091 2144 aerem,
1110 2084 1135 2130 in
1155 2096 1202 2144 qno
1220 2081 1336 2131 retractio
1354 2079 1390 2138 fit,
1411 2088 1437 2130 et
1455 2082 1519 2129 atris
1538 2080 1571 2129 ad
1589 2081 1694 2131 oculum.

557 2173 768 2252 Keplerus:
792 2173 851 2233 Per
870 2171 981 2249 duplex
995 2170 1103 2232 vitrum
1118 2169 1222 2232 Solem
1236 2171 1366 2231 refracte
1381 2170 1488 2230 cernis.
1528 2167 1648 2232 Causae
1664 2171 1825 2251 Tychcnis,

475 2261 577 2341 quibus
601 2261 659 2324 hoc
683 2269 829 2342 negatur,
854 2260 950 2320 falsae
974 2268 1053 2320 sunt.
1100 2259 1180 2321 Nam
1204 2258 1246 2319 nil
1265 2259 1354 2337 juvat
1381 2257 1608 2338 propinquitas3
1640 2260 1837 2339 triangulare,

475 2350 580 2411 vitrum
605 2358 655 2411 est
676 2348 960 2430 propinquissimum
983 2349 1067 2409 oculo
1092 2356 1124 2408 et
1148 2356 1248 2408 tamen
1272 2366 1388 2407 summa
1411 2346 1478 2408 imis
1502 2347 1639 2408 miscet
1665 2347 1826 2428 Propertio

476 2456 541 2499 reru
563 2440 646 2501 inter
669 2438 801 2511 oculum,
828 2445 941 2509 aerem,
966 2436 1088 2498 Solem:
1113 2437 1244 2508 oculum,
1268 2437 1392 2510 vitrum,
1418 2434 1535 2510 Solem,
1564 2435 1637 2497 nihil
1660 2436 1717 2497 huc
1741 2438 1826 2500 facit.

477 2525 586 2589 Eadem
611 2526 690 2590 enim
715 2535 764 2588 est
786 2527 865 2588 ratic
889 2528 1018 2587 refracte
1042 2524 1165 2585 videndi
1179 2523 1271 2598 Solis,
1296 2543 1372 2603 quae
1394 2524 1502 2602 pulicis
1519 2542 1574 2604 per
1597 2523 1674 2586 idern
1698 2527 1827 2589 medium

480 2615 678 2696 quodcunque.

558 2704 730 2754 Fabricius
750 2700 805 2763 (26.
824 2701 887 2752 Dec.
907 2718 930 2749 v.
949 2707 980 2749 st.
1001 2697 1097 2761 1603);
1123 2701 1173 2751 Cur
1191 2701 1275 2750 lucida
1292 2714 1349 2763 parc
1368 2699 1456 2750 Lunae
1474 2700 1551 2749 multo
1570 2703 1688 2762 majorem
1707 2703 1827 2753 circulum

481 2782 659 2839 npnoecntare
672 2773 776 2831 videtur,
795 2787 869 2837 qnam
890 2773 1088 2822 circumferentia
1107 2786 1201 2836 opacae
1213 2773 1290 2835 partis
1308 2777 1446 2821 monstrare
1459 2778 1504 2820 aut
1520 2771 1603 2821 facere
1615 2787 1687 2835 posse
1706 2774 1827 2838 apparet?

559 2863 767 2943 Keplerus:
792 2862 839 2922 De
862 2862 967 2922 Lunae
992 2849 1082 2921 cornu
1106 2861 1205 2921 lucido
1230 2859 1330 2937 amplo
1354 2860 1402 2937 egi
1427 2859 1456 2920 fn
1482 2857 1600 2937 Opticie
1625 2861 1710 2923 meis.

557 2952 729 3001 Fabricius
750 2947 804 3011 (27.
826 2949 882 3000 Oct.
904 2966 925 2997 r.
940 2956 971 2998 st.
993 2945 1089 3007 1600:
1110 2947 1191 3013 Rogo,
1210 2955 1238 2996 ut
1256 2948 1376 3011 triplicem
1394 2946 1566 3011 hypothesium
1584 2949 1828 3001 transformationem

484 3019 532 3071 urbi
549 3022 735 3080 communiam
755 3023 815 3071 item
834 3021 922 3070 Lunae
940 3019 1071 3077 theoriam,
1090 3034 1149 3070 nam
1167 3018 1344 3081 Tycbonieana
1361 3033 1411 3067 non
1431 3025 1469 3068 eet
1487 3019 1549 3068 adeo
1567 3020 1710 3083 plausibilis.

561 3110 749 3192 Keplerus
782 3114 836 3179 (18.
857 3116 920 3167 Dee.
940 3112 1037 3178 icoo:
1078 3106 1264 3188 Compendia
1300 3114 1399 3168 motus
1434 3108 1537 3168 Lunae
1578 3109 1725 3171 hactenus
1761 3111 1826 3190 ipse

489 3198 604 3277 neglexi,
630 3197 781 3279 quianon
806 3205 877 3259 sunt
907 3197 1066 3258 admodum
1097 3197 1246 3258 calculatu
1275 3196 1502 3274 compendiosa,
1528 3195 1732 3284 intellectione
1757 3218 1827 3262 uero

488 3286 741 3368 compendiosiora.
789 3284 960 3367 Geryonem
990 3285 1154 3365 tricipitem
1187 3286 1336 3346 debellavi
1369 3284 1398 3345 in
1426 3285 1522 3363 prima
1549 3294 1635 3364 parte
1665 3285 1828 3351 Commen-

490 3376 617 3437 tariorum
641 3376 678 3436 de
702 3377 801 3436 Marte
828 3375 940 3454 fecique
965 3375 1051 3453 quasi
1073 3374 1289 3453 prolegomena
1312 3394 1369 3435 ocu
1394 3375 1554 3435 admodum
1579 3394 1715 3437 amoena.

560 3464 747 3514 Fabricius:
778 3462 980 3525 Conjunctionem
1008 3462 1024 3522 b
1050 3469 1076 3512 et
1102 3462 1125 3523 ll
1154 3477 1200 3527 ego
1226 3468 1324 3526 propter
1356 3462 1501 3525 impeditum
1529 3471 1685 3526 prospectum
1713 3464 1750 3523 (in
1778 3468 1827 3516 fine

492 3532 560 3583 sidit:
582 3535 675 3585 dabam
693 3537 718 3583 in
737 3548 802 3584 nova
820 3542 846 3583 et
868 3535 969 3599 ingrata
986 3533 1096 3583 Uraniae
1122 3534 1181 3582 sede
1201 3533 1292 3583 Osteel.
1330 3533 1426 3582 Priores
1450 3534 1537 3583 literae
1562 3534 1685 3584 dabantur
1708 3533 1829 3598 Esenae.)

432 3663 437 3674 Ι
494 3603 608 3656 obsanare
626 3621 677 3655 non
695 3607 772 3669 potui.
809 3604 884 3655 Mitto
903 3605 1085 3655 observationes
1103 3618 1173 3655 meas
1194 3601 1234 3652 id.
1254 3612 1280 3654 et
1298 3602 1340 3652 27.
1357 3604 1418 3666 Maji
1437 3603 1546 3665 (Escnae
1564 3603 1684 3667 habitas).
1707 3606 1747 3657 fd.
1766 3609 1828 3670 Maj.

492 3668 571 3738 (tsi.)
595 3690 670 3727 mane
695 3675 720 3726 ln
742 3674 766 3725 3.
791 3676 958 3738 pasinistro
982 3690 1048 3739 genn
1068 3675 1189 3739 Ophiuchi
1211 3672 1328 3732 12048‘,
1348 3676 1448 3725 adext.
1472 3676 1538 3725 hum.
1560 3676 1623 3739 Oph.
1644 3676 1674 3725 5⁰
1693 3676 1752 3736 28¹,
1770 3679 1785 3732 ii
1804 3686 1830 3727 et

492 3742 563 3803 l=⁸⁰
581 3746 633 3797 52¹.
671 3745 715 3797 27.
742 3746 804 3811 Mal.
828 3746 844 3808 Β
870 3761 886 3796 a
908 3748 956 3795 sin.
981 3761 1047 3810 genn
1075 3747 1137 3811 Oph.
1169 3743 1215 3795 12υ
1240 3745 1292 3803 17’,
1318 3746 1349 3795 ab
1368 3748 1461 3796 intare
1486 3744 1517 3795 9⁰
1541 3745 1594 3804 23⁴,
1619 3762 1636 3797 a
1658 3751 1781 3813 superiore
1803 3750 1829 3797 in

492 3813 554 3868 inte
571 3818 606 3884 ill
627 3815 676 3867 1³⁰
694 3815 747 3866 351.
773 3818 796 3879 il
816 3819 847 3867 ab
866 3819 961 3867 Antare
981 3813 1030 3864 15⁰
1047 3815 1099 3874 ὅθ’,
1120 3819 1205 3867 abor.
1225 3818 1298 3867 trium
1316 3819 1342 3867 in
1359 3818 1439 3867 fronte
1452 3816 1487 3883 ul
1507 3815 1619 3875 tutu,
1639 3833 1656 3868 a
1669 3820 1742 3869 lumb.
1762 3820 1827 3869 dext.

494 3882 877 3951 tpntttt¹,aein.19⁰³‘.
913 3887 1028 3949 petil:
1048 3885 1079 3937 8⁰
1098 3886 1150 3938 16¹.
1413 3945 1415 3950 Ι

546 3977 723 4028 Fabricius
748 3975 803 4040 (lt.
822 3977 881 4027 fan.
905 3973 999 4038 lcum:
1028 3976 1119 4040 Optica
1141 3983 1188 4025 tua
1210 3977 1284 4025 dirim
1307 3977 1343 4026 tui
1368 3977 1460 4041 ingenii
1484 3976 1647 4025 subtilitatem
1670 3977 1779 4026 ostendit
1804 3985 1830 4028 et

493 4045 650 4105 plebesanae
668 4049 801 4098 multarum
822 4062 902 4105 rerum
920 4049 1120 4113 gravissimarum
1143 4048 1366 4098 demonstrationes
1385 4049 1503 4097 continet.
1542 4047 1616 4097 Certe
1635 4048 1707 4098 cedro
1726 4048 1828 4115 dignum

492 4115 557 4175 ildico
578 4120 674 4170 librum.
711 4120 795 4170 Prima
811 4119 961 4183 perlectione
980 4121 1064 4168 notari
1083 4119 1214 4183 quaedam,
1235 4119 1265 4168 de
1284 4121 1370 4182 quibua
1388 4126 1457 4168 tuum
1474 4119 1593 4181 judicium
1612 4125 1708 4182 expeto.

564 4189 655 4242 Scribis
674 4187 748 4255 (Cap.
768 4189 839 4248 VIII,
859 4187 915 4251 5.);
936 4189 1058 4239 Venerem
1076 4197 1162 4254 tegere
1189 4191 1298 4254 potuisse
1318 4190 1399 4240 Solem
1427 4197 1486 4240 ante
1515 4187 1566 4237 200
1592 4203 1670 4240 annos
1694 4198 1720 4240 ct
1743 4199 1831 4255 postea

495 4258 553 4311 tium
568 4276 655 4326 posse,
681 4276 748 4314 nuno
771 4276 829 4312 vero
847 4276 905 4311 non.
941 4260 971 4311 ld
988 4261 1048 4311 milri
1072 4256 1235 4328 παραδοξον
1258 4262 1336 4311 vuum
1355 4262 1402 4311 fuit
1419 4262 1538 4326 cupioque
1557 4261 1587 4310 de
1606 4276 1635 4310 eo
1660 4261 1762 4313 ulterius
1785 4264 1830 4313 abs

494 4331 608 4383 cocart

562 4404 749 4487 Keplerus
772 4410 827 4473 (11.
848 4411 904 4463 Oet
932 4406 1029 4472 tutin:
1055 4400 1159 4465 Solem
1182 4403 1288 4465 Venus
1316 4423 1373 4464 nou
1402 4411 1512 4477 totum,
1542 4404 1597 4464 sed
1624 4413 1741 4485 partem
1764 4407 1830 4485 ejus
1871 4415 1875 4423 “

495 4493 576 4570 legere
599 4501 712 4575 potest.
760 4491 897 4573 Cumque
929 4493 1015 4553 annis
1044 4489 1066 4555 8
1095 4493 1170 4554 fiant
1199 4489 1218 4553 5
1253 4492 1478 4571 conjunctiones
1509 4491 1591 4554 Solis
1625 4502 1657 4555 et
1689 4494 1829 4567 Veneris,

496 4573 596 4643 Venere
620 4583 806 4662 retrograda,
832 4582 902 4643 iliae
922 4578 941 4642 5
966 4581 1054 4643 hodie
1079 4581 1122 4643 sic
1147 4580 1359 4660 disponuntur,
1384 4590 1417 4642 ut
1440 4581 1522 4643 nulla
1545 4579 1574 4642 io
1598 4582 1738 4644 viciniam
1761 4582 1830 4643 nodi

430 4679 432 4722 :
496 4668 587 4733 veniat
634 4671 775 4751 Angulns
799 4671 879 4732 enim
907 4670 1056 4731 maximae
1087 4669 1290 4731 inclinationis
1314 4678 1410 4731 estc.
1434 4665 1482 4733 4⁰.
1528 4670 1626 4748 Igitur
1648 4668 1688 4734 ι1ο
1710 4692 1729 4746 a
1752 4671 1829 4732 nodo
1892 4675 1901 4692 ⁸

497 4750 630 4823 inclinatio
661 4768 711 4821 est
740 4779 766 4822 c.
799 4755 861 4834 16⁴,
893 4774 1040 4839 superans
1073 4759 1327 4821 semidiametrum
1351 4757 1450 4831 Solis,
1484 4758 1571 4837 idque
1605 4761 1698 4822 multo
1722 4759 1829 4839 magis,

498 4844 550 4919 quia
574 4848 629 4911 illa
654 4844 706 4911 16⁴
730 4849 769 4911 ob
793 4848 905 4911 Terrae
933 4857 965 4909 et
993 4847 1122 4909 Veneris
1151 4847 1407 4927 propinquitatem
1437 4847 1527 4926 triplo
1558 4848 1701 4927 majorem
1728 4867 1831 4909 arcum

498 4928 610 5020 ftciunt;
634 4944 669 4999 ut
691 4936 810 4999 omnine
835 4936 875 4997 ad
897 4931 934 4997 1⁰
954 4936 1209 5016 propinquitatem
1233 4955 1357 4998 necesse
1373 4937 1414 4998 sit
1428 4938 1580 4998 Venerem
1598 4936 1627 4997 in
1650 4938 1727 4998 nodo
1752 4956 1830 5010 esse,

498 5016 517 5076 ti
533 5024 583 5088 sub
606 5023 710 5089 Solem
741 5025 832 5088 debet
861 5023 1021 5087 incurrere.
1067 5023 1138 5087 Jam
1160 5023 1364 5087 revolutiones
1400 5022 1438 5088 13
1463 5025 1592 5085 Veneris
1622 5024 1832 5089 conuenae

498 5104 557 5173 int
583 5114 673 5177 vaide
710 5113 876 5195 propinque
912 5114 1215 5187 commensurabilem
1252 5114 1424 5177 tardissime
1460 5113 1553 5193 igitur
1586 5121 1831 5194 transponuntur,

536 5213 760 5271 “niumm-¹¹·
1602 5216 1619 5270 7
