4584 6192
487 642 531 710 84
730 650 735 660 ”
904 642 1004 691 Literae
1023 638 1123 704 Ksplerl
1143 640 1293 704 altorumque
1311 645 1413 690 mutuas

487 819 666 901 aequabitur
689 816 878 889 refractioni,
904 822 936 875 ut
958 816 986 875 in
1013 813 1206 893 praecedenti
1230 813 1396 893 positione,
1432 815 1485 875 sed
1509 812 1568 875 erit
1590 813 1842 891 complementum

486 906 691 971 inclinationis
715 904 846 977 refracti,
873 923 909 963 ex
933 922 991 982 qua
1011 903 1077 981 jam
1102 903 1192 963 etiam
1216 902 1277 962 alia
1300 910 1442 983 sequetur
1464 900 1618 981 proportio
1639 901 1696 962 BD
1720 901 1760 963 ad
1775 901 1841 977 DF,

408 1065 413 1070 ,
486 1016 582 1078 enque
607 1016 644 1056 ea
668 1004 701 1055 ut
722 994 804 1071 prius
820 993 947 1053 omnium
961 990 1027 1065 DE,
1054 999 1144 1051 notae
1161 990 1363 1052 inclinationis
1378 991 1468 1064 Dar,
1494 990 1623 1052 altitudo
1639 1008 1731 1068 super
1756 990 1842 1053 hori-

486 1093 608 1147 zontem
632 1081 731 1144 EDC:
766 1080 870 1160 quibus
902 1079 1094 1159 investigatis
1126 1098 1243 1140 rursum
1266 1080 1435 1152 videndum,
1470 1099 1507 1140 an
1538 1078 1660 1158 propius
1684 1079 1843 1140 veniamus

485 1176 526 1235 ad
558 1190 698 1234 numeros
723 1169 871 1250 Tychonis
897 1176 927 1229 et
951 1189 1010 1248 qua
1034 1167 1206 1247 quantitate
1230 1169 1418 1229 retractionis
1442 1168 1594 1248 plenariae
1627 1168 1755 1246 proximi
1784 1168 1842 1229 fia·

484 1282 552 1323 mus
583 1259 813 1323 retractionibus
847 1257 1007 1337 Tychonis.
1055 1255 1102 1315 Ex
1125 1257 1178 1317 illa
1209 1258 1348 1333 prodiens
1373 1257 1452 1318 aeris
1477 1257 1604 1319 altitudo
1628 1257 1763 1318 tenenda
1781 1258 1844 1319 uti-

484 1370 540 1432 que
566 1350 624 1411 erit
646 1367 699 1428 pro
723 1366 810 1420 vera,
837 1348 894 1406 etsi
919 1368 938 1406 a
961 1344 1139 1427 Tychonicis
1163 1345 1391 1407 retractionibus
1424 1365 1539 1407 rursum
1562 1363 1760 1426 prorsumque
1783 1363 1841 1426 pa·

482 1458 602 1518 rumper
625 1434 904 1515 discrepaverimus.
930 1443 983 1495 aut
1007 1434 1098 1494 etiam
1122 1433 1217 1511 ipsam
1240 1435 1456 1495 horizontalem
1480 1435 1569 1513 paulo
1594 1434 1685 1494 aliam
1710 1453 1842 1513 usurpa-

483 1528 616 1589 verimus
637 1544 724 1604 quam
740 1520 802 1596 30‘,
828 1523 853 1584 si
878 1524 1045 1602 contingat,
1071 1542 1124 1582 nos
1140 1523 1195 1584 hoc
1210 1533 1299 1602 pacto
1320 1525 1450 1603 reliquos
1464 1524 1566 1601 plures
1581 1524 1693 1584 rectius
1709 1524 1843 1604 assequi.

573 1614 658 1675 Satis
684 1631 832 1692 superque
858 1614 894 1674 de
919 1612 975 1673 hoc
998 1610 1194 1690 problemate.
1241 1613 1416 1672 Metlrodum
1447 1613 1514 1673 hinc
1539 1611 1707 1691 inquirendi
1732 1631 1841 1693 super-

480 1704 580 1765 ficiem
605 1702 685 1763 airis
709 1700 876 1762 breviorem
891 1701 917 1762 si
932 1700 1098 1768 inveneris,
1115 1720 1152 1761 ea
1167 1719 1212 1760 rue
1228 1718 1300 1777 rogo
1316 1700 1508 1780 impertiaris.
1556 1700 1653 1761 Vides
1668 1700 1695 1761 si
1709 1702 1844 1764 maxima

480 1793 561 1853 airis
587 1790 733 1854 retractio
758 1797 912 1851 statuatur
935 1808 993 1851 non
1017 1789 1111 1867 major
1134 1808 1222 1868 quam
1247 1786 1314 1870 301,
1339 1790 1403 1851 lieri
1427 1788 1616 1851 altitudinem
1640 1789 1723 1851 sitris
1748 1791 1842 1852 semi-

480 1880 620 1942 diametri
645 1881 758 1941 Terrae
783 1876 825 1942 26
846 1878 1046 1951 millesimam,
1072 1878 1253 1939 tricesimam
1269 1897 1312 1939 sc.
1328 1879 1414 1939 unius
1431 1878 1577 1952 milliaris,
1602 1885 1706 1940 stante
1721 1881 1840 1941 retrac-

479 1969 562 2031 tione
586 1967 741 2050 Tychonis
766 1967 945 2029 horizontali
969 1967 1095 2027 totidem
1120 1968 1324 2045 scrupulorum
1348 1987 1390 2028 sc.
1417 1964 1468 2029 30.

571 2057 643 2106 Haec
661 2063 730 2112 sunt,
751 2070 815 2119 quae
829 2055 951 2119 Keplerus
970 2055 1000 2104 de
1015 2054 1108 2118 Opticis
1122 2070 1177 2104 cum
1191 2055 1323 2105 Maestlino
1341 2072 1385 2119 per
1403 2056 1487 2104 literas
1507 2057 1566 2121 egit.
1605 2054 1670 2115 Quid
1690 2056 1750 2106 alii
1763 2055 1841 2121 Kep-

481 2129 546 2178 leri
565 2130 658 2178 amici
677 2134 709 2176 et
727 2128 739 2175 i
744 2133 871 2176 autores
889 2125 920 2176 de
933 2126 979 2175 hoc
991 2126 1051 2175 libro
1070 2128 1200 2185 senserint,
1221 2128 1421 2190 exsequentibus
1440 2126 1517 2175 literis
1535 2140 1596 2190 quas
1610 2126 1781 2177 exHanschio
1799 2130 1842 2178 de-

481 2202 612 2249 sumsimus
632 2197 768 2262 apparebit.

570 2269 686 2320 Matth.
697 2269 854 2318 Haienrei
858 2268 870 2317 i
875 2283 948 2317 erus
963 2267 1104 2333 (Tubingae
1117 2265 1160 2315 26.
1170 2268 1258 2317 Jan.r.
1268 2274 1298 2316 st.
1314 2265 1391 2328 ¹605)
1402 2268 1467 2317 hunc
1477 2270 1502 2316 in
1512 2269 1610 2317 modum
1623 2270 1738 2333 scripsit:
1750 2269 1841 2328 Multa.

482 2342 576 2391 clariss.
597 2348 623 2391 et
642 2341 740 2390 doctiss.
760 2341 804 2396 sir,
825 2339 931 2388 Domina
951 2341 1030 2389 amica
1050 2347 1075 2388 et
1100 2339 1176 2388 irater
1201 2341 1379 2396 amantissime,
1406 2339 1493 2395 multa,
1519 2341 1627 2403 inquam,
1653 2342 1722 2391 intra
1749 2356 1843 2405 pancos

480 2428 585 2464 creuere
604 2411 663 2460 mihi
681 2411 742 2467 dies,
761 2426 825 2474 quae
846 2412 882 2459 tui
901 2413 1052 2466 memoriam,
1072 2424 1145 2474 quam
1165 2426 1235 2459 mens
1248 2425 1305 2459 mea
1322 2424 1449 2475 nunquam
1462 2426 1511 2458 non
1527 2411 1708 2473 jucundissime
1727 2414 1844 2463 recorda-

483 2492 531 2538 tur,
550 2484 708 2532 novissimam
728 2488 803 2545 atque
822 2481 988 2530 dulcissimam
1008 2490 1067 2531 ante
1084 2481 1167 2530 oculos
1185 2496 1254 2530 meos
1272 2496 1385 2545 posuere.
1424 2480 1481 2529 Vidi
1500 2496 1607 2546 namque
1633 2490 1659 2531 et
1676 2483 1756 2549 relegi
1775 2486 1843 2549 cogi·

482 2556 593 2603 tationes
612 2561 668 2602 tans
688 2552 718 2601 de
737 2552 811 2601 stella
829 2567 902 2609 nova,
921 2566 985 2615 quae
1003 2552 1120 2615 superiori
1139 2560 1258 2602 autumno
1278 2554 1360 2601 lucere
1379 2554 1468 2616 coepit,
1495 2567 1560 2616 qnae
1577 2554 1656 2604 multo
1674 2554 1736 2603 mihi
1752 2557 1843 2618 luenn-

480 2625 598 2674 dissimae
627 2625 733 2680 iaemnt,
761 2623 806 2672 sed
824 2622 871 2671 hoc
890 2625 965 2673 etiam
989 2623 1158 2686 Jucundiores‚
1183 2624 1247 2687 quod
1275 2640 1329 2673 cum
1355 2637 1413 2673 mea
1432 2624 1583 2687 Epiphanius
1610 2627 1740 2682 concione,
1769 2640 1844 2690 qnam

477 2698 618 2759 nuperrimo
645 2695 710 2743 dicto
736 2694 798 2743 testo
818 2694 949 2750 dederam,
978 2696 1003 2742 in
1031 2702 1122 2758 puncto
1142 2695 1295 2744 difficultatis
1315 2695 1441 2744 divinandi
1467 2695 1500 2744 ad
1519 2698 1635 2746 amussim
1660 2698 1842 2764 congruebant.

479 2767 599 2816 Proximis
624 2767 743 2815 insecutis
770 2765 855 2814 diebus
883 2765 931 2814 ridi
958 2766 1050 2814 incluto
1076 2766 1176 2815 scholae
1205 2768 1301 2815 senatui
1331 2766 1411 2815 offerri
1436 2766 1561 2829 exemplar
1578 2768 1789 2831 Paralipomenon
1817 2770 1842 2818 in

481 2836 650 2896 Vitellionem,
671 2841 697 2886 et
715 2836 787 2885 simul
807 2836 888 2885 audivi
907 2836 992 2886 literas
1011 2837 1109 2885 recitari
1129 2852 1161 2885 ea
1179 2838 1209 2886 de
1229 2851 1307 2886 causa
1325 2845 1449 2886 exaratas.
1488 2838 1528 2886 Ad
1550 2838 1605 2887 illas
1623 2839 1724 2902 quidem
1743 2847 1843 2905 gratam

481 2916 585 2958 senatus
603 2908 755 2957 voluntatem
776 2908 947 2957 declaratums
973 2909 1076 2971 magnii.
1097 2907 1128 2956 D.
1150 2907 1243 2957 Rector
1260 2908 1424 2972 respondebit.
1464 2908 1517 2973 Ego
1536 2923 1592 2959 vero
1618 2910 1723 2959 evolutis
1750 2911 1842 2961 ibidem

480 2980 625 3043 quibusdam
650 2979 704 3028 libri
722 2980 842 3043 pagellis,
870 2984 968 3043 propter
996 2981 1116 3028 materiae
1141 2981 1347 3043 tractationisque
1373 2980 1529 3029 nobilitatem
1557 2988 1584 3030 et
1610 2981 1763 3046 elegantiam
1792 2998 1841 3032 non

477 3058 575 3101 tantum
600 3051 694 3099 auctori
714 3057 739 3099 et
757 3053 793 3099 rei
812 3050 1008 3100 mathematicae
1029 3051 1218 3115 congratulatus
1236 3066 1298 3106 sum,
1325 3050 1369 3099 sed
1388 3052 1517 3100 confestim
1545 3052 1611 3115 apud
1630 3053 1740 3102 animum
1758 3068 1842 3104 meum

479 3122 629 3178 statuebam,
649 3122 728 3184 prima
747 3135 843 3185 quaque
863 3122 1004 3177 occasione,
1035 3128 1063 3169 ut
1082 3122 1192 3171 animum
1211 3121 1341 3185 oculosque
1359 3137 1427 3171 meos
1442 3125 1509 3184 justo
1527 3123 1621 3171 satiare
1648 3125 1757 3186 possim,
1784 3140 1839 3189 pro·

480 3193 559 3256 prium
579 3192 704 3255 exemplar
723 3205 874 3255 comparare.
914 3191 963 3240 Sed
982 3207 1051 3250 ecce,
1073 3200 1208 3257 antequam
1227 3193 1386 3255 comparandi
1406 3193 1549 3242 occasiones
1568 3194 1713 3259 obtingant,
1733 3196 1795 3248 clar.
1815 3203 1841 3245 et

482 3264 586 3313 consult.
607 3264 642 3311 vir
660 3262 692 3311 1).
713 3263 745 3312 D.
765 3262 886 3313 Besoldus
905 3264 1003 3312 nomine
1023 3265 1130 3312 auctoris
1150 3263 1260 3325 ejusdem
1279 3265 1418 3328 argumenti
1432 3264 1557 3327 exemplar
1570 3265 1634 3313 dono
1647 3263 1728 3314 offert.
1767 3266 1840 3328 Quod

482 3342 550 3384 certa
569 3348 657 3382 munus
683 3334 766 3382 multis
785 3334 923 3383 nominibus
948 3341 973 3382 et
991 3335 1038 3383 tuit
1056 3342 1082 3382 et
1100 3342 1139 3383 est
1163 3342 1188 3382 et
1207 3336 1253 3383 erit
1271 3334 1344 3399 longe
1362 3348 1436 3398 qnam
1455 3337 1630 3399 gratissimum.
1658 3335 1722 3387 Inda
1730 3352 1839 3403 namque

480 3420 530 3454 non
541 3413 639 3454 tantum
651 3411 805 3454 constantem
817 3418 877 3469 erga
889 3420 928 3454 me
942 3405 1049 3455 favorem
1063 3412 1089 3453 et
1109 3405 1305 3454 benevolentiam
1315 3413 1384 3454 tuam
1402 3408 1533 3455 manifesto
1547 3406 1705 3470 deprehendi,
1719 3410 1765 3459 sed
1774 3410 1840 3475 qnod

481 3476 811 3539 etipsedemeoutamici
826 3483 924 3540 ergata
943 3476 1023 3524 studio
1043 3484 1068 3525 et
1086 3491 1234 3540 quacunque
1253 3478 1278 3523 in
1296 3491 1322 3525 re
1342 3478 1383 3539 pia
1402 3485 1427 3542 et
1445 3476 1551 3526 honesta
1568 3479 1716 3529 inserviendi
1734 3483 1837 3543 promti·

480 3547 565 3597 tudine
585 3545 646 3596 nihil
665 3546 799 3602 dubitares,
819 3552 871 3595 tum
890 3553 988 3610 propter
1006 3548 1145 3613 argumenti
1164 3546 1327 3604 nobilitatem,
1348 3562 1364 3595 a
1382 3563 1428 3609 quo
1446 3563 1528 3596 mcum
1541 3550 1676 3612 ingenium,
1694 3550 1755 3601 licet
1773 3567 1838 3617 qnae

480 3618 623 3667 sublimiora
642 3624 699 3666 sunt
716 3633 766 3666 non
785 3631 881 3681 temper
900 3625 1053 3681 assequatur,
1072 3632 1197 3682 nunquam
1216 3618 1263 3666 tuit
1276 3618 1398 3668 alienum:
1418 3619 1484 3668 unde
1497 3634 1538 3668 me
1551 3620 1632 3669 adhuc
1644 3635 1742 3686 semper
1753 3625 1837 3673 istius

479 3689 544 3738 modi
570 3689 752 3752 jucundissimis
778 3689 913 3737 studiorum
932 3689 1039 3738 flosculis
1061 3690 1238 3751 jucundissime
1257 3703 1369 3739 recreare
1387 3690 1462 3739 soleo.
1500 3690 1596 3755 Legam
1623 3692 1698 3755 igitur
1726 3694 1836 3744 oblatum

477 3774 566 3810 munus
585 3767 611 3809 et
630 3761 712 3824 legam
731 3774 824 3825 magna
843 3774 898 3809 cum
918 3762 993 3809 animi
1018 3760 1176 3822 iucunditate
1205 3767 1231 3808 et
1249 3760 1338 3817 studio,
1365 3775 1508 3824 semperque
1536 3769 1563 3809 et
1579 3763 1623 3810 tibi
1650 3770 1677 3812 et
1693 3766 1793 3827 patriae
1811 3761 1858 3816 et'

478 3833 551 3881 rebus
571 3832 753 3881 mathematicis
773 3839 799 3880 et
817 3831 882 3895 quod
900 3832 964 3881 tales
982 3839 1091 3881 nostmm
1104 3831 1215 3880 seculum
1228 3831 1334 3881 cultores
1352 3833 1481 3888 invenerit,
1500 3838 1553 3881 tum
1570 3833 1628 3881 mihi
1641 3849 1751 3900 quoqne,
1771 3836 1836 3902 qnod

481 3905 507 3952 in
527 3903 660 3952 eemndem
680 3903 841 3952 contubernio
861 3910 886 3951 et
905 3904 1039 3951 amicorum
1059 3903 1174 3966 catalogo
1193 3916 1247 3951 esse
1266 3902 1355 3959 liceat,
1378 3904 1541 3953 sincerissime
1559 3904 1712 3968 gmtulabor.
1748 3908 1788 3958 Ex
1806 3924 1836 3959 eo

478 3982 585 4038 quantas
604 3975 648 4023 tibi
666 3990 709 4036 pro
727 3975 866 4038 gratissimo
885 3989 987 4022 munere
1006 3975 1100 4039 gratias
1118 3973 1226 4022 habeam
1245 3973 1319 4022 facile
1331 3973 1465 4039 intelligis:
1484 3980 1570 4024 tantas
1582 3977 1706 4035 nimimm,
1725 3985 1835 4044 quantes

478 4046 541 4094 allas
560 4059 671 4110 unquam
691 4046 773 4093 animo
793 4046 922 4108 concipere
940 4045 1021 4108 potui:
1048 4058 1148 4108 operam
1167 4044 1269 4092 daturus
1287 4050 1316 4093 ut
1334 4059 1479 4109 quacunque
1499 4048 1629 4096 occasione
1648 4049 1734 4100 oblata
1750 4064 1834 4101 meam

478 4118 555 4165 tacite
574 4124 720 4179 conceptam
739 4116 916 4180 gratitudinem
935 4130 961 4165 re
979 4117 1035 4179 ipsa
1052 4114 1186 4165 declarem.
1222 4114 1323 4164 iuterim
1350 4123 1379 4164 nt
1396 4118 1463 4165 rivas
1482 4123 1509 4165 et
1526 4118 1610 4167 valeas
1637 4126 1714 4185 atque
1740 4121 1835 4172 honore

476 4189 631 4251 nominisque
650 4187 724 4236 laude
744 4186 883 4236 cumulatus
901 4187 1005 4236 subinde
1023 4187 1092 4235 nobis
1111 4186 1253 4235 utilissimos
1272 4186 1391 4249 ejusmodi
1409 4187 1505 4237 labores
1517 4190 1635 4252 proferas,
1655 4190 1738 4242 Deum
1752 4192 1784 4243 0.
1796 4191 1832 4243 Π.

473 4265 526 4305 toto
545 4259 618 4308 corda
637 4258 769 4322 precabor:
788 4258 835 4306 hoc
855 4256 938 4307 addito
952 4265 1016 4314 roto,
1037 4265 1064 4306 ut
1083 4257 1120 4306 rei
1139 4257 1242 4306 tandem
1260 4260 1372 4307 sincerae
1385 4266 1485 4308 nostrae
1500 4259 1625 4325 religionis
1637 4261 1728 4313 liberas
1740 4264 1833 4315 habere

473 4329 551 4391 possis
571 4333 666 4390 etjam
683 4329 725 4378 diu
744 4334 873 4392 exoptatae
893 4329 1091 4378 exercitationes.
1128 4327 1194 4377 Vale
1212 4329 1286 4393 igitur
1304 4330 1385 4379 amice
1404 4336 1429 4379 et
1441 4330 1517 4379 irater
1533 4331 1725 4393 Jncundissime,
1746 4341 1773 4386 et
1792 4349 1833 4385 me

476 4399 555 4448 Tuum
575 4401 638 4464 quod
657 4401 734 4462 facis,
753 4414 838 4449 amare
855 4414 940 4464 perge.

562 4472 662 4520 Literae
681 4470 847 4526 Rectoris,
867 4483 927 4534 quas
946 4469 1132 4520 Haienreffems
1151 4471 1318 4534 supradicit,
1338 4471 1386 4520 hae
1405 4479 1476 4521 sant:

562 4543 676 4601 ,Literas
694 4550 760 4599 tuas,
780 4542 826 4590 Vir
844 4542 988 4598 clarissime,
1007 4555 1059 4591 una
1078 4556 1133 4590 cum
1152 4557 1225 4605 opere
1244 4550 1286 4590 tuo
1304 4542 1512 4605 Paralipomenon
1530 4543 1563 4593 ad
1577 4543 1736 4597 Vitellionern
1756 4563 1829 4602 acce·

469 4613 548 4677 pimus
569 4612 593 4663 3.
610 4614 668 4663 Jan.
687 4613 781 4663 Juliani
801 4616 859 4663 anni
878 4614 1022 4675 praesentis.
1060 4613 1115 4661 Hoc
1134 4614 1231 4677 quidem
1249 4614 1319 4661 nobis
1337 4621 1491 4678 pergratum,
1511 4616 1576 4679 quod
1593 4615 1635 4665 illo
1653 4616 1829 4672 bibliothecam

468 4694 578 4735 normam
597 4686 679 4733 ornari
697 4685 802 4740 voluisti,
822 4685 876 4732 illas
894 4685 1029 4749 gratiores,
1053 4684 1118 4748 quod
1137 4684 1241 4747 plurium
1260 4685 1329 4733 nobis
1346 4686 1439 4749 ingenii
1463 4688 1498 4735 tui
1518 4688 1626 4736 ioetuam
1644 4702 1715 4751 spem
1734 4691 1830 4743 facium

469 4769 518 4805 non
537 4757 681 4812 obscuram
699 4763 829 4820 utrumque
849 4756 887 4804 vel
905 4770 934 4805 eo
953 4756 1051 4804 nomine
1070 4756 1246 4819 gratissimum,
1266 4756 1331 4819 quod
1349 4761 1374 4804 te
1392 4756 1488 4805 habent
1506 4766 1531 4807 et
1548 4758 1665 4809 habitura
1676 4767 1744 4822 suna
1764 4775 1828 4828 qaae

470 4835 656 4892 exspectamus,
682 4834 807 4877 auctorem
834 4827 891 4875 olim
916 4826 1062 4889 discipulum
1081 4828 1207 4890 civemque
1226 4834 1348 4875 nostrum:
1373 4829 1410 4876 uti
1434 4835 1550 4890 parentas
1575 4830 1644 4879 laudi
1670 4832 1718 4882 sihi
1736 4834 1828 4885 dnm

468 4904 494 4947 et
512 4898 623 4948 nonnihil
643 4898 673 4947 ad
693 4913 720 4947 se
739 4900 830 4948 reterre
848 4898 929 4946 solent
948 4913 1046 4956 ecmm,
1074 4912 1138 4961 quae
1158 4911 1174 4946 a
1192 4898 1247 4946 tiliis
1267 4899 1394 4961 praeclare
1420 4899 1492 4947 fiunt.
1528 4900 1576 4949 Pro
1593 4917 1696 4954 munere
1714 4909 1760 4955 tuo
1777 4907 1826 4970 pri-

466 4983 535 5019 mum
552 4971 672 5019 habemus
690 4971 796 5033 gratias,
822 4969 940 5017 reddituri
958 4983 1055 5033 quoque
1073 4969 1114 5017 ubi
1134 4982 1188 5017 sess
1209 4969 1305 5018 dederit
1323 4970 1434 5023 occasio,
1453 4970 1514 5019 nihil
1534 4972 1687 5031 dubitantes,
1705 4990 1826 5043 magnam

466 5041 587 5089 scientiae
601 5047 626 5090 et
636 5039 769 5102 disciplinis
783 5039 965 5088 mathematicis
986 5040 1155 5089 accessionem
1173 5040 1287 5098 futuram,
1308 5041 1328 5087 si
1345 5040 1533 5103 praeclarissimi
1546 5041 1670 5105 Tychonis
1689 5051 1728 5096 tot
1746 5061 1824 5098 anno·

466 5123 519 5157 rum
539 5109 748 5161 lucubrationibus
768 5116 794 5160 et
811 5110 1021 5160 observationibus
1041 5116 1110 5158 tuum
1128 5110 1256 5174 ingenium
1275 5116 1301 5160 et
1319 5111 1466 5160 industriam
1485 5115 1712 5167 communicaveris.
1752 5117 1825 5181 Quod

465 5193 522 5229 rere
541 5183 605 5245 petis
633 5196 650 5231 s
672 5182 757 5243 nobis,
785 5190 813 5231 at
838 5188 935 5231 tuomra
954 5181 1154 5230 demotibas
1172 5179 1287 5231 Martis
1315 5186 1614 5236 commentariorum
1643 5187 1772 5254 asapha
1796 5189 1824 5240 ln
