4584 6192
552 624 616 692 tra
1022 622 1213 691 paralipomena
1231 627 1255 676 n
1274 625 1441 676 vitationem.

550 805 657 867 eadem
676 812 770 877 recta,
796 823 860 865 cum
881 824 983 866 omues
999 804 1103 865 sintin
1124 804 1272 864 communi
1292 796 1434 867 sectione.
1473 803 1638 865 Praeterea
1652 810 1684 863 et
1698 803 1748 872 (E.
1764 802 1821 874 XI,
1841 796 1906 873 19),

549 894 627 955 haec
650 894 815 955 communis
847 895 943 954 sectio
972 894 1030 954 erit
1062 892 1317 972 perpendicularis
1345 911 1435 972 super
1463 894 1588 953 eandem
1621 892 1835 969 refringentem
1860 891 1908 952 vel

550 983 803 1062 repercutientem
827 983 1024 1062 superficiem.
1071 980 1174 1051 Quare
1197 1001 1313 1044 rursum
1342 1002 1445 1043 omnes
1468 981 1511 1042 rei
1535 981 1618 1042 visae
1650 980 1796 1059 imagines
1820 987 1909 1041 eruut

502 1083 505 1087 ’
550 1070 580 1132 in
603 1071 842 1152 perpeudIculari
867 1091 905 1132 ex
927 1092 959 1133 re
979 1072 1008 1132 in
1032 1071 1219 1150 superficiem
1243 1089 1296 1131 seu
1326 1071 1538 1149 refringentem
1562 1090 1614 1131 seu
1638 1070 1907 1149 repercutientem:

551 1159 639 1240 idque
662 1167 802 1234 eatenus,
838 1169 985 1241 quatenus
1013 1159 1160 1220 distantia
1192 1166 1369 1238 punctorum
1392 1161 1435 1221 rei
1467 1160 1551 1220 visae
1576 1159 1615 1219 ad
1640 1159 1752 1220 dictum
1786 1158 1907 1219 modum

551 1268 604 1310 seu
627 1268 681 1329 per
712 1249 797 1311 binos
830 1250 931 1311 oculos
963 1268 1016 1310 seu
1048 1268 1101 1328 per
1135 1248 1221 1309 unius
1254 1248 1331 1310 oculi
1364 1249 1542 1311 diametrum
1576 1248 1745 1309 latitudiuis
1778 1247 1907 1327 capitur.

552 1335 688 1417 Cumque
712 1338 756 1412 (ln
781 1338 896 1418 specie)
921 1336 1092 1417 superficies
1122 1338 1283 1416 sphaeram
1312 1338 1602 1418 perpendiculariter
1625 1356 1732 1398 secans
1756 1355 1811 1416 per
1835 1356 1908 1398 ocu·

550 1434 629 1488 trum
652 1427 719 1506 ejus
742 1435 888 1500 trauseat,
915 1446 1007 1506 quare
1032 1434 1062 1486 et
1086 1426 1192 1502 talium
1216 1427 1339 1487 duarum
1364 1427 1528 1490 communis
1548 1427 1655 1500 sectio,
1681 1426 1736 1488 hoc
1757 1434 1806 1487 est
1829 1425 1910 1486 linea

550 1513 713 1595 imaginum
737 1525 769 1577 et
791 1516 833 1577 rei
857 1516 985 1577 risibilis
1009 1533 1062 1593 per
1086 1522 1219 1575 centrum
1244 1506 1396 1577 transibit.

637 1604 705 1666 Non
729 1604 819 1685 Igitur
842 1606 963 1666 occulta
986 1612 1097 1664 natura
1119 1604 1205 1676 lucis,
1232 1623 1290 1663 non
1314 1614 1440 1667 naturae
1465 1604 1644 1667 universalis
1669 1601 1829 1681 ingenium,
1856 1602 1909 1664 sed

549 1691 617 1753 sola
638 1693 723 1754 visus
748 1693 878 1755 latitudo
902 1694 982 1755 inter
1015 1711 1123 1753 causas
1153 1692 1316 1767 concurrit,
1351 1715 1404 1757 cur
1427 1695 1509 1755 visus
1543 1693 1702 1771 imaginem
1727 1698 1856 1770 reponat
1879 1690 1908 1751 in

548 1782 802 1861 perpendiculari.
1835 1837 1840 1842 .

639 1869 812 1950 Propbsitio
843 1870 964 1931 XVIII.
1021 1867 1109 1939 Quod
1143 1869 1170 1929 si
1201 1869 1297 1930 risum
1330 1870 1419 1932 aliter
1456 1871 1605 1952 applices,
1644 1869 1687 1931 sic
1720 1877 1754 1928 ut
1787 1869 1911 1940 (contra

548 1962 703 2032 naturam)
726 1959 880 2041 utriusque
905 1958 982 2019 oculi
1007 1959 1048 2018 sit
1072 1958 1177 2018 eadem
1202 1959 1373 2038 superficies
1402 1958 1581 2022 refractoria
1603 1959 1651 2019 νεΙ
1674 1956 1908 2037 repercussoria,

893 2057 946 2120 rig.
968 2052 1012 2103 57.
1348 2049 1412 2126 jam
1455 2051 1543 2128 plane
1586 2047 1737 2108 dirersum
1780 2044 1908 2106 accidet.

1312 2154 1330 2203 u
1352 2139 1386 2198 In
1411 2138 1553 2198 convexis
1578 2136 1654 2197 enim
1678 2134 1810 2214 speculis
1826 2141 1859 2195 et
1880 2134 1909 2194 in

1352 2228 1457 2288 mediis
1477 2225 1666 2288 densioribus
1685 2223 1832 2303 imagines
1853 2241 1908 2282 ex·

1350 2316 1459 2376 cedent
1489 2335 1505 2376 e
1532 2312 1774 2394 perpendiculari
1806 2319 1839 2373 et
1871 2311 1909 2373 ad

1349 2405 1445 2465 visum
1470 2404 1626 2466 accedent.
1673 2401 1763 2473 Quod
1784 2408 1820 2462 ut
1843 2399 1908 2461 cui-

1349 2512 1405 2572 que
1420 2501 1567 2572 promtum
1582 2499 1631 2553 est
1645 2492 1803 2570 explorare
1818 2497 1908 2568 atque

1349 2582 1441 2642 otiam
1462 2582 1533 2643 mihi
1549 2600 1602 2659 per
1619 2579 1836 2658 experIentiam
1852 2578 1910 2640 fuit

1348 2672 1524 2749 probatum:
1561 2671 1603 2729 ita
1622 2670 1686 2746 jam
1711 2668 1787 2730 lucis
1815 2685 1909 2729 causa

1349 2758 1572 2820 demonstrabo.

1416 2847 1465 2909 Sit
1475 2849 1601 2927 primum
1611 2844 1784 2923 superficies
1794 2844 1908 2925 sphae-

1349 2938 1413 2997 rica
1447 2955 1582 2998 convexa
1620 2932 1696 3006 EG,
1733 2941 1839 2994 centro
1870 2933 1906 2995 L.

1349 3026 1496 3086 Punctum
1530 3025 1651 3086 radians
1683 3024 1714 3085 in
1743 3021 1791 3097 D,
1825 3022 1907 3084 visus

1347 3116 1378 3175 ln
1395 3113 1461 3188 CH,
1486 3134 1562 3195 quae
1586 3114 1627 3174 sit
1643 3112 1673 3172 in
1698 3111 1804 3172 eadem
1828 3112 1908 3173 lInea

1348 3222 1415 3263 cum
1439 3204 1483 3277 L,
1518 3212 1552 3264 ut
1584 3200 1703 3263 scilicet
1734 3200 1907 3280 superficies

1348 3292 1606 3370 refractionis'per
1617 3299 1774 3369 utmmque
1788 3289 1906 3350 oculum

1350 3380 1374 3443 C
1407 3389 1440 3441 et
1471 3381 1501 3440 Η
1536 3381 1576 3441 sit
1618 3379 1733 3440 eadem.
1789 3378 1908 3439 Puncta

1348 3489 1574 3547 repercussuum
1599 3468 1659 3530 sint
1683 3467 1719 3537 E,
1745 3464 1785 3527 G.
1822 3465 1906 3528 Con-

1349 3567 1509 3620 nectantur
1541 3555 1703 3631 DE,¹EC,
1739 3553 1808 3629 DG,
1836 3553 1905 3629 GII,

579 3727 581 3730 ι
1349 3656 1381 3708 et
1403 3648 1613 3709 continuentur
1637 3643 1700 3714 GE,
1715 3642 1786 3717 HG,
1814 3645 1907 3706 donec

559 3732 575 3772 ¹⁸
1147 3769 1154 3782 ·
1349 3743 1538 3798 concurrant.
1563 3736 1612 3796 Sit
1627 3752 1790 3795 concursus
1810 3753 1906 3813 punc·

539 3831 609 3912 ‘tum
635 3824 667 3886 S.
716 3825 875 3897 Duc-antur
905 3828 997 3888 etiarn
1027 3830 1237 3908 contingentes
1266 3826 1407 3886 circulum
1432 3825 1460 3885 in
1486 3824 1525 3897 G,
1551 3826 1587 3896 Ε,
1611 3824 1729 3903 sintque
1752 3821 1824 3895 AO,
1849 3822 1910 3886 OK

544 3922 577 3974 at
599 3922 817 3976 connectantur
850 3926 963 3995 puncta
988 3916 1027 3988 G,
1052 3917 1078 3977 Ε
1102 3928 1205 3990 recta,
1240 3934 1316 3992 quac
1348 3914 1538 3974 contiuuetur
1571 3914 1709 3991 utrinque
1739 3912 1769 3972 in
1798 3912 1843 3985 M,
1867 3912 1906 3973 N.

544 4000 621 4064 Cum
644 4021 717 4083 ergo
743 4004 828 4063 DEK
853 4006 894 4064 sit
918 4007 1054 4085 aequalis
1078 4006 1188 4085 angulo
1215 4003 1315 4073 CEO,
1339 4004 1437 4063 minor
1465 4021 1536 4064 vero
1566 4003 1650 4062 DEN
1676 4000 1785 4080 angulo
1810 4000 1906 4074 DEK,

543 4091 638 4152 minor
668 4111 739 4170 ergo
765 4100 797 4152 et
820 4092 907 4154 DEN
940 4095 1050 4172 angulo
1076 4093 1178 4168 CEO,
1211 4102 1242 4154 et
1275 4092 1320 4152 bis
1351 4093 1446 4152 minor
1480 4092 1537 4151 erit
1565 4091 1650 4151 DEN
1684 4090 1794 4168 angulo
1820 4088 1908 4151 CEM

544 4178 659 4255 majori.
708 4181 749 4241 Et
782 4201 848 4241 cum
882 4182 923 4242 sit
945 4180 1036 4243 DGO
1071 4183 1207 4261 aequalis
1241 4181 1350 4258 angulo
1380 4178 1472 4241 HGA
1504 4181 1556 4253 (ex
1591 4181 1656 4257 lege
1684 4182 1906 4259 repercussus),

544 4266 639 4345 major
664 4286 736 4328 vero
761 4268 848 4329 DGE
873 4290 963 4349 quam
987 4269 1092 4343 DGO,
1118 4272 1215 4349 major
1239 4289 1310 4348 ergo
1334 4268 1421 4329 DGE
1446 4288 1534 4347 quam
1558 4267 1663 4338 HGA,
1688 4275 1718 4328 et
1742 4267 1790 4328 bis
1813 4268 1908 4346 major

544 4372 632 4433 quam
656 4356 752 4418 HGM
776 4360 883 4420 minor.
931 4360 991 4420 Est
1012 4378 1083 4420 vero
1108 4359 1197 4420 EDG
1222 4358 1394 4420 differentia
1423 4357 1503 4418 inter
1525 4358 1611 4420 NED
1635 4357 1781 4435 majorem
1805 4356 1907 4418 immi·

544 4449 647 4504 nutum
673 4452 705 4504 et
728 4445 815 4507 nub
840 4448 994 4522 minorem,
1020 4448 1074 4509 sad
1098 4450 1264 4510 auctiorem
1288 4446 1447 4508 redditum.
1496 4445 1613 4507 Contra
1631 4444 1712 4506 ESG
1737 4445 1910 4507 differentia

542 4539 592 4593 est
622 4532 700 4593 inter
730 4533 816 4596 GEG
849 4537 994 4615 majorem
1029 4538 1195 4599 auctiorem
1234 4535 1383 4596 redditum
1417 4535 1523 4596 eadem
1555 4553 1715 4607 mensura,
1747 4543 1779 4594 et
1812 4532 1908 4595 ΗΘΜ

543 4620 686 4683 miuorem
720 4623 908 4687 Imminutum
937 4645 1056 4687 rursum
1087 4627 1193 4688 eadem
1228 4623 1411 4705 quantitate.
1459 4621 1561 4693 Quare
1585 4622 1667 4684 ESG
1693 4623 1787 4683 multo
1810 4622 1910 4702 major
1940 4627 1949 4642 ⁰

433 4701 439 4712 '
544 4718 593 4771 est
617 4730 706 4790 quam
729 4710 827 4772 EDG.
875 4713 917 4774 Et
940 4724 988 4774 est
1012 4714 1094 4776 ESG
1119 4715 1197 4776 idem
1223 4714 1272 4792 qui
1298 4711 1377 4774 CSH
1402 4714 1540 4791 angulus,
1566 4732 1622 4792 quo
1648 4712 1818 4790 repercussi
1843 4710 1909 4775 GE.

544 4797 607 4861 HG
630 4800 781 4879 protracti
805 4810 996 4876 concurrunt,
1022 4810 1128 4883 estque
1154 4803 1177 4866 S
1201 4803 1285 4863 locus
1310 4801 1453 4878 imagiuis
1477 4801 1580 4879 puncti
1604 4799 1632 4861 D
1657 4799 1750 4880 (Cap.
1776 4801 1834 4869 Ill,
1859 4798 1910 4874 8);

543 4886 727 4951 EDG-vero
753 4895 801 4950 est
825 4891 961 4969 angulus,
988 4911 1045 4971 quo
1069 4893 1146 4953 radii
1171 4898 1282 4953 exeunt
1305 4911 1324 4950 a
1346 4890 1374 4950 D
1397 4900 1519 4968 puncto.
1560 4891 1659 4971 Major
1683 4908 1754 4968 ergo
1778 4890 1910 4967 angulus

545 4976 584 5037 ad
610 4976 782 5056 imaginem,
809 4997 897 5059 quam
922 4980 971 5059 qui
987 4982 1026 5041 ad
1049 4988 1191 5058 puuctum
1211 4979 1345 5040 radians.
1385 4979 1512 5058 Propior
1531 4998 1602 5059 ergo
1621 4979 1772 5046 videbitur
1795 4977 1908 5057 imago,

545 5082 635 5143 quam
662 5074 806 5144 puuctum
834 5067 969 5130 radians.
1014 5069 1090 5130 Dico
1115 5069 1138 5131 S
1167 5087 1235 5131 esse
1267 5067 1346 5129 inter
1370 5068 1426 5127 DL
1454 5068 1735 5148 perpendicularem
1758 5085 1796 5128 ex
1820 5085 1852 5128 re
1878 5068 1910 5129 in

547 5159 694 5229 centrum,
719 5162 751 5215 et
772 5156 1039 5237 perpendIculares
1061 5176 1118 5238 per
1139 5157 1177 5232 E,
1203 5155 1232 5218 G
1255 5164 1369 5234 puncta
1392 5157 1596 5219 refleonnum.
