<?xml version="1.0" encoding="UTF-8"?>
<!DOCTYPE html PUBLIC "-//W3C//DTD XHTML 1.0 Transitional//EN"
    "http://www.w3.org/TR/xhtml1/DTD/xhtml1-transitional.dtd">
<html xmlns="http://www.w3.org/1999/xhtml" xml:lang="en" lang="en">
 <head>
  <title>
</title>
<meta http-equiv="Content-Type" content="text/html;charset=utf-8" />
  <meta name='ocr-system' content='tesseract 3.04.00' />
  <meta name='ocr-capabilities' content='ocr_page ocr_carea ocr_par ocr_line ocrx_word'/>
</head>
<body>
  <div class='ocr_page' id='page_1' title='image "./joanniskepleria02frisgoog_0369.png"; bbox 0 0 4584 6192; ppageno 0'>
   <div class='ocr_carea' id='block_1_1' title="bbox 516 608 1386 682">
    <p class='ocr_par' dir='ltr' id='par_1_1' title="bbox 516 608 1386 682">
     <span class='ocr_line' id='line_1_1' title="bbox 516 608 1386 682; baseline 0.005 -24"><span class='ocrx_word' id='word_1_1' title='bbox 516 611 583 682; x_wconf 67' lang='lat'><strong>353</strong></span> <span class='ocrx_word' id='word_1_2' title='bbox 1012 608 1185 658; x_wconf 62' lang='lat' dir='ltr'><strong>economus</strong></span> <span class='ocrx_word' id='word_1_3' title='bbox 1203 609 1264 662; x_wconf 77' lang='lat' dir='ltr'><strong>rm</strong></span> <span class='ocrx_word' id='word_1_4' title='bbox 1283 611 1386 675; x_wconf 70' lang='lat' dir='ltr'><strong>opaea.</strong></span> 
     </span>
    </p>
   </div>
   <div class='ocr_carea' id='block_1_2' title="bbox 516 781 1892 2533">
    <p class='ocr_par' dir='ltr' id='par_1_2' title="bbox 516 781 1888 876">
     <span class='ocr_line' id='line_1_2' title="bbox 516 781 1888 876; baseline -0.002 -22"><span class='ocrx_word' id='word_1_5' title='bbox 516 792 609 876; x_wconf 88' lang='lat' dir='ltr'><strong>igitur</strong></span> <span class='ocrx_word' id='word_1_6' title='bbox 632 787 771 872; x_wconf 85' lang='lat' dir='ltr'><strong>elliptica</strong></span> <span class='ocrx_word' id='word_1_7' title='bbox 793 786 853 847; x_wconf 88' lang='lat' dir='ltr'><strong>erit</strong></span> <span class='ocrx_word' id='word_1_8' title='bbox 874 781 969 862; x_wconf 82' lang='lat' dir='ltr'><strong>figura</strong></span> <span class='ocrx_word' id='word_1_9' title='bbox 997 781 1089 857; x_wconf 89' lang='lat' dir='ltr'><strong>radii,</strong></span> <span class='ocrx_word' id='word_1_10' title='bbox 1121 783 1213 864; x_wconf 89' lang='lat' dir='ltr'><strong>idque</strong></span> <span class='ocrx_word' id='word_1_11' title='bbox 1238 787 1301 849; x_wconf 85' lang='lat' dir='ltr'><strong>iere</strong></span> <span class='ocrx_word' id='word_1_12' title='bbox 1324 788 1355 850; x_wconf 94' lang='lat' dir='ltr'><strong>in</strong></span> <span class='ocrx_word' id='word_1_13' title='bbox 1378 785 1518 852; x_wconf 89' lang='lat' dir='ltr'><strong>omnibus</strong></span> <span class='ocrx_word' id='word_1_14' title='bbox 1547 787 1641 850; x_wconf 87' lang='lat' dir='ltr'><strong>etiam</strong></span> <span class='ocrx_word' id='word_1_15' title='bbox 1668 787 1774 868; x_wconf 77' lang='lat' dir='ltr'><strong>figuris</strong></span> <span class='ocrx_word' id='word_1_16' title='bbox 1798 788 1888 851; x_wconf 85' lang='lat' dir='ltr'><strong>iene-</strong></span> 
     </span>
    </p>

    <p class='ocr_par' dir='ltr' id='par_1_3' title="bbox 517 870 1890 955">
     <span class='ocr_line' id='line_1_3' title="bbox 517 870 1890 955; baseline -0.004 -10"><span class='ocrx_word' id='word_1_17' title='bbox 517 891 665 954; x_wconf 84' lang='lat' dir='ltr'><strong>strarnm,</strong></span> <span class='ocrx_word' id='word_1_18' title='bbox 700 874 860 938; x_wconf 89' lang='lat' dir='ltr'><strong>dummodo</strong></span> <span class='ocrx_word' id='word_1_19' title='bbox 892 871 982 951; x_wconf 91' lang='lat' dir='ltr'><strong>plena</strong></span> <span class='ocrx_word' id='word_1_20' title='bbox 1011 870 1065 932; x_wconf 87' lang='lat' dir='ltr'><strong>liat</strong></span> <span class='ocrx_word' id='word_1_21' title='bbox 1095 871 1281 937; x_wconf 89' lang='lat' dir='ltr'><strong>intersectio.</strong></span> <span class='ocrx_word' id='word_1_22' title='bbox 1326 876 1408 938; x_wconf 84' lang='lat' dir='ltr'><strong>Nam</strong></span> <span class='ocrx_word' id='word_1_23' title='bbox 1436 876 1555 955; x_wconf 87' lang='lat' dir='ltr'><strong>peril,</strong></span> <span class='ocrx_word' id='word_1_24' title='bbox 1580 872 1612 939; x_wconf 90' lang='grc'><strong>6.</strong></span> <span class='ocrx_word' id='word_1_25' title='bbox 1645 882 1718 939; x_wconf 92' lang='lat' dir='ltr'><strong>tnnc</strong></span> <span class='ocrx_word' id='word_1_26' title='bbox 1749 876 1890 940; x_wconf 78' lang='lat' dir='ltr'><strong>fenestra</strong></span> 
     </span>
    </p>

    <p class='ocr_par' dir='ltr' id='par_1_4' title="bbox 516 959 1888 1045">
     <span class='ocr_line' id='line_1_4' title="bbox 516 959 1888 1045; baseline -0.004 -11"><span class='ocrx_word' id='word_1_27' title='bbox 516 967 672 1034; x_wconf 87' lang='lat' dir='ltr'><strong>minimum</strong></span> <span class='ocrx_word' id='word_1_28' title='bbox 709 961 910 1027; x_wconf 77' lang='lat' dir='ltr'><strong>communicat</strong></span> <span class='ocrx_word' id='word_1_29' title='bbox 940 977 1016 1020; x_wconf 90' lang='lat' dir='ltr'><strong>cono</strong></span> <span class='ocrx_word' id='word_1_30' title='bbox 1040 959 1077 1020; x_wconf 89' lang='lat' dir='ltr'><strong>de</strong></span> <span class='ocrx_word' id='word_1_31' title='bbox 1100 981 1158 1023; x_wconf 92' lang='lat' dir='ltr'><strong>sna</strong></span> <span class='ocrx_word' id='word_1_32' title='bbox 1180 963 1289 1042; x_wconf 89' lang='lat' dir='ltr'><strong>figura,</strong></span> <span class='ocrx_word' id='word_1_33' title='bbox 1323 963 1376 1026; x_wconf 88' lang='lat' dir='ltr'><strong>Sol</strong></span> <span class='ocrx_word' id='word_1_34' title='bbox 1405 963 1576 1045; x_wconf 87' lang='lat' dir='ltr'><strong>plurimum.</strong></span> <span class='ocrx_word' id='word_1_35' title='bbox 1623 963 1679 1026; x_wconf 89' lang='lat' dir='ltr'><strong>Sol</strong></span> <span class='ocrx_word' id='word_1_36' title='bbox 1701 966 1796 1045; x_wconf 88' lang='lat' dir='ltr'><strong>igitur</strong></span> <span class='ocrx_word' id='word_1_37' title='bbox 1819 986 1888 1029; x_wconf 90' lang='lat' dir='ltr'><strong>cnm</strong></span> 
     </span>
    </p>

    <p class='ocr_par' dir='ltr' id='par_1_5' title="bbox 516 1048 1888 1134">
     <span class='ocr_line' id='line_1_5' title="bbox 516 1048 1888 1134; baseline -0.003 -12"><span class='ocrx_word' id='word_1_38' title='bbox 516 1057 561 1122; x_wconf 85' lang='lat' dir='ltr'><strong>sit</strong></span> <span class='ocrx_word' id='word_1_39' title='bbox 581 1054 723 1119; x_wconf 87' lang='lat' dir='ltr'><strong>circulari</strong></span> <span class='ocrx_word' id='word_1_40' title='bbox 746 1052 857 1134; x_wconf 89' lang='lat' dir='ltr'><strong>specie,</strong></span> <span class='ocrx_word' id='word_1_41' title='bbox 882 1065 989 1109; x_wconf 90' lang='lat' dir='ltr'><strong>conum</strong></span> <span class='ocrx_word' id='word_1_42' title='bbox 1007 1048 1142 1126; x_wconf 84' lang='lat' dir='ltr'>proxime</span> <span class='ocrx_word' id='word_1_43' title='bbox 1157 1058 1271 1114; x_wconf 86' lang='lat' dir='ltr'><strong>rectum</strong></span> <span class='ocrx_word' id='word_1_44' title='bbox 1289 1052 1481 1115; x_wconf 88' lang='lat' dir='ltr'><strong>nihilominus</strong></span> <span class='ocrx_word' id='word_1_45' title='bbox 1502 1052 1631 1115; x_wconf 83' lang='lat' dir='ltr'><strong>efficiet:</strong></span> <span class='ocrx_word' id='word_1_46' title='bbox 1656 1054 1715 1116; x_wconf 89' lang='lat' dir='ltr'><strong>etsi</strong></span> <span class='ocrx_word' id='word_1_47' title='bbox 1730 1055 1888 1118; x_wconf 70' lang='lat' dir='ltr'><strong>fenestrae</strong></span> 
     </span>
    </p>

    <p class='ocr_par' dir='ltr' id='par_1_6' title="bbox 518 1136 1172 1224">
     <span class='ocr_line' id='line_1_6' title="bbox 518 1136 1172 1224; baseline -0.012 -14"><span class='ocrx_word' id='word_1_48' title='bbox 518 1145 584 1210; x_wconf 77' lang='lat' dir='ltr'><strong>alia</strong></span> <span class='ocrx_word' id='word_1_49' title='bbox 605 1146 687 1207; x_wconf 81' lang='lat' dir='ltr'><strong>sorte</strong></span> <span class='ocrx_word' id='word_1_50' title='bbox 709 1159 798 1224; x_wconf 90' lang='lat' dir='ltr'><strong>quam</strong></span> <span class='ocrx_word' id='word_1_51' title='bbox 822 1137 978 1201; x_wconf 86' lang='lat' dir='ltr'><strong>circularis</strong></span> <span class='ocrx_word' id='word_1_52' title='bbox 1002 1136 1044 1197; x_wconf 88' lang='lat' dir='ltr'><strong>sit</strong></span> <span class='ocrx_word' id='word_1_53' title='bbox 1065 1138 1172 1218; x_wconf 88' lang='lat' dir='ltr'><strong>ligura.</strong></span> 
     </span>
    </p>

    <p class='ocr_par' dir='ltr' id='par_1_7' title="bbox 607 1224 1889 1314">
     <span class='ocr_line' id='line_1_7' title="bbox 607 1224 1889 1314; baseline 0.001 -19"><span class='ocrx_word' id='word_1_54' title='bbox 607 1232 705 1314; x_wconf 79' lang='lat' dir='ltr'>Igitur</span> <span class='ocrx_word' id='word_1_55' title='bbox 727 1231 753 1292; x_wconf 90' lang='lat' dir='ltr'><strong>si</strong></span> <span class='ocrx_word' id='word_1_56' title='bbox 777 1224 954 1292; x_wconf 88' lang='lat' dir='ltr'><strong>destituaris</strong></span> <span class='ocrx_word' id='word_1_57' title='bbox 983 1224 1200 1304; x_wconf 86' lang='lat' dir='ltr'><strong>instrumento,</strong></span> <span class='ocrx_word' id='word_1_58' title='bbox 1229 1230 1307 1310; x_wconf 92' lang='lat' dir='ltr'><strong>qnod</strong></span> <span class='ocrx_word' id='word_1_59' title='bbox 1331 1228 1404 1290; x_wconf 87' lang='lat' dir='ltr'><strong>mihi</strong></span> <span class='ocrx_word' id='word_1_60' title='bbox 1427 1247 1506 1292; x_wconf 91' lang='lat' dir='ltr'><strong>anno</strong></span> <span class='ocrx_word' id='word_1_61' title='bbox 1534 1225 1626 1294; x_wconf 70' lang='grc'>1598</span> <span class='ocrx_word' id='word_1_62' title='bbox 1657 1226 1712 1292; x_wconf 81' lang='grc'><strong>25.</strong></span> <span class='ocrx_word' id='word_1_63' title='bbox 1737 1230 1813 1294; x_wconf 84' lang='lat' dir='ltr'><strong>Feb.</strong></span> <span class='ocrx_word' id='word_1_64' title='bbox 1838 1233 1889 1296; x_wconf 85' lang='lat' dir='ltr'><strong>vel</strong></span> 
     </span>
    </p>

    <p class='ocr_par' dir='ltr' id='par_1_8' title="bbox 520 1313 1887 1401">
     <span class='ocr_line' id='line_1_8' title="bbox 520 1313 1887 1401; baseline -0.004 -13"><span class='ocrx_word' id='word_1_65' title='bbox 520 1323 553 1388; x_wconf 82' lang='grc'><strong>7.</strong></span> <span class='ocrx_word' id='word_1_66' title='bbox 576 1320 684 1386; x_wconf 76' lang='lat' dir='ltr'><strong>Martii</strong></span> <span class='ocrx_word' id='word_1_67' title='bbox 715 1317 842 1391; x_wconf 86' lang='lat' dir='ltr'><strong>accidit,</strong></span> <span class='ocrx_word' id='word_1_68' title='bbox 876 1313 1004 1394; x_wconf 86' lang='lat' dir='ltr'><strong>designa</strong></span> <span class='ocrx_word' id='word_1_69' title='bbox 1033 1315 1157 1396; x_wconf 90' lang='lat' dir='ltr'><strong>ellipses</strong></span> <span class='ocrx_word' id='word_1_70' title='bbox 1180 1337 1271 1396; x_wconf 89' lang='lat' dir='ltr'><strong>super</strong></span> <span class='ocrx_word' id='word_1_71' title='bbox 1302 1334 1417 1401; x_wconf 77' lang='lat' dir='ltr'><strong>papyro</strong></span> <span class='ocrx_word' id='word_1_72' title='bbox 1442 1318 1471 1380; x_wconf 91' lang='lat' dir='ltr'><strong>in</strong></span> <span class='ocrx_word' id='word_1_73' title='bbox 1495 1318 1702 1399; x_wconf 82' lang='lat' dir='ltr'><strong>pavimentum</strong></span> <span class='ocrx_word' id='word_1_74' title='bbox 1734 1319 1887 1400; x_wconf 87' lang='lat' dir='ltr'><strong>projecto,</strong></span> 
     </span>
    </p>

    <p class='ocr_par' dir='ltr' id='par_1_9' title="bbox 688 1405 1889 1517">
     <span class='ocr_line' id='line_1_9' title="bbox 688 1405 1889 1517; baseline 0.007 -53"><span class='ocrx_word' id='word_1_75' title='bbox 688 1453 743 1517; x_wconf 76' lang='lat' dir='ltr'><strong>rig.</strong></span> <span class='ocrx_word' id='word_1_76' title='bbox 768 1446 827 1499; x_wconf 29' lang='lat'><strong>1¹3,</strong></span> <span class='ocrx_word' id='word_1_77' title='bbox 1001 1412 1090 1485; x_wconf 91' lang='lat' dir='ltr'><strong>prout</strong></span> <span class='ocrx_word' id='word_1_78' title='bbox 1111 1406 1182 1468; x_wconf 89' lang='lat' dir='ltr'><strong>illas</strong></span> <span class='ocrx_word' id='word_1_79' title='bbox 1205 1406 1259 1468; x_wconf 93' lang='lat' dir='ltr'><strong>Sol</strong></span> <span class='ocrx_word' id='word_1_80' title='bbox 1288 1405 1419 1486; x_wconf 89' lang='lat' dir='ltr'><strong>elligiat,</strong></span> <span class='ocrx_word' id='word_1_81' title='bbox 1453 1415 1486 1467; x_wconf 92' lang='lat' dir='ltr'><strong>et</strong></span> <span class='ocrx_word' id='word_1_82' title='bbox 1512 1406 1583 1487; x_wconf 91' lang='lat' dir='ltr'><strong>quia</strong></span> <span class='ocrx_word' id='word_1_83' title='bbox 1612 1406 1754 1469; x_wconf 84' lang='lat' dir='ltr'><strong>celeriter</strong></span> <span class='ocrx_word' id='word_1_84' title='bbox 1787 1408 1889 1472; x_wconf 90' lang='lat' dir='ltr'><strong>locum</strong></span> 
     </span>
    </p>

    <p class='ocr_par' dir='ltr' id='par_1_10' title="bbox 730 1493 1889 1576">
     <span class='ocr_line' id='line_1_10' title="bbox 730 1493 1889 1576; baseline 0.008 -24"><span class='ocrx_word' id='word_1_85' title='bbox 730 1536 747 1576; x_wconf 54' lang='grc' dir='ltr'><strong>Α</strong></span> <span class='ocrx_word' id='word_1_86' title='bbox 840 1493 850 1508; x_wconf 86' lang='grc'><em>“</em></span> <span class='ocrx_word' id='word_1_87' title='bbox 1002 1494 1159 1569; x_wconf 86' lang='lat' dir='ltr'><strong>deserunt,</strong></span> <span class='ocrx_word' id='word_1_88' title='bbox 1184 1495 1265 1556; x_wconf 90' lang='lat' dir='ltr'><strong>trina</strong></span> <span class='ocrx_word' id='word_1_89' title='bbox 1286 1494 1336 1556; x_wconf 85' lang='lat' dir='ltr'><strong>vel</strong></span> <span class='ocrx_word' id='word_1_90' title='bbox 1360 1503 1510 1575; x_wconf 90' lang='lat' dir='ltr'><strong>quaterna</strong></span> <span class='ocrx_word' id='word_1_91' title='bbox 1531 1503 1645 1574; x_wconf 84' lang='lat' dir='ltr'><strong>puncta</strong></span> <span class='ocrx_word' id='word_1_92' title='bbox 1669 1494 1775 1569; x_wconf 77' lang='lat' dir='ltr'><strong>facito,</strong></span> <span class='ocrx_word' id='word_1_93' title='bbox 1800 1497 1832 1560; x_wconf 91' lang='lat' dir='ltr'><strong>in</strong></span> <span class='ocrx_word' id='word_1_94' title='bbox 1857 1500 1889 1561; x_wconf 82' lang='grc' dir='ltr'>Α</span> 
     </span>
    </p>

    <p class='ocr_par' dir='ltr' id='par_1_11' title="bbox 1003 1583 1889 1664">
     <span class='ocr_line' id='line_1_11' title="bbox 1003 1583 1889 1664; baseline 0.008 -22"><span class='ocrx_word' id='word_1_95' title='bbox 1003 1601 1118 1644; x_wconf 90' lang='lat' dir='ltr'><strong>summo</strong></span> <span class='ocrx_word' id='word_1_96' title='bbox 1151 1591 1182 1645; x_wconf 91' lang='lat' dir='ltr'><strong>et</strong></span> <span class='ocrx_word' id='word_1_97' title='bbox 1204 1584 1284 1645; x_wconf 92' lang='lat' dir='ltr'><strong>inB</strong></span> <span class='ocrx_word' id='word_1_98' title='bbox 1316 1583 1376 1645; x_wconf 91' lang='lat' dir='ltr'><strong>imo</strong></span> <span class='ocrx_word' id='word_1_99' title='bbox 1407 1584 1493 1664; x_wconf 86' lang='lat' dir='ltr'><strong>apice</strong></span> <span class='ocrx_word' id='word_1_100' title='bbox 1525 1584 1689 1663; x_wconf 89' lang='lat' dir='ltr'><strong>ellipseos,</strong></span> <span class='ocrx_word' id='word_1_101' title='bbox 1724 1591 1761 1648; x_wconf 93' lang='lat' dir='ltr'><strong>nt</strong></span> <span class='ocrx_word' id='word_1_102' title='bbox 1790 1592 1824 1647; x_wconf 92' lang='lat' dir='ltr'><strong>et</strong></span> <span class='ocrx_word' id='word_1_103' title='bbox 1858 1587 1889 1649; x_wconf 92' lang='lat' dir='ltr'><strong>in</strong></span> 
     </span>
    </p>

    <p class='ocr_par' dir='ltr' id='par_1_12' title="bbox 1000 1671 1888 1754">
     <span class='ocr_line' id='line_1_12' title="bbox 1000 1671 1888 1754; baseline 0.006 -21"><span class='ocrx_word' id='word_1_104' title='bbox 1000 1671 1136 1733; x_wconf 88' lang='lat' dir='ltr'><strong>acumine</strong></span> <span class='ocrx_word' id='word_1_105' title='bbox 1178 1672 1312 1735; x_wconf 90' lang='lat' dir='ltr'><strong>binomm</strong></span> <span class='ocrx_word' id='word_1_106' title='bbox 1352 1690 1505 1735; x_wconf 89' lang='lat' dir='ltr'><strong>cornuum.</strong></span> <span class='ocrx_word' id='word_1_107' title='bbox 1564 1672 1688 1735; x_wconf 81' lang='lat' dir='ltr'><strong>Etenim</strong></span> <span class='ocrx_word' id='word_1_108' title='bbox 1725 1673 1888 1754; x_wconf 92' lang='lat' dir='ltr'><strong>longitudo</strong></span> 
     </span>
    </p>

    <p class='ocr_par' dir='ltr' id='par_1_13' title="bbox 1001 1759 1888 1840">
     <span class='ocr_line' id='line_1_13' title="bbox 1001 1759 1888 1840; baseline 0.003 -18"><span class='ocrx_word' id='word_1_109' title='bbox 1001 1759 1143 1840; x_wconf 88' lang='lat' dir='ltr'><strong>ellipseos</strong></span> <span class='ocrx_word' id='word_1_110' title='bbox 1174 1761 1231 1824; x_wconf 80' lang='grc' dir='ltr'><strong>ΑΒ</strong></span> <span class='ocrx_word' id='word_1_111' title='bbox 1268 1760 1396 1840; x_wconf 90' lang='lat' dir='ltr'><strong>porrigit</strong></span> <span class='ocrx_word' id='word_1_112' title='bbox 1431 1780 1500 1823; x_wconf 91' lang='lat' dir='ltr'><strong>sese</strong></span> <span class='ocrx_word' id='word_1_113' title='bbox 1538 1760 1569 1822; x_wconf 91' lang='lat' dir='ltr'><strong>in</strong></span> <span class='ocrx_word' id='word_1_114' title='bbox 1604 1761 1749 1824; x_wconf 90' lang='lat' dir='ltr'><strong>circulum</strong></span> <span class='ocrx_word' id='word_1_115' title='bbox 1786 1764 1888 1827; x_wconf 84' lang='lat' dir='ltr'><strong>verti-</strong></span> 
     </span>
    </p>

    <p class='ocr_par' dir='ltr' id='par_1_14' title="bbox 1002 1847 1889 1932">
     <span class='ocr_line' id='line_1_14' title="bbox 1002 1847 1889 1932; baseline 0.006 -22"><span class='ocrx_word' id='word_1_116' title='bbox 1002 1848 1109 1911; x_wconf 89' lang='lat' dir='ltr'><strong>calem.</strong></span> <span class='ocrx_word' id='word_1_117' title='bbox 1175 1847 1277 1920; x_wconf 81' lang='lat' dir='ltr'><strong>Quare</strong></span> <span class='ocrx_word' id='word_1_118' title='bbox 1317 1849 1470 1912; x_wconf 85' lang='lat' dir='ltr'><strong>mediante</strong></span> <span class='ocrx_word' id='word_1_119' title='bbox 1511 1850 1685 1928; x_wconf 76' lang='lat' dir='ltr'><strong>cognitione</strong></span> <span class='ocrx_word' id='word_1_120' title='bbox 1728 1850 1889 1932; x_wconf 88' lang='lat' dir='ltr'><strong>ellipseos,</strong></span> 
     </span>
    </p>

    <p class='ocr_par' dir='ltr' id='par_1_15' title="bbox 1001 1937 1890 2019">
     <span class='ocr_line' id='line_1_15' title="bbox 1001 1937 1890 2019; baseline 0.004 -20"><span class='ocrx_word' id='word_1_121' title='bbox 1001 1937 1152 2019; x_wconf 80' lang='lat' dir='ltr'><strong>positione</strong></span> <span class='ocrx_word' id='word_1_122' title='bbox 1189 1940 1264 2001; x_wconf 87' lang='lat' dir='ltr'><strong>data</strong></span> <span class='ocrx_word' id='word_1_123' title='bbox 1298 1938 1356 2000; x_wconf 89' lang='lat' dir='ltr'><strong>erit</strong></span> <span class='ocrx_word' id='word_1_124' title='bbox 1391 1937 1549 2001; x_wconf 81' lang='lat' dir='ltr'><strong>inclinatio</strong></span> <span class='ocrx_word' id='word_1_125' title='bbox 1586 1938 1710 2019; x_wconf 86' lang='lat' dir='ltr'><strong>deliquii</strong></span> <span class='ocrx_word' id='word_1_126' title='bbox 1749 1937 1807 2003; x_wconf 82' lang='lat' dir='ltr'><strong>OD</strong></span> <span class='ocrx_word' id='word_1_127' title='bbox 1849 1942 1890 2003; x_wconf 94' lang='lat' dir='ltr'><strong>ad</strong></span> 
     </span>
    </p>

    <p class='ocr_par' dir='ltr' id='par_1_16' title="bbox 1003 2026 1889 2109">
     <span class='ocr_line' id='line_1_16' title="bbox 1003 2026 1889 2109; baseline 0.006 -22"><span class='ocrx_word' id='word_1_128' title='bbox 1003 2027 1177 2089; x_wconf 85' lang='lat' dir='ltr'><strong>verticalem</strong></span> <span class='ocrx_word' id='word_1_129' title='bbox 1201 2028 1267 2091; x_wconf 85' lang='lat' dir='ltr'><strong>AB.</strong></span> <span class='ocrx_word' id='word_1_130' title='bbox 1314 2026 1407 2089; x_wconf 89' lang='lat' dir='ltr'><strong>Utilis</strong></span> <span class='ocrx_word' id='word_1_131' title='bbox 1439 2034 1488 2090; x_wconf 89' lang='lat' dir='ltr'><strong>est</strong></span> <span class='ocrx_word' id='word_1_132' title='bbox 1520 2026 1712 2105; x_wconf 87' lang='lat' dir='ltr'><strong>potissimum</strong></span> <span class='ocrx_word' id='word_1_133' title='bbox 1740 2028 1771 2090; x_wconf 94' lang='lat' dir='ltr'><strong>in</strong></span> <span class='ocrx_word' id='word_1_134' title='bbox 1799 2030 1889 2109; x_wconf 88' lang='lat' dir='ltr'><strong>prin-</strong></span> 
     </span>
    </p>

    <p class='ocr_par' dir='ltr' id='par_1_17' title="bbox 1001 2112 1887 2197">
     <span class='ocr_line' id='line_1_17' title="bbox 1001 2112 1887 2197; baseline 0.002 -18"><span class='ocrx_word' id='word_1_135' title='bbox 1001 2115 1079 2196; x_wconf 89' lang='lat' dir='ltr'><strong>cipio</strong></span> <span class='ocrx_word' id='word_1_136' title='bbox 1116 2123 1149 2178; x_wconf 93' lang='lat' dir='ltr'><strong>et</strong></span> <span class='ocrx_word' id='word_1_137' title='bbox 1184 2117 1242 2179; x_wconf 89' lang='lat' dir='ltr'><strong>fine</strong></span> <span class='ocrx_word' id='word_1_138' title='bbox 1284 2115 1450 2195; x_wconf 78' lang='lat' dir='ltr'><strong>eclipseos,</strong></span> <span class='ocrx_word' id='word_1_139' title='bbox 1495 2115 1546 2177; x_wconf 91' lang='lat' dir='ltr'><strong>ubi</strong></span> <span class='ocrx_word' id='word_1_140' title='bbox 1585 2112 1631 2189; x_wconf 83' lang='grc'><strong>0,</strong></span> <span class='ocrx_word' id='word_1_141' title='bbox 1668 2115 1697 2177; x_wconf 93' lang='lat' dir='ltr'>D</span> <span class='ocrx_word' id='word_1_142' title='bbox 1739 2126 1887 2197; x_wconf 92' lang='lat' dir='ltr'><strong>punctum</strong></span> 
     </span>
    </p>

    <p class='ocr_par' dir='ltr' id='par_1_18' title="bbox 862 2204 1892 2285">
     <span class='ocr_line' id='line_1_18' title="bbox 862 2204 1892 2285; baseline 0.003 -19"><span class='ocrx_word' id='word_1_143' title='bbox 862 2207 896 2214; x_wconf 79' lang='grc'><strong>“’</strong></span> <span class='ocrx_word' id='word_1_144' title='bbox 999 2223 1089 2267; x_wconf 90' lang='lat' dir='ltr'><strong>unum</strong></span> <span class='ocrx_word' id='word_1_145' title='bbox 1111 2206 1194 2268; x_wconf 87' lang='lat' dir='ltr'><strong>liunt</strong></span> <span class='ocrx_word' id='word_1_146' title='bbox 1239 2206 1319 2267; x_wconf 87' lang='lat' dir='ltr'><strong>Item</strong></span> <span class='ocrx_word' id='word_1_147' title='bbox 1343 2205 1382 2266; x_wconf 87' lang='lat' dir='ltr'><strong>ad</strong></span> <span class='ocrx_word' id='word_1_148' title='bbox 1413 2204 1670 2285; x_wconf 90' lang='lat' dir='ltr'><strong>dignoscendum,</strong></span> <span class='ocrx_word' id='word_1_149' title='bbox 1705 2225 1744 2268; x_wconf 91' lang='lat' dir='ltr'><strong>sn</strong></span> <span class='ocrx_word' id='word_1_150' title='bbox 1780 2207 1892 2269; x_wconf 88' lang='lat' dir='ltr'><strong>umbra</strong></span> 
     </span>
    </p>

    <p class='ocr_par' dir='ltr' id='par_1_19' title="bbox 998 2292 1887 2375">
     <span class='ocr_line' id='line_1_19' title="bbox 998 2292 1887 2375; baseline 0.004 -21"><span class='ocrx_word' id='word_1_151' title='bbox 998 2294 1134 2374; x_wconf 87' lang='lat' dir='ltr'><strong>praecise</strong></span> <span class='ocrx_word' id='word_1_152' title='bbox 1171 2295 1200 2356; x_wconf 91' lang='lat' dir='ltr'><strong>in</strong></span> <span class='ocrx_word' id='word_1_153' title='bbox 1237 2296 1268 2356; x_wconf 82' lang='lat' dir='ltr'>A</span> <span class='ocrx_word' id='word_1_154' title='bbox 1303 2293 1352 2354; x_wconf 82' lang='lat' dir='ltr'><strong>vel</strong></span> <span class='ocrx_word' id='word_1_155' title='bbox 1390 2294 1419 2354; x_wconf 93' lang='lat' dir='ltr'><strong>in</strong></span> <span class='ocrx_word' id='word_1_156' title='bbox 1456 2294 1483 2354; x_wconf 90' lang='grc' dir='ltr'><strong>Β</strong></span> <span class='ocrx_word' id='word_1_157' title='bbox 1518 2292 1569 2354; x_wconf 84' lang='lat' dir='ltr'><strong>rel</strong></span> <span class='ocrx_word' id='word_1_158' title='bbox 1611 2293 1686 2356; x_wconf 88' lang='lat' dir='ltr'><strong>locis</strong></span> <span class='ocrx_word' id='word_1_159' title='bbox 1723 2296 1887 2375; x_wconf 86' lang='lat' dir='ltr'><strong>quadratis</strong></span> 
     </span>
    </p>

    <p class='ocr_par' dir='ltr' id='par_1_20' title="bbox 999 2381 1888 2533">
     <span class='ocr_line' id='line_1_20' title="bbox 999 2381 1888 2465; baseline 0.002 -20"><span class='ocrx_word' id='word_1_160' title='bbox 999 2382 1159 2446; x_wconf 82' lang='lat' dir='ltr'><strong>consistat.</strong></span> <span class='ocrx_word' id='word_1_161' title='bbox 1228 2382 1325 2444; x_wconf 81' lang='lat' dir='ltr'><strong>Extra</strong></span> <span class='ocrx_word' id='word_1_162' title='bbox 1369 2382 1425 2443; x_wconf 88' lang='lat' dir='ltr'><strong>hos</strong></span> <span class='ocrx_word' id='word_1_163' title='bbox 1474 2400 1566 2443; x_wconf 88' lang='lat' dir='ltr'><strong>casus</strong></span> <span class='ocrx_word' id='word_1_164' title='bbox 1619 2381 1711 2462; x_wconf 89' lang='lat' dir='ltr'><strong>paulo</strong></span> <span class='ocrx_word' id='word_1_165' title='bbox 1762 2384 1888 2465; x_wconf 88' lang='lat' dir='ltr'><strong>pericu·</strong></span> 
     </span>
     <span class='ocr_line' id='line_1_21' title="bbox 1003 2463 1677 2533; baseline 0.004 -1"><span class='ocrx_word' id='word_1_166' title='bbox 1003 2471 1106 2533; x_wconf 91' lang='lat' dir='ltr'><strong>losior.</strong></span> <span class='ocrx_word' id='word_1_167' title='bbox 1665 2463 1677 2488; x_wconf 86' lang='lat'>&#39;</span> 
     </span>
    </p>
   </div>
   <div class='ocr_carea' id='block_1_3' title="bbox 476 2557 1892 2995">
    <p class='ocr_par' dir='ltr' id='par_1_21' title="bbox 476 2557 1892 2995">
     <span class='ocr_line' id='line_1_22' title="bbox 610 2557 1890 2638; baseline 0.002 -15"><span class='ocrx_word' id='word_1_168' title='bbox 610 2560 808 2624; x_wconf 87' lang='lat' dir='ltr'><strong>Problema</strong></span> <span class='ocrx_word' id='word_1_169' title='bbox 837 2561 944 2625; x_wconf 85' lang='lat' dir='ltr'>XVII.</span> <span class='ocrx_word' id='word_1_170' title='bbox 998 2559 1053 2621; x_wconf 85' lang='lat' dir='ltr'><strong>Ex</strong></span> <span class='ocrx_word' id='word_1_171' title='bbox 1084 2559 1265 2638; x_wconf 89' lang='lat' dir='ltr'><strong>ellipseos</strong></span> <span class='ocrx_word' id='word_1_172' title='bbox 1302 2557 1563 2637; x_wconf 80' lang='lat' dir='ltr'><strong>designatione</strong></span> <span class='ocrx_word' id='word_1_173' title='bbox 1597 2558 1890 2625; x_wconf 86' lang='lat' dir='ltr'><strong>inclinationem</strong></span> 
     </span>
     <span class='ocr_line' id='line_1_23' title="bbox 476 2646 1890 2732; baseline -0.001 -18"><span class='ocrx_word' id='word_1_174' title='bbox 476 2709 483 2720; x_wconf 89' lang='grc'><em>,</em></span> <span class='ocrx_word' id='word_1_175' title='bbox 521 2649 669 2714; x_wconf 83' lang='lat' dir='ltr'><strong>discere</strong></span> <span class='ocrx_word' id='word_1_176' title='bbox 693 2650 862 2732; x_wconf 87' lang='lat' dir='ltr'><strong>deliquii.</strong></span> <span class='ocrx_word' id='word_1_177' title='bbox 910 2649 1044 2713; x_wconf 88' lang='lat' dir='ltr'><strong>Primum</strong></span> <span class='ocrx_word' id='word_1_178' title='bbox 1067 2648 1241 2710; x_wconf 87' lang='lat' dir='ltr'><strong>mechanico</strong></span> <span class='ocrx_word' id='word_1_179' title='bbox 1264 2647 1319 2709; x_wconf 89' lang='lat' dir='ltr'><strong>sic.</strong></span> <span class='ocrx_word' id='word_1_180' title='bbox 1365 2647 1433 2709; x_wconf 89' lang='lat' dir='ltr'><strong>Duc</strong></span> <span class='ocrx_word' id='word_1_181' title='bbox 1455 2648 1485 2709; x_wconf 94' lang='lat' dir='ltr'><strong>in</strong></span> <span class='ocrx_word' id='word_1_182' title='bbox 1510 2646 1666 2709; x_wconf 90' lang='lat' dir='ltr'><strong>schemate</strong></span> <span class='ocrx_word' id='word_1_183' title='bbox 1690 2651 1890 2726; x_wconf 89' lang='lat' dir='ltr'><strong>praecedenti</strong></span> 
     </span>
     <span class='ocr_line' id='line_1_24' title="bbox 522 2733 1890 2821; baseline 0 -19"><span class='ocrx_word' id='word_1_184' title='bbox 522 2737 582 2802; x_wconf 86' lang='grc' dir='ltr'><strong>ΔΒ</strong></span> <span class='ocrx_word' id='word_1_185' title='bbox 605 2737 786 2801; x_wconf 89' lang='lat' dir='ltr'><strong>diametmm</strong></span> <span class='ocrx_word' id='word_1_186' title='bbox 812 2740 992 2821; x_wconf 77' lang='lat' dir='ltr'><strong>longiorem,</strong></span> <span class='ocrx_word' id='word_1_187' title='bbox 1026 2756 1121 2819; x_wconf 86' lang='lat' dir='ltr'><strong>eaque</strong></span> <span class='ocrx_word' id='word_1_188' title='bbox 1144 2737 1263 2799; x_wconf 88' lang='lat' dir='ltr'><strong>bisecta</strong></span> <span class='ocrx_word' id='word_1_189' title='bbox 1285 2735 1315 2797; x_wconf 93' lang='lat' dir='ltr'><strong>in</strong></span> <span class='ocrx_word' id='word_1_190' title='bbox 1338 2733 1381 2809; x_wconf 84' lang='grc' dir='ltr'><strong>Ε,</strong></span> <span class='ocrx_word' id='word_1_191' title='bbox 1404 2744 1509 2797; x_wconf 90' lang='lat' dir='ltr'><strong>centro</strong></span> <span class='ocrx_word' id='word_1_192' title='bbox 1532 2735 1559 2795; x_wconf 86' lang='lat' dir='ltr'>E</span> <span class='ocrx_word' id='word_1_193' title='bbox 1584 2736 1735 2800; x_wconf 83' lang='lat' dir='ltr'><strong>distantia</strong></span> <span class='ocrx_word' id='word_1_194' title='bbox 1756 2737 1818 2800; x_wconf 83' lang='lat' dir='ltr'><strong>EA</strong></span> <span class='ocrx_word' id='word_1_195' title='bbox 1841 2741 1890 2801; x_wconf 87' lang='lat' dir='ltr'><strong>vel</strong></span> 
     </span>
     <span class='ocr_line' id='line_1_25' title="bbox 521 2825 1891 2904; baseline 0 -14"><span class='ocrx_word' id='word_1_196' title='bbox 521 2825 577 2890; x_wconf 79' lang='grc' dir='ltr'><strong>ΕΒ</strong></span> <span class='ocrx_word' id='word_1_197' title='bbox 601 2826 752 2889; x_wconf 88' lang='lat' dir='ltr'><strong>scribatur</strong></span> <span class='ocrx_word' id='word_1_198' title='bbox 774 2827 912 2904; x_wconf 90' lang='lat' dir='ltr'><strong>circulus,</strong></span> <span class='ocrx_word' id='word_1_199' title='bbox 936 2825 1015 2890; x_wconf 85' lang='lat' dir='ltr'><strong>exC</strong></span> <span class='ocrx_word' id='word_1_200' title='bbox 1038 2845 1110 2889; x_wconf 89' lang='lat' dir='ltr'><strong>vere</strong></span> <span class='ocrx_word' id='word_1_201' title='bbox 1130 2825 1205 2888; x_wconf 89' lang='lat' dir='ltr'><strong>etD</strong></span> <span class='ocrx_word' id='word_1_202' title='bbox 1229 2825 1377 2887; x_wconf 89' lang='lat' dir='ltr'><strong>cornubus</strong></span> <span class='ocrx_word' id='word_1_203' title='bbox 1401 2825 1601 2887; x_wconf 85' lang='lat' dir='ltr'><strong>demittantur</strong></span> <span class='ocrx_word' id='word_1_204' title='bbox 1622 2827 1891 2904; x_wconf 84' lang='lat' dir='ltr'><strong>perpendiculares</strong></span> 
     </span>
     <span class='ocr_line' id='line_1_26' title="bbox 521 2903 1892 2995; baseline 0.002 -18"><span class='ocrx_word' id='word_1_205' title='bbox 521 2915 554 2978; x_wconf 91' lang='lat' dir='ltr'><strong>in</strong></span> <span class='ocrx_word' id='word_1_206' title='bbox 575 2914 645 2989; x_wconf 82' lang='lat' dir='ltr'><strong>AB,</strong></span> <span class='ocrx_word' id='word_1_207' title='bbox 668 2916 862 2980; x_wconf 87' lang='lat' dir='ltr'><strong>continuatae</strong></span> <span class='ocrx_word' id='word_1_208' title='bbox 885 2918 925 2979; x_wconf 85' lang='lat' dir='ltr'><strong>ad</strong></span> <span class='ocrx_word' id='word_1_209' title='bbox 948 2917 1031 2979; x_wconf 89' lang='lat' dir='ltr'><strong>illam</strong></span> <span class='ocrx_word' id='word_1_210' title='bbox 1054 2925 1173 2995; x_wconf 90' lang='lat' dir='ltr'><strong>partem</strong></span> <span class='ocrx_word' id='word_1_211' title='bbox 1197 2913 1471 2986; x_wconf 88' lang='lat' dir='ltr'><strong>circumferentiae,</strong></span> <span class='ocrx_word' id='word_1_212' title='bbox 1495 2911 1615 2994; x_wconf 81' lang='lat' dir='ltr'><strong>sintque</strong></span> <span class='ocrx_word' id='word_1_213' title='bbox 1639 2903 1716 2987; x_wconf 84' lang='lat' dir='ltr'><strong>CG,&#39;</strong></span> <span class='ocrx_word' id='word_1_214' title='bbox 1733 2915 1801 2978; x_wconf 84' lang='lat' dir='ltr'><strong>DF.</strong></span> <span class='ocrx_word' id='word_1_215' title='bbox 1848 2917 1892 2980; x_wconf 78' lang='lat' dir='ltr'><strong>Et</strong></span> 
     </span>
    </p>
   </div>
   <div class='ocr_carea' id='block_1_4' title="bbox 521 3001 1915 5222">
    <p class='ocr_par' dir='ltr' id='par_1_22' title="bbox 522 3001 1915 3621">
     <span class='ocr_line' id='line_1_27' title="bbox 522 3001 1891 3084; baseline 0 -16"><span class='ocrx_word' id='word_1_216' title='bbox 522 3001 764 3068; x_wconf 82' lang='lat' dir='ltr'><strong>circumferentia</strong></span> <span class='ocrx_word' id='word_1_217' title='bbox 788 3005 845 3068; x_wconf 79' lang='lat' dir='ltr'><strong>Gr</strong></span> <span class='ocrx_word' id='word_1_218' title='bbox 866 3006 1017 3069; x_wconf 89' lang='lat' dir='ltr'><strong>bisecetnr</strong></span> <span class='ocrx_word' id='word_1_219' title='bbox 1040 3004 1070 3066; x_wconf 93' lang='lat' dir='ltr'><strong>in</strong></span> <span class='ocrx_word' id='word_1_220' title='bbox 1093 3006 1133 3077; x_wconf 87' lang='lat' dir='ltr'><strong>H,</strong></span> <span class='ocrx_word' id='word_1_221' title='bbox 1158 3004 1344 3084; x_wconf 83' lang='lat' dir='ltr'><strong>duceturque</strong></span> <span class='ocrx_word' id='word_1_222' title='bbox 1367 3002 1434 3064; x_wconf 87' lang='grc' dir='ltr'><strong>ΕΗ.</strong></span> <span class='ocrx_word' id='word_1_223' title='bbox 1472 3002 1554 3078; x_wconf 85' lang='lat' dir='ltr'><strong>Ergo</strong></span> <span class='ocrx_word' id='word_1_224' title='bbox 1576 3002 1662 3064; x_wconf 85' lang='grc' dir='ltr'><strong>ΗΕΒ</strong></span> <span class='ocrx_word' id='word_1_225' title='bbox 1685 3011 1735 3066; x_wconf 84' lang='lat' dir='ltr'><strong>est</strong></span> <span class='ocrx_word' id='word_1_226' title='bbox 1757 3005 1891 3068; x_wconf 86' lang='lat' dir='ltr'><strong>inclina-</strong></span> 
     </span>
     <span class='ocr_line' id='line_1_28' title="bbox 522 3087 1892 3174; baseline 0.003 -19"><span class='ocrx_word' id='word_1_227' title='bbox 522 3091 614 3156; x_wconf 81' lang='lat' dir='ltr'><strong>tionis</strong></span> <span class='ocrx_word' id='word_1_228' title='bbox 648 3094 795 3174; x_wconf 87' lang='lat' dir='ltr'><strong>angulns,</strong></span> <span class='ocrx_word' id='word_1_229' title='bbox 828 3095 991 3158; x_wconf 89' lang='lat' dir='ltr'><strong>discendus</strong></span> <span class='ocrx_word' id='word_1_230' title='bbox 1013 3113 1052 3156; x_wconf 86' lang='lat' dir='ltr'><strong>ex</strong></span> <span class='ocrx_word' id='word_1_231' title='bbox 1075 3093 1131 3156; x_wconf 86' lang='grc' dir='ltr'><strong>ΗΒ</strong></span> <span class='ocrx_word' id='word_1_232' title='bbox 1164 3111 1254 3167; x_wconf 89' lang='lat' dir='ltr'><strong>arcu,</strong></span> <span class='ocrx_word' id='word_1_233' title='bbox 1285 3091 1312 3153; x_wconf 88' lang='lat' dir='ltr'><strong>si</strong></span> <span class='ocrx_word' id='word_1_234' title='bbox 1335 3091 1422 3152; x_wconf 84' lang='grc' dir='ltr'><strong>ΑΗΒ</strong></span> <span class='ocrx_word' id='word_1_235' title='bbox 1447 3091 1475 3153; x_wconf 92' lang='lat' dir='ltr'><strong>in</strong></span> <span class='ocrx_word' id='word_1_236' title='bbox 1504 3087 1566 3154; x_wconf 80' lang='lat'><strong>180</strong></span> <span class='ocrx_word' id='word_1_237' title='bbox 1598 3091 1764 3155; x_wconf 84' lang='lat' dir='ltr'><strong>dividatur.</strong></span> <span class='ocrx_word' id='word_1_238' title='bbox 1813 3093 1892 3158; x_wconf 83' lang='lat' dir='ltr'><strong>Cum</strong></span> 
     </span>
     <span class='ocr_line' id='line_1_29' title="bbox 523 3180 1891 3260; baseline 0.001 -15"><span class='ocrx_word' id='word_1_239' title='bbox 523 3180 603 3245; x_wconf 88' lang='lat' dir='ltr'><strong>enim</strong></span> <span class='ocrx_word' id='word_1_240' title='bbox 625 3202 719 3244; x_wconf 92' lang='lat' dir='ltr'><strong>conns</strong></span> <span class='ocrx_word' id='word_1_241' title='bbox 749 3183 808 3246; x_wconf 90' lang='lat' dir='ltr'><strong>iste</strong></span> <span class='ocrx_word' id='word_1_242' title='bbox 840 3184 1033 3246; x_wconf 88' lang='lat' dir='ltr'><strong>acutissimus</strong></span> <span class='ocrx_word' id='word_1_243' title='bbox 1057 3181 1114 3256; x_wconf 86' lang='lat' dir='ltr'><strong>eit,</strong></span> <span class='ocrx_word' id='word_1_244' title='bbox 1149 3188 1256 3260; x_wconf 89' lang='lat' dir='ltr'><strong>utpote</strong></span> <span class='ocrx_word' id='word_1_245' title='bbox 1287 3181 1371 3260; x_wconf 89' lang='lat' dir='ltr'><strong>cnjus</strong></span> <span class='ocrx_word' id='word_1_246' title='bbox 1400 3180 1528 3260; x_wconf 87' lang='lat' dir='ltr'><strong>angulus</strong></span> <span class='ocrx_word' id='word_1_247' title='bbox 1551 3197 1611 3242; x_wconf 93' lang='lat' dir='ltr'><strong>non</strong></span> <span class='ocrx_word' id='word_1_248' title='bbox 1641 3180 1741 3260; x_wconf 88' lang='lat' dir='ltr'><strong>major</strong></span> <span class='ocrx_word' id='word_1_249' title='bbox 1765 3182 1891 3246; x_wconf 90' lang='lat' dir='ltr'><strong>dimidio</strong></span> 
     </span>
     <span class='ocr_line' id='line_1_30' title="bbox 524 3268 1901 3358; baseline 0.003 -26"><span class='ocrx_word' id='word_1_250' title='bbox 524 3272 635 3351; x_wconf 68' lang='lat' dir='ltr'><strong>gradm</strong></span> <span class='ocrx_word' id='word_1_251' title='bbox 667 3272 797 3335; x_wconf 90' lang='lat' dir='ltr'><strong>medium</strong></span> <span class='ocrx_word' id='word_1_252' title='bbox 825 3273 970 3353; x_wconf 88' lang='lat' dir='ltr'><strong>ellipseos</strong></span> <span class='ocrx_word' id='word_1_253' title='bbox 993 3273 1084 3352; x_wconf 90' lang='lat' dir='ltr'><strong>plane</strong></span> <span class='ocrx_word' id='word_1_254' title='bbox 1107 3268 1282 3333; x_wconf 88' lang='lat' dir='ltr'><strong>insensibile</strong></span> <span class='ocrx_word' id='word_1_255' title='bbox 1315 3269 1467 3351; x_wconf 87' lang='lat' dir='ltr'><strong>quippiam</strong></span> <span class='ocrx_word' id='word_1_256' title='bbox 1500 3268 1641 3331; x_wconf 88' lang='lat' dir='ltr'><strong>abscedit</strong></span> <span class='ocrx_word' id='word_1_257' title='bbox 1663 3269 1702 3331; x_wconf 88' lang='lat' dir='ltr'><strong>ab</strong></span> <span class='ocrx_word' id='word_1_258' title='bbox 1726 3289 1786 3333; x_wconf 85' lang='lat' dir='ltr'><strong>axe</strong></span> <span class='ocrx_word' id='word_1_259' title='bbox 1811 3274 1901 3358; x_wconf 62' lang='lat' dir='ltr'><strong>coni,</strong></span> 
     </span>
     <span class='ocr_line' id='line_1_31' title="bbox 524 3357 1890 3443; baseline 0.001 -21"><span class='ocrx_word' id='word_1_260' title='bbox 524 3367 703 3440; x_wconf 87' lang='lat' dir='ltr'><strong>propterea,</strong></span> <span class='ocrx_word' id='word_1_261' title='bbox 729 3382 746 3424; x_wconf 88' lang='lat' dir='ltr'><strong>a</strong></span> <span class='ocrx_word' id='word_1_262' title='bbox 771 3381 949 3443; x_wconf 89' lang='lat' dir='ltr'><strong>quocunqne</strong></span> <span class='ocrx_word' id='word_1_263' title='bbox 981 3368 1092 3441; x_wconf 88' lang='lat' dir='ltr'><strong>puncto</strong></span> <span class='ocrx_word' id='word_1_264' title='bbox 1123 3358 1382 3422; x_wconf 81' lang='lat' dir='ltr'><strong>circumferentiae</strong></span> <span class='ocrx_word' id='word_1_265' title='bbox 1405 3357 1548 3437; x_wconf 88' lang='lat' dir='ltr'><strong>ellipseos</strong></span> <span class='ocrx_word' id='word_1_266' title='bbox 1571 3358 1833 3437; x_wconf 78' lang='lat' dir='ltr'><strong>perpendicularis</strong></span> <span class='ocrx_word' id='word_1_267' title='bbox 1860 3363 1890 3424; x_wconf 96' lang='lat' dir='ltr'><strong>in</strong></span> 
     </span>
     <span class='ocr_line' id='line_1_32' title="bbox 523 3446 1915 3530; baseline 0.001 -20"><span class='ocrx_word' id='word_1_268' title='bbox 523 3447 702 3511; x_wconf 86' lang='lat' dir='ltr'><strong>diametrum</strong></span> <span class='ocrx_word' id='word_1_269' title='bbox 727 3450 892 3530; x_wconf 91' lang='lat' dir='ltr'><strong>longiorem</strong></span> <span class='ocrx_word' id='word_1_270' title='bbox 917 3450 1104 3524; x_wconf 88' lang='lat' dir='ltr'><strong>demittatur,</strong></span> <span class='ocrx_word' id='word_1_271' title='bbox 1129 3447 1274 3511; x_wconf 87' lang='lat' dir='ltr'><strong>rescindit</strong></span> <span class='ocrx_word' id='word_1_272' title='bbox 1297 3447 1393 3509; x_wconf 89' lang='lat' dir='ltr'><strong>sinum</strong></span> <span class='ocrx_word' id='word_1_273' title='bbox 1413 3465 1532 3510; x_wconf 88' lang='lat' dir='ltr'><strong>versum</strong></span> <span class='ocrx_word' id='word_1_274' title='bbox 1556 3446 1636 3508; x_wconf 94' lang='lat' dir='ltr'><strong>illius</strong></span> <span class='ocrx_word' id='word_1_275' title='bbox 1660 3466 1751 3510; x_wconf 82' lang='lat' dir='ltr'><strong>arom</strong></span> <span class='ocrx_word' id='word_1_276' title='bbox 1775 3470 1795 3510; x_wconf 87' lang='lat' dir='ltr'><strong>a</strong></span> <span class='ocrx_word' id='word_1_277' title='bbox 1818 3469 1915 3526; x_wconf 69' lang='lat' dir='ltr'><strong>ver-v</strong></span> 
     </span>
     <span class='ocr_line' id='line_1_33' title="bbox 525 3536 1539 3621; baseline -0.002 -22"><span class='ocrx_word' id='word_1_278' title='bbox 525 3536 610 3600; x_wconf 92' lang='lat' dir='ltr'><strong>ticali</strong></span> <span class='ocrx_word' id='word_1_279' title='bbox 634 3546 745 3619; x_wconf 91' lang='lat' dir='ltr'><strong>puncto</strong></span> <span class='ocrx_word' id='word_1_280' title='bbox 768 3539 882 3621; x_wconf 91' lang='lat' dir='ltr'><strong>incepti</strong></span> <span class='ocrx_word' id='word_1_281' title='bbox 905 3540 934 3601; x_wconf 92' lang='lat' dir='ltr'><strong>in</strong></span> <span class='ocrx_word' id='word_1_282' title='bbox 959 3539 1079 3613; x_wconf 88' lang='lat' dir='ltr'><strong>circulo,</strong></span> <span class='ocrx_word' id='word_1_283' title='bbox 1105 3539 1190 3617; x_wconf 90' lang='lat' dir='ltr'><strong>cujus</strong></span> <span class='ocrx_word' id='word_1_284' title='bbox 1214 3544 1262 3598; x_wconf 89' lang='lat' dir='ltr'><strong>est</strong></span> <span class='ocrx_word' id='word_1_285' title='bbox 1284 3537 1342 3599; x_wconf 85' lang='lat' dir='ltr'><strong>BA</strong></span> <span class='ocrx_word' id='word_1_286' title='bbox 1366 3536 1539 3598; x_wconf 88' lang='lat' dir='ltr'><strong>diametros.</strong></span> 
     </span>
    </p>

    <p class='ocr_par' dir='ltr' id='par_1_23' title="bbox 521 3624 1894 4599">
     <span class='ocr_line' id='line_1_34' title="bbox 611 3624 1890 3708; baseline 0.002 -20"><span class='ocrx_word' id='word_1_287' title='bbox 611 3625 728 3697; x_wconf 83' lang='lat' dir='ltr'><strong>Quodsi</strong></span> <span class='ocrx_word' id='word_1_288' title='bbox 752 3628 845 3691; x_wconf 89' lang='lat' dir='ltr'><strong>etiam</strong></span> <span class='ocrx_word' id='word_1_289' title='bbox 868 3629 941 3691; x_wconf 89' lang='lat' dir='ltr'><strong>bina</strong></span> <span class='ocrx_word' id='word_1_290' title='bbox 972 3635 1084 3708; x_wconf 91' lang='lat' dir='ltr'><strong>puncta</strong></span> <span class='ocrx_word' id='word_1_291' title='bbox 1105 3645 1161 3706; x_wconf 87' lang='lat' dir='ltr'><strong>pro</strong></span> <span class='ocrx_word' id='word_1_292' title='bbox 1184 3626 1332 3687; x_wconf 90' lang='lat' dir='ltr'><strong>diametro</strong></span> <span class='ocrx_word' id='word_1_293' title='bbox 1364 3625 1494 3688; x_wconf 90' lang='lat' dir='ltr'><strong>breviori</strong></span> <span class='ocrx_word' id='word_1_294' title='bbox 1525 3624 1665 3703; x_wconf 88' lang='lat' dir='ltr'><strong>signasti,</strong></span> <span class='ocrx_word' id='word_1_295' title='bbox 1692 3633 1747 3687; x_wconf 87' lang='lat' dir='ltr'><strong>aut</strong></span> <span class='ocrx_word' id='word_1_296' title='bbox 1771 3627 1797 3691; x_wconf 89' lang='lat' dir='ltr'><strong>si</strong></span> <span class='ocrx_word' id='word_1_297' title='bbox 1822 3629 1890 3690; x_wconf 90' lang='lat' dir='ltr'><strong>cal-</strong></span> 
     </span>
     <span class='ocr_line' id='line_1_35' title="bbox 521 3714 1891 3799; baseline 0.001 -21"><span class='ocrx_word' id='word_1_298' title='bbox 521 3715 590 3778; x_wconf 88' lang='lat' dir='ltr'><strong>culo</strong></span> <span class='ocrx_word' id='word_1_299' title='bbox 614 3736 652 3778; x_wconf 87' lang='lat' dir='ltr'><strong>ex</strong></span> <span class='ocrx_word' id='word_1_300' title='bbox 675 3717 835 3780; x_wconf 88' lang='lat' dir='ltr'><strong>altitudine</strong></span> <span class='ocrx_word' id='word_1_301' title='bbox 859 3716 942 3779; x_wconf 86' lang='lat' dir='ltr'><strong>Solis</strong></span> <span class='ocrx_word' id='word_1_302' title='bbox 965 3716 1095 3778; x_wconf 88' lang='lat' dir='ltr'><strong>elicuisti</strong></span> <span class='ocrx_word' id='word_1_303' title='bbox 1118 3716 1342 3799; x_wconf 87' lang='lat' dir='ltr'><strong>proportionem</strong></span> <span class='ocrx_word' id='word_1_304' title='bbox 1366 3714 1513 3776; x_wconf 88' lang='lat' dir='ltr'><strong>brevioris</strong></span> <span class='ocrx_word' id='word_1_305' title='bbox 1539 3714 1679 3776; x_wconf 85' lang='lat' dir='ltr'><strong>diametri</strong></span> <span class='ocrx_word' id='word_1_306' title='bbox 1704 3716 1744 3776; x_wconf 90' lang='lat' dir='ltr'><strong>ad</strong></span> <span class='ocrx_word' id='word_1_307' title='bbox 1769 3717 1891 3798; x_wconf 90' lang='lat' dir='ltr'><strong>longio-</strong></span> 
     </span>
     <span class='ocr_line' id='line_1_36' title="bbox 522 3802 1892 3885; baseline -0.001 -17"><span class='ocrx_word' id='word_1_308' title='bbox 522 3823 606 3868; x_wconf 88' lang='lat' dir='ltr'><strong>rem:</strong></span> <span class='ocrx_word' id='word_1_309' title='bbox 629 3806 819 3885; x_wconf 88' lang='lat' dir='ltr'><strong>probationis</strong></span> <span class='ocrx_word' id='word_1_310' title='bbox 843 3826 936 3869; x_wconf 86' lang='lat' dir='ltr'><strong>causa</strong></span> <span class='ocrx_word' id='word_1_311' title='bbox 954 3805 1033 3868; x_wconf 86' lang='lat' dir='ltr'><strong>exE</strong></span> <span class='ocrx_word' id='word_1_312' title='bbox 1053 3804 1168 3868; x_wconf 87' lang='lat' dir='ltr'><strong>scribes</strong></span> <span class='ocrx_word' id='word_1_313' title='bbox 1187 3804 1329 3866; x_wconf 89' lang='lat' dir='ltr'><strong>circulum</strong></span> <span class='ocrx_word' id='word_1_314' title='bbox 1353 3802 1550 3883; x_wconf 89' lang='lat' dir='ltr'><strong>amplitudine</strong></span> <span class='ocrx_word' id='word_1_315' title='bbox 1569 3802 1710 3865; x_wconf 85' lang='lat' dir='ltr'><strong>diametri</strong></span> <span class='ocrx_word' id='word_1_316' title='bbox 1729 3803 1892 3882; x_wconf 86' lang='lat' dir='ltr'><strong>brevioris,</strong></span> 
     </span>
     <span class='ocr_line' id='line_1_37' title="bbox 526 3892 1894 3976; baseline 0 -19"><span class='ocrx_word' id='word_1_317' title='bbox 526 3900 559 3957; x_wconf 88' lang='lat' dir='ltr'><strong>et</strong></span> <span class='ocrx_word' id='word_1_318' title='bbox 582 3914 620 3957; x_wconf 87' lang='lat' dir='ltr'><strong>ex</strong></span> <span class='ocrx_word' id='word_1_319' title='bbox 643 3893 679 3968; x_wconf 83' lang='lat' dir='ltr'><strong>C,</strong></span> <span class='ocrx_word' id='word_1_320' title='bbox 704 3895 743 3968; x_wconf 90' lang='lat' dir='ltr'><strong>D,</strong></span> <span class='ocrx_word' id='word_1_321' title='bbox 768 3896 934 3975; x_wconf 88' lang='lat' dir='ltr'><strong>parallelos</strong></span> <span class='ocrx_word' id='word_1_322' title='bbox 956 3895 1015 3975; x_wconf 89' lang='lat' dir='ltr'><strong>ipsi</strong></span> <span class='ocrx_word' id='word_1_323' title='bbox 1039 3892 1096 3955; x_wconf 79' lang='lat' dir='ltr'><strong>AB</strong></span> <span class='ocrx_word' id='word_1_324' title='bbox 1127 3894 1237 3967; x_wconf 85' lang='lat' dir='ltr'><strong>duces,</strong></span> <span class='ocrx_word' id='word_1_325' title='bbox 1265 3900 1300 3954; x_wconf 91' lang='lat' dir='ltr'><strong>ut</strong></span> <span class='ocrx_word' id='word_1_326' title='bbox 1322 3900 1428 3955; x_wconf 90' lang='lat' dir='ltr'><strong>secent</strong></span> <span class='ocrx_word' id='word_1_327' title='bbox 1450 3892 1602 3954; x_wconf 87' lang='lat' dir='ltr'><strong>circellum</strong></span> <span class='ocrx_word' id='word_1_328' title='bbox 1626 3893 1656 3953; x_wconf 95' lang='lat' dir='ltr'><strong>iu</strong></span> <span class='ocrx_word' id='word_1_329' title='bbox 1680 3893 1711 3966; x_wconf 93' lang='lat' dir='ltr'><strong>I,</strong></span> <span class='ocrx_word' id='word_1_330' title='bbox 1736 3892 1783 3968; x_wconf 87' lang='lat' dir='ltr'><strong>K,</strong></span> <span class='ocrx_word' id='word_1_331' title='bbox 1808 3896 1894 3976; x_wconf 87' lang='lat' dir='ltr'><strong>cnjus</strong></span> 
     </span>
     <span class='ocr_line' id='line_1_38' title="bbox 526 3980 1894 4061; baseline 0.001 -15"><span class='ocrx_word' id='word_1_332' title='bbox 526 4001 615 4046; x_wconf 89' lang='lat' dir='ltr'><strong>arcus</strong></span> <span class='ocrx_word' id='word_1_333' title='bbox 639 3983 793 4046; x_wconf 91' lang='lat' dir='ltr'><strong>dimidium</strong></span> <span class='ocrx_word' id='word_1_334' title='bbox 817 3985 842 4046; x_wconf 86' lang='lat' dir='ltr'><strong>si</strong></span> <span class='ocrx_word' id='word_1_335' title='bbox 866 3986 896 4046; x_wconf 93' lang='lat' dir='ltr'><strong>in</strong></span> <span class='ocrx_word' id='word_1_336' title='bbox 921 3984 1031 4047; x_wconf 90' lang='lat' dir='ltr'><strong>lineam</strong></span> <span class='ocrx_word' id='word_1_337' title='bbox 1044 3983 1103 4046; x_wconf 85' lang='grc' dir='ltr'><strong>ΕΗ</strong></span> <span class='ocrx_word' id='word_1_338' title='bbox 1125 3982 1241 4056; x_wconf 81' lang='lat' dir='ltr'><strong>incidit,</strong></span> <span class='ocrx_word' id='word_1_339' title='bbox 1267 3989 1352 4044; x_wconf 88' lang='lat' dir='ltr'><strong>certa</strong></span> <span class='ocrx_word' id='word_1_340' title='bbox 1370 3990 1419 4043; x_wconf 92' lang='lat' dir='ltr'><strong>est</strong></span> <span class='ocrx_word' id='word_1_341' title='bbox 1441 3981 1622 4061; x_wconf 86' lang='lat' dir='ltr'><strong>designatio.</strong></span> <span class='ocrx_word' id='word_1_342' title='bbox 1661 3980 1794 4044; x_wconf 90' lang='lat' dir='ltr'><strong>Rursum</strong></span> <span class='ocrx_word' id='word_1_343' title='bbox 1815 3985 1894 4046; x_wconf 91' lang='lat' dir='ltr'><strong>enim</strong></span> 
     </span>
     <span class='ocr_line' id='line_1_39' title="bbox 526 4070 1893 4152; baseline 0.001 -19"><span class='ocrx_word' id='word_1_344' title='bbox 526 4071 644 4152; x_wconf 90' lang='lat' dir='ltr'><strong>ellipsis</strong></span> <span class='ocrx_word' id='word_1_345' title='bbox 667 4072 789 4135; x_wconf 84' lang='lat' dir='ltr'><strong>brevior</strong></span> <span class='ocrx_word' id='word_1_346' title='bbox 804 4074 968 4135; x_wconf 87' lang='lat' dir='ltr'><strong>diametros</strong></span> <span class='ocrx_word' id='word_1_347' title='bbox 992 4071 1162 4134; x_wconf 89' lang='lat' dir='ltr'><strong>insensibili</strong></span> <span class='ocrx_word' id='word_1_348' title='bbox 1185 4071 1302 4151; x_wconf 92' lang='lat' dir='ltr'><strong>longior</strong></span> <span class='ocrx_word' id='word_1_349' title='bbox 1316 4078 1366 4133; x_wconf 88' lang='lat' dir='ltr'><strong>est</strong></span> <span class='ocrx_word' id='word_1_350' title='bbox 1384 4070 1465 4132; x_wconf 88' lang='lat' dir='ltr'><strong>linea</strong></span> <span class='ocrx_word' id='word_1_351' title='bbox 1483 4071 1522 4132; x_wconf 88' lang='lat' dir='ltr'><strong>ad</strong></span> <span class='ocrx_word' id='word_1_352' title='bbox 1541 4090 1629 4133; x_wconf 81' lang='lat' dir='ltr'><strong>axem</strong></span> <span class='ocrx_word' id='word_1_353' title='bbox 1648 4072 1893 4150; x_wconf 88' lang='lat' dir='ltr'><strong>perpendiculari</strong></span> 
     </span>
     <span class='ocr_line' id='line_1_40' title="bbox 524 4159 1893 4242; baseline 0.002 -20"><span class='ocrx_word' id='word_1_354' title='bbox 524 4159 556 4223; x_wconf 93' lang='lat' dir='ltr'><strong>in</strong></span> <span class='ocrx_word' id='word_1_355' title='bbox 579 4169 691 4240; x_wconf 92' lang='lat' dir='ltr'><strong>puncto</strong></span> <span class='ocrx_word' id='word_1_356' title='bbox 715 4162 800 4237; x_wconf 83' lang='lat' dir='ltr'><strong>axis,</strong></span> <span class='ocrx_word' id='word_1_357' title='bbox 836 4163 915 4242; x_wconf 91' lang='lat' dir='ltr'><strong>quod</strong></span> <span class='ocrx_word' id='word_1_358' title='bbox 944 4170 993 4223; x_wconf 90' lang='lat' dir='ltr'><strong>est</strong></span> <span class='ocrx_word' id='word_1_359' title='bbox 1020 4161 1049 4222; x_wconf 93' lang='lat' dir='ltr'><strong>in</strong></span> <span class='ocrx_word' id='word_1_360' title='bbox 1083 4161 1175 4240; x_wconf 92' lang='lat' dir='ltr'><strong>plano</strong></span> <span class='ocrx_word' id='word_1_361' title='bbox 1208 4179 1260 4221; x_wconf 91' lang='lat' dir='ltr'><strong>seu</strong></span> <span class='ocrx_word' id='word_1_362' title='bbox 1293 4160 1380 4222; x_wconf 89' lang='lat' dir='ltr'><strong>basi:</strong></span> <span class='ocrx_word' id='word_1_363' title='bbox 1413 4180 1505 4240; x_wconf 87' lang='lat' dir='ltr'><strong>quare</strong></span> <span class='ocrx_word' id='word_1_364' title='bbox 1529 4182 1547 4221; x_wconf 96' lang='lat' dir='ltr'><strong>a</strong></span> <span class='ocrx_word' id='word_1_365' title='bbox 1570 4177 1746 4240; x_wconf 88' lang='lat' dir='ltr'><strong>quocunqne</strong></span> <span class='ocrx_word' id='word_1_366' title='bbox 1778 4171 1893 4241; x_wconf 92' lang='lat' dir='ltr'><strong>puncto</strong></span> 
     </span>
     <span class='ocr_line' id='line_1_41' title="bbox 527 4249 1892 4331; baseline 0.001 -19"><span class='ocrx_word' id='word_1_367' title='bbox 527 4249 789 4312; x_wconf 80' lang='lat' dir='ltr'><strong>circumferentiae</strong></span> <span class='ocrx_word' id='word_1_368' title='bbox 827 4251 979 4331; x_wconf 89' lang='lat' dir='ltr'><strong>ellipticae</strong></span> <span class='ocrx_word' id='word_1_369' title='bbox 1017 4251 1109 4311; x_wconf 86' lang='lat' dir='ltr'><strong>ducta</strong></span> <span class='ocrx_word' id='word_1_370' title='bbox 1144 4249 1402 4330; x_wconf 87' lang='lat' dir='ltr'><strong>perpendicularis</strong></span> <span class='ocrx_word' id='word_1_371' title='bbox 1432 4249 1461 4310; x_wconf 94' lang='lat' dir='ltr'><strong>in</strong></span> <span class='ocrx_word' id='word_1_372' title='bbox 1492 4249 1660 4312; x_wconf 90' lang='lat' dir='ltr'><strong>breviorem</strong></span> <span class='ocrx_word' id='word_1_373' title='bbox 1698 4249 1892 4326; x_wconf 90' lang='lat' dir='ltr'><strong>diametrum,</strong></span> 
     </span>
     <span class='ocr_line' id='line_1_42' title="bbox 528 4337 1892 4421; baseline 0.001 -20"><span class='ocrx_word' id='word_1_374' title='bbox 528 4337 674 4402; x_wconf 90' lang='lat' dir='ltr'><strong>rescindit</strong></span> <span class='ocrx_word' id='word_1_375' title='bbox 698 4339 794 4402; x_wconf 90' lang='lat' dir='ltr'><strong>sinum</strong></span> <span class='ocrx_word' id='word_1_376' title='bbox 819 4351 934 4402; x_wconf 90' lang='lat' dir='ltr'><strong>rectum</strong></span> <span class='ocrx_word' id='word_1_377' title='bbox 954 4359 987 4401; x_wconf 95' lang='lat' dir='ltr'><strong>se</strong></span> <span class='ocrx_word' id='word_1_378' title='bbox 1010 4341 1090 4401; x_wconf 86' lang='lat' dir='ltr'><strong>inter</strong></span> <span class='ocrx_word' id='word_1_379' title='bbox 1104 4346 1136 4401; x_wconf 91' lang='lat' dir='ltr'><strong>et</strong></span> <span class='ocrx_word' id='word_1_380' title='bbox 1160 4345 1295 4400; x_wconf 88' lang='lat' dir='ltr'><strong>centmm</strong></span> <span class='ocrx_word' id='word_1_381' title='bbox 1320 4338 1384 4417; x_wconf 92' lang='lat' dir='ltr'><strong>ejus</strong></span> <span class='ocrx_word' id='word_1_382' title='bbox 1400 4357 1498 4414; x_wconf 89' lang='lat' dir='ltr'><strong>arcus,</strong></span> <span class='ocrx_word' id='word_1_383' title='bbox 1523 4337 1618 4419; x_wconf 89' lang='lat' dir='ltr'><strong>quiin</strong></span> <span class='ocrx_word' id='word_1_384' title='bbox 1642 4338 1755 4400; x_wconf 90' lang='lat' dir='ltr'><strong>circulo</strong></span> <span class='ocrx_word' id='word_1_385' title='bbox 1779 4342 1892 4421; x_wconf 89' lang='lat' dir='ltr'><strong>ampli·</strong></span> 
     </span>
     <span class='ocr_line' id='line_1_43' title="bbox 526 4427 1894 4509; baseline 0.001 -19"><span class='ocrx_word' id='word_1_386' title='bbox 526 4427 663 4490; x_wconf 87' lang='lat' dir='ltr'><strong>tudinem</strong></span> <span class='ocrx_word' id='word_1_387' title='bbox 686 4427 833 4492; x_wconf 90' lang='lat' dir='ltr'><strong>brevioris</strong></span> <span class='ocrx_word' id='word_1_388' title='bbox 862 4430 1001 4492; x_wconf 87' lang='lat' dir='ltr'><strong>diametri</strong></span> <span class='ocrx_word' id='word_1_389' title='bbox 1032 4428 1162 4490; x_wconf 90' lang='lat' dir='ltr'><strong>habente</strong></span> <span class='ocrx_word' id='word_1_390' title='bbox 1195 4428 1273 4489; x_wconf 91' lang='lat' dir='ltr'><strong>inter</strong></span> <span class='ocrx_word' id='word_1_391' title='bbox 1299 4435 1442 4507; x_wconf 91' lang='lat' dir='ltr'><strong>punctum</strong></span> <span class='ocrx_word' id='word_1_392' title='bbox 1472 4427 1617 4490; x_wconf 90' lang='lat' dir='ltr'><strong>verticale</strong></span> <span class='ocrx_word' id='word_1_393' title='bbox 1646 4428 1715 4500; x_wconf 89' lang='lat' dir='ltr'><strong>(sen</strong></span> <span class='ocrx_word' id='word_1_394' title='bbox 1739 4430 1821 4509; x_wconf 91' lang='lat' dir='ltr'><strong>qnod</strong></span> <span class='ocrx_word' id='word_1_395' title='bbox 1844 4439 1894 4491; x_wconf 88' lang='lat' dir='ltr'><strong>est</strong></span> 
     </span>
     <span class='ocr_line' id='line_1_44' title="bbox 527 4515 1323 4599; baseline 0 -20"><span class='ocrx_word' id='word_1_396' title='bbox 527 4516 559 4579; x_wconf 93' lang='lat' dir='ltr'><strong>iu</strong></span> <span class='ocrx_word' id='word_1_397' title='bbox 583 4515 639 4578; x_wconf 79' lang='lat' dir='ltr'><strong>AB</strong></span> <span class='ocrx_word' id='word_1_398' title='bbox 664 4517 761 4590; x_wconf 89' lang='lat' dir='ltr'><strong>linea)</strong></span> <span class='ocrx_word' id='word_1_399' title='bbox 784 4527 816 4580; x_wconf 90' lang='lat' dir='ltr'><strong>et</strong></span> <span class='ocrx_word' id='word_1_400' title='bbox 839 4519 942 4580; x_wconf 90' lang='lat' dir='ltr'><strong>datum</strong></span> <span class='ocrx_word' id='word_1_401' title='bbox 965 4528 1107 4599; x_wconf 88' lang='lat' dir='ltr'><strong>punctum</strong></span> <span class='ocrx_word' id='word_1_402' title='bbox 1131 4516 1323 4595; x_wconf 90' lang='lat' dir='ltr'><strong>interjicitnr.</strong></span> 
     </span>
    </p>

    <p class='ocr_par' dir='ltr' id='par_1_24' title="bbox 527 4604 1895 5222">
     <span class='ocr_line' id='line_1_45' title="bbox 618 4604 1894 4686; baseline 0.002 -18"><span class='ocrx_word' id='word_1_403' title='bbox 618 4606 732 4669; x_wconf 87' lang='lat' dir='ltr'><strong>Vemm</strong></span> <span class='ocrx_word' id='word_1_404' title='bbox 754 4628 792 4669; x_wconf 92' lang='lat' dir='ltr'><strong>ne</strong></span> <span class='ocrx_word' id='word_1_405' title='bbox 816 4609 984 4670; x_wconf 89' lang='lat' dir='ltr'><strong>conicomm</strong></span> <span class='ocrx_word' id='word_1_406' title='bbox 1009 4607 1225 4669; x_wconf 90' lang='lat' dir='ltr'><strong>elementorum</strong></span> <span class='ocrx_word' id='word_1_407' title='bbox 1248 4604 1338 4686; x_wconf 86' lang='lat' dir='ltr'><strong>periti</strong></span> <span class='ocrx_word' id='word_1_408' title='bbox 1357 4604 1449 4666; x_wconf 89' lang='lat' dir='ltr'><strong>inme</strong></span> <span class='ocrx_word' id='word_1_409' title='bbox 1468 4604 1538 4684; x_wconf 93' lang='lat' dir='ltr'><strong>qnid</strong></span> <span class='ocrx_word' id='word_1_410' title='bbox 1562 4604 1756 4667; x_wconf 87' lang='lat' dir='ltr'><strong>desiderent:</strong></span> <span class='ocrx_word' id='word_1_411' title='bbox 1782 4607 1894 4670; x_wconf 87' lang='lat' dir='ltr'><strong>addam</strong></span> 
     </span>
     <span class='ocr_line' id='line_1_46' title="bbox 529 4692 1893 4778; baseline 0 -21"><span class='ocrx_word' id='word_1_412' title='bbox 529 4703 563 4757; x_wconf 89' lang='lat' dir='ltr'><strong>et</strong></span> <span class='ocrx_word' id='word_1_413' title='bbox 584 4694 734 4775; x_wconf 73' lang='grc' dir='ltr'><strong><em>ἀκριβοιαν</em></strong></span> <span class='ocrx_word' id='word_1_414' title='bbox 753 4716 790 4758; x_wconf 85' lang='lat' dir='ltr'><strong>ex</strong></span> <span class='ocrx_word' id='word_1_415' title='bbox 805 4697 979 4776; x_wconf 88' lang='lat' dir='ltr'><strong>Apollonio.</strong></span> <span class='ocrx_word' id='word_1_416' title='bbox 1017 4696 1108 4760; x_wconf 86' lang='lat' dir='ltr'><strong>SitN</strong></span> <span class='ocrx_word' id='word_1_417' title='bbox 1130 4704 1281 4778; x_wconf 90' lang='lat' dir='ltr'><strong>punctum,</strong></span> <span class='ocrx_word' id='word_1_418' title='bbox 1305 4694 1335 4756; x_wconf 93' lang='lat' dir='ltr'><strong>in</strong></span> <span class='ocrx_word' id='word_1_419' title='bbox 1354 4694 1433 4774; x_wconf 94' lang='lat' dir='ltr'><strong>quod</strong></span> <span class='ocrx_word' id='word_1_420' title='bbox 1452 4693 1519 4755; x_wconf 85' lang='lat' dir='ltr'><strong>axis</strong></span> <span class='ocrx_word' id='word_1_421' title='bbox 1538 4695 1606 4756; x_wconf 91' lang='lat' dir='ltr'><strong>coni</strong></span> <span class='ocrx_word' id='word_1_422' title='bbox 1624 4692 1740 4757; x_wconf 90' lang='lat' dir='ltr'><strong>incidit.</strong></span> <span class='ocrx_word' id='word_1_423' title='bbox 1785 4696 1893 4757; x_wconf 86' lang='lat' dir='ltr'><strong>Habe-</strong></span> 
     </span>
     <span class='ocr_line' id='line_1_47' title="bbox 529 4781 1893 4864; baseline 0.001 -18"><span class='ocrx_word' id='word_1_424' title='bbox 529 4783 639 4847; x_wconf 91' lang='lat' dir='ltr'><strong>bnntur</strong></span> <span class='ocrx_word' id='word_1_425' title='bbox 662 4804 735 4864; x_wconf 90' lang='lat' dir='ltr'><strong>ergo</strong></span> <span class='ocrx_word' id='word_1_426' title='bbox 758 4787 818 4849; x_wconf 86' lang='lat' dir='ltr'><strong>NA</strong></span> <span class='ocrx_word' id='word_1_427' title='bbox 844 4794 876 4848; x_wconf 92' lang='lat' dir='ltr'><strong>et</strong></span> <span class='ocrx_word' id='word_1_428' title='bbox 898 4786 954 4849; x_wconf 86' lang='lat' dir='ltr'><strong>NB</strong></span> <span class='ocrx_word' id='word_1_429' title='bbox 978 4786 1008 4848; x_wconf 91' lang='lat' dir='ltr'><strong>in</strong></span> <span class='ocrx_word' id='word_1_430' title='bbox 1039 4786 1116 4848; x_wconf 91' lang='lat' dir='ltr'><strong>hunc</strong></span> <span class='ocrx_word' id='word_1_431' title='bbox 1148 4785 1279 4847; x_wconf 89' lang='lat' dir='ltr'><strong>modum.</strong></span> <span class='ocrx_word' id='word_1_432' title='bbox 1326 4782 1512 4845; x_wconf 87' lang='lat' dir='ltr'><strong>Distantiam</strong></span> <span class='ocrx_word' id='word_1_433' title='bbox 1537 4781 1619 4845; x_wconf 86' lang='lat' dir='ltr'><strong>Solis</strong></span> <span class='ocrx_word' id='word_1_434' title='bbox 1643 4801 1662 4842; x_wconf 94' lang='lat' dir='ltr'><strong>a</strong></span> <span class='ocrx_word' id='word_1_435' title='bbox 1686 4783 1803 4845; x_wconf 79' lang='lat' dir='ltr'><strong>vertice</strong></span> <span class='ocrx_word' id='word_1_436' title='bbox 1831 4785 1893 4860; x_wconf 79' lang='lat'><strong>15⁴,</strong></span> 
     </span>
     <span class='ocr_line' id='line_1_48' title="bbox 530 4872 1894 4954; baseline 0.004 -24"><span class='ocrx_word' id='word_1_437' title='bbox 530 4873 580 4935; x_wconf 88' lang='lat' dir='ltr'><strong>vel</strong></span> <span class='ocrx_word' id='word_1_438' title='bbox 603 4884 718 4954; x_wconf 90' lang='lat' dir='ltr'><strong>quanta</strong></span> <span class='ocrx_word' id='word_1_439' title='bbox 737 4883 786 4935; x_wconf 89' lang='lat' dir='ltr'><strong>est</strong></span> <span class='ocrx_word' id='word_1_440' title='bbox 808 4875 1031 4937; x_wconf 89' lang='lat' dir='ltr'><strong>semidiameter</strong></span> <span class='ocrx_word' id='word_1_441' title='bbox 1048 4873 1139 4949; x_wconf 90' lang='lat' dir='ltr'><strong>Solis,</strong></span> <span class='ocrx_word' id='word_1_442' title='bbox 1163 4893 1241 4953; x_wconf 89' lang='lat' dir='ltr'><strong>auge</strong></span> <span class='ocrx_word' id='word_1_443' title='bbox 1261 4883 1293 4934; x_wconf 89' lang='lat' dir='ltr'><strong>et</strong></span> <span class='ocrx_word' id='word_1_444' title='bbox 1315 4873 1422 4946; x_wconf 88' lang='lat' dir='ltr'><strong>minue,</strong></span> <span class='ocrx_word' id='word_1_445' title='bbox 1447 4881 1480 4933; x_wconf 88' lang='lat' dir='ltr'><strong>et</strong></span> <span class='ocrx_word' id='word_1_446' title='bbox 1502 4872 1631 4934; x_wconf 90' lang='lat' dir='ltr'><strong>omnium</strong></span> <span class='ocrx_word' id='word_1_447' title='bbox 1655 4872 1746 4935; x_wconf 88' lang='lat' dir='ltr'><strong>trium</strong></span> <span class='ocrx_word' id='word_1_448' title='bbox 1769 4892 1894 4936; x_wconf 90' lang='lat' dir='ltr'><strong>arcuum</strong></span> 
     </span>
     <span class='ocr_line' id='line_1_49' title="bbox 527 4962 1894 5045; baseline 0.003 -23"><span class='ocrx_word' id='word_1_449' title='bbox 527 4979 655 5045; x_wconf 79' lang='lat' dir='ltr'><strong>excerpe</strong></span> <span class='ocrx_word' id='word_1_450' title='bbox 685 4971 858 5042; x_wconf 83' lang='lat' dir='ltr'><strong>tangentes.</strong></span> <span class='ocrx_word' id='word_1_451' title='bbox 908 4964 1106 5026; x_wconf 83' lang='lat' dir='ltr'><strong>Differentiae</strong></span> <span class='ocrx_word' id='word_1_452' title='bbox 1134 4963 1320 5039; x_wconf 81' lang='lat' dir='ltr'><strong>tangentium</strong></span> <span class='ocrx_word' id='word_1_453' title='bbox 1353 4962 1516 5023; x_wconf 89' lang='lat' dir='ltr'><strong>ostendent</strong></span> <span class='ocrx_word' id='word_1_454' title='bbox 1545 4962 1700 5041; x_wconf 88' lang='lat' dir='ltr'><strong>portiones</strong></span> <span class='ocrx_word' id='word_1_455' title='bbox 1733 4963 1894 5042; x_wconf 83' lang='lat' dir='ltr'><strong>quaesitas</strong></span> 
     </span>
     <span class='ocr_line' id='line_1_50' title="bbox 531 5047 1893 5133; baseline 0.004 -23"><span class='ocrx_word' id='word_1_456' title='bbox 531 5049 563 5112; x_wconf 82' lang='lat' dir='ltr'><strong>in</strong></span> <span class='ocrx_word' id='word_1_457' title='bbox 585 5052 789 5133; x_wconf 89' lang='lat' dir='ltr'><strong>proportione,</strong></span> <span class='ocrx_word' id='word_1_458' title='bbox 814 5052 945 5131; x_wconf 91' lang='lat' dir='ltr'><strong>qualium</strong></span> <span class='ocrx_word' id='word_1_459' title='bbox 962 5053 1046 5114; x_wconf 89' lang='lat' dir='ltr'><strong>sinus</strong></span> <span class='ocrx_word' id='word_1_460' title='bbox 1066 5061 1149 5114; x_wconf 88' lang='lat' dir='ltr'><strong>totus</strong></span> <span class='ocrx_word' id='word_1_461' title='bbox 1169 5062 1217 5114; x_wconf 89' lang='lat' dir='ltr'><strong>est</strong></span> <span class='ocrx_word' id='word_1_462' title='bbox 1241 5047 1378 5115; x_wconf 90' lang='grc'><strong>100000.</strong></span> <span class='ocrx_word' id='word_1_463' title='bbox 1416 5049 1648 5113; x_wconf 87' lang='lat' dir='ltr'><strong>Semidiameter</strong></span> <span class='ocrx_word' id='word_1_464' title='bbox 1665 5069 1738 5112; x_wconf 84' lang='lat' dir='ltr'><strong>vero</strong></span> <span class='ocrx_word' id='word_1_465' title='bbox 1761 5051 1893 5127; x_wconf 84' lang='lat' dir='ltr'><strong>brevior,</strong></span> 
     </span>
     <span class='ocr_line' id='line_1_51' title="bbox 533 5139 1895 5222; baseline 0.001 -20"><span class='ocrx_word' id='word_1_466' title='bbox 533 5157 573 5202; x_wconf 81' lang='lat' dir='ltr'><strong>ex</strong></span> <span class='ocrx_word' id='word_1_467' title='bbox 586 5141 616 5203; x_wconf 87' lang='lat' dir='ltr'>N</span> <span class='ocrx_word' id='word_1_468' title='bbox 639 5148 751 5221; x_wconf 93' lang='lat' dir='ltr'><strong>puncto</strong></span> <span class='ocrx_word' id='word_1_469' title='bbox 774 5140 879 5203; x_wconf 85' lang='lat' dir='ltr'><strong>exiens</strong></span> <span class='ocrx_word' id='word_1_470' title='bbox 901 5143 947 5214; x_wconf 91' lang='lat' dir='ltr'><strong>(in</strong></span> <span class='ocrx_word' id='word_1_471' title='bbox 967 5141 1131 5222; x_wconf 84' lang='lat' dir='ltr'><strong>Apollonio</strong></span> <span class='ocrx_word' id='word_1_472' title='bbox 1154 5147 1204 5203; x_wconf 90' lang='lat' dir='ltr'><strong>est</strong></span> <span class='ocrx_word' id='word_1_473' title='bbox 1226 5140 1388 5202; x_wconf 86' lang='lat' dir='ltr'><strong>ordinatim</strong></span> <span class='ocrx_word' id='word_1_474' title='bbox 1410 5140 1580 5220; x_wconf 86' lang='lat' dir='ltr'><strong>applicata)</strong></span> <span class='ocrx_word' id='word_1_475' title='bbox 1603 5139 1648 5203; x_wconf 91' lang='lat' dir='ltr'><strong>sic</strong></span> <span class='ocrx_word' id='word_1_476' title='bbox 1670 5139 1811 5205; x_wconf 89' lang='lat' dir='ltr'><strong>habetur.</strong></span> <span class='ocrx_word' id='word_1_477' title='bbox 1851 5142 1895 5204; x_wconf 86' lang='lat' dir='ltr'><strong>Ut</strong></span> 
     </span>
    </p>
   </div>
   <div class='ocr_carea' id='block_1_5' title="bbox 0 0 2310 6192">
    <p class='ocr_par' dir='ltr' id='par_1_25' title="bbox 0 0 2310 6192">
     <span class='ocr_line' id='line_1_52' title="bbox 0 0 2310 6192; baseline 0 0"><span class='ocrx_word' id='word_1_478' title='bbox 0 0 2310 6192; x_wconf 95' lang='lat' dir='ltr'><strong> </strong></span> 
     </span>
    </p>
   </div>
  </div>
 </body>
</html>
