4584 6192
994 553 1076 621 Caput
1096 556 1141 607 ΙΙΙ.
1163 551 1186 607 2.
1705 551 1767 623 169

498 729 618 805 Quarto
641 736 744 815 itaque
767 732 1032 806 considerandum,
1058 734 1136 815 quod
1160 734 1190 795 in
1221 733 1394 797 humoribus
1417 735 1495 797 oculi
1519 744 1602 799 certa
1624 736 1666 799 sit
1689 737 1767 800 deu·

409 822 513 885 sitatis
537 831 570 885 et
593 824 755 885 tenuitatis
778 824 865 898 ratio,
892 823 948 903 ipsi
973 823 1059 885 oculo
1083 825 1121 884 de
1145 843 1177 884 se
1201 824 1293 903 probe
1318 832 1399 886 uota.
1436 824 1512 887 Cum
1537 825 1627 905 igitur
1650 835 1681 888 et
1703 834 1765 899 aer,

410 931 469 993 quo
491 912 645 973 mediante
669 913 703 974 fit
725 913 819 983 visio,
844 921 876 973 et
900 913 950 973 lua
975 931 1051 992 quae
1075 912 1212 987 videtur,
1237 932 1308 974 suas
1332 914 1491 975 densitatis
1508 915 1651 976 ‘rationes
1675 934 1767 995 supra

410 1000 614 1063 obtinuerint:
639 1010 873 1084 cousentaneum
897 1008 945 1062 est
968 1001 1067 1062 inesse
1092 1003 1178 1063 oculo
1202 1002 1272 1076 vim,
1301 1001 1456 1083 utriusque
1480 1010 1512 1064 et
1535 1003 1614 1066 aeris
1639 1013 1670 1065 et
1692 1003 1767 1066 lucis

410 1109 464 1152 sou
487 1089 654 1152 densitatis
676 1108 731 1152 seu
755 1090 892 1153 raritatis
915 1090 1095 1152 metiendae.

499 1178 672 1259 Propositio
696 1180 770 1242 XII.
817 1179 878 1241 Sed
903 1179 941 1238 ab
965 1185 1036 1240 aare
1062 1186 1240 1257 argumenta
1263 1179 1349 1256 plora
1372 1180 1548 1242 collecta'in
1573 1181 1668 1242 lucem
1693 1180 1767 1243 diri·

410 1286 526 1347 gemus.
573 1268 699 1330 Etenim
722 1269 840 1330 videtur
872 1268 975 1328 oculus
1000 1289 1018 1327 a
1040 1267 1163 1328 ridendi
1197 1267 1294 1327 officio
1319 1267 1381 1328 fere
1411 1269 1574 1345 decisurus,
1599 1276 1768 1350 exaequato

409 1356 683 1437 mediogpellucioo
706 1376 774 1419 cum
807 1358 928 1418 humore
962 1356 1053 1430 oculi,
1090 1365 1122 1416 ut
1145 1355 1171 1416 si
1203 1355 1306 1416 oculus
1330 1356 1409 1418 infra
1432 1378 1540 1438 aquam
1564 1360 1767 1438 demergatur.

411 1445 484 1508 Ideo
510 1455 543 1506 et
566 1446 685 1507 omuino
711 1446 809 1508 factus
834 1444 1010 1525 albugineus
1034 1445 1063 1506 iu
1080 1444 1215 1523 spirabili
1239 1444 1436 1508 animantium
1459 1465 1577 1525 genere,
1604 1449 1642 1509 ad
1666 1466 1714 1509 res
1738 1448 1767 1509 in

411 1539 480 1596 aere
504 1552 566 1595 nou
590 1534 621 1595 in
645 1554 724 1615 aqua
747 1534 924 1597 cernendas.
963 1534 1128 1613 Propterea
1146 1533 1289 1614 piscibus,
1313 1543 1347 1596 ut
1360 1553 1414 1614 per
1433 1551 1527 1616 aquas
1550 1536 1767 1615 perspicerent,

412 1622 546 1685 crassior
569 1632 600 1684 et
624 1623 725 1685 durior
748 1625 854 1686 humor
877 1632 926 1684 est
949 1622 1056 1696 datus,
1088 1641 1232 1702 pensos,
1267 1641 1324 1683 non
1349 1624 1463 1687 humor.
1509 1627 1570 1686 Par
1593 1633 1641 1685 est
1665 1626 1767 1705 itaque

410 1710 491 1773 credi
515 1710 673 1773 humorem
697 1713 887 1792 albugineum
911 1712 1071 1791 primasio
1092 1712 1177 1772 oculo
1198 1721 1299 1773 tenere
1323 1713 1370 1773 vel
1385 1713 1462 1786 ideo,
1487 1723 1521 1776 ut
1535 1714 1575 1775 sit
1599 1712 1769 1775 differentia

411 1800 630 1880 pellucidorum
663 1802 743 1864 aeris
767 1813 799 1863 et
822 1800 909 1862 oculi.
957 1801 1113 1863 Potuisset
1143 1800 1221 1860 enim
1250 1810 1376 1875 natura,
1411 1802 1467 1863 uisi
1495 1804 1551 1864 hoc
1584 1810 1766 1881 spectasset,

412 1892 510 1952 lucem
534 1907 588 1968 per
613 1889 746 1952 foramen
778 1909 871 1952 ureae
902 1900 1039 1970 apertum
1071 1890 1281 1950 intromittere.
1329 1888 1475 1960 Quamvis
1499 1892 1590 1953 etiam
1613 1911 1650 1951 ex
1673 1893 1769 1971 figura

411 1979 489 2041 idem
515 1977 679 2041 elucescat.
726 1980 805 2041 Nam
829 1998 895 2041 cum
920 1980 1064 2040 rotundus
1090 1978 1140 2048 sit,
1164 1978 1260 2039 multa
1283 1981 1460 2058 contingunt
1483 1980 1576 2041 radiis
1600 1980 1706 2041 lucidis
1730 1998 1768 2041 ex

411 2074 483 2129 aere
508 2066 539 2127 iu
562 2068 722 2129 rotundum
756 2067 877 2130 densius
910 2067 1148 2145 ingredientibus
1181 2067 1329 2137 refracta,
1361 2089 1436 2148 quae
1465 2089 1521 2130 nou
1554 2075 1682 2148 possunt
1705 2067 1768 2130 fieri

412 2156 499 2218 oculo
523 2156 609 2236 aquis
633 2156 759 2232 obruto,
784 2157 834 2218 ubi
858 2167 1025 2235 exaequato
1049 2158 1172 2217 humore
1204 2156 1361 2235 albugineo
1395 2178 1460 2219 oum
1485 2159 1634 2219 ambiente
1658 2157 1766 2231 medio,

411 2244 586 2325 superficies
619 2245 772 2325 albuginei
800 2247 928 2308 rotunda
961 2245 1153 2307 annihilatur.
1199 2245 1251 2305 Ad
1279 2245 1432 2307 minimum
1464 2246 1554 2324 igitur
1577 2246 1658 2307 inest
1681 2245 1767 2307 oculo

409 2353 520 2395 seusus
544 2332 632 2412 hujus
656 2335 814 2397 tenuitatis
843 2334 944 2396 atriae
968 2354 1004 2396 eo
1027 2334 1134 2408 modo,
1170 2352 1227 2412 quo
1250 2354 1348 2396 rorum
1377 2336 1506 2396 omnium
1531 2335 1636 2414 quibus
1660 2353 1768 2395 assue-

409 2423 508 2484 vimus
532 2441 655 2484 sensum
674 2424 793 2502 penitus
813 2424 933 2484 infixum
955 2425 1112 2486 hahemus.
1152 2422 1231 2483 Vide
1255 2443 1340 2504 prop.
1358 2419 1387 2485 3.
1409 2420 1439 2485 4.
1466 2424 1516 2485 lib.
1533 2420 1564 2486 3.
1581 2422 1767 2484 Vitelliouis.

408 2510 510 2593 Supra
541 2529 613 2573 vero
638 2509 731 2592 (Cap.
757 2514 781 2584 I,
806 2508 841 2585 6)
875 2520 906 2572 et
938 2513 997 2575 luci
1028 2521 1059 2573 et
1092 2512 1258 2593 superficiei
1292 2513 1371 2574 aeris
1404 2514 1529 2574 eandem
1562 2511 1768 2574 tribuebamus

409 2598 602 2661 affectionem
627 2600 803 2674 densitatis,
837 2602 949 2662 sentiet
980 2600 1071 2680 igitur
1095 2608 1127 2662 et
1150 2601 1254 2662 oculus
1279 2602 1459 2662 densitatem
1484 2601 1568 2664 lucis.
1616 2601 1708 2680 ldque
1732 2619 1768 2662 eo

408 2688 519 2769 magis,
545 2690 623 2768 quod
648 2686 741 2774 (Cap.
767 2692 790 2764 l,
806 2686 864 2762 20)
881 2692 998 2769 patuit,
1023 2693 1120 2753 luceru
1139 2692 1201 2751 hoo
1220 2690 1381 2751 densitatis
1404 2696 1543 2769 respectu
1568 2689 1631 2770 pati
1655 2688 1767 2768 aliquid

408 2779 446 2839 ah
473 2776 612 2840 omnibus
636 2779 744 2861 mediis
775 2780 854 2841 inter
878 2800 910 2840 se
935 2780 963 2841 iu
997 2780 1149 2841 densitate
1173 2798 1227 2841 seu
1255 2780 1473 2858 perspicuitate
1506 2778 1712 2840 differentibus
1736 2784 1769 2840 et

407 2868 452 2928 sie
476 2866 570 2929 etiam
595 2866 634 2927 ab
658 2868 831 2930 humoribus
864 2869 960 2930 oculi:
1000 2869 1069 2948 quin
1101 2869 1193 2948 igitur
1221 2876 1253 2928 et
1284 2869 1388 2930 oculus
1411 2888 1465 2930 seu
1497 2868 1580 2929 visus
1604 2868 1633 2929 iu
1657 2884 1767 2946 genere

407 2954 524 3036 aliquid
546 2954 640 3018 etiam
663 2966 770 3020 contra
793 2958 928 3036 patiatur
951 2959 989 3019 ab
1014 2958 1071 3019 hac
1095 2958 1248 3019 densitate
1273 2956 1358 3029 lueis,
1382 2976 1454 3019 suae
1479 2957 1582 3019 itidem
1605 2954 1767 3017 densitatis
1814 3012 1816 3015 .

406 3043 575 3125 respectu?

497 3131 669 3212 Propositio
692 3131 780 3195 X'lll.
830 3132 953 3208 Quinto,
979 3135 1005 3196 si
1030 3133 1212 3196 densitatem
1237 3135 1311 3195 lucis
1340 3134 1442 3195 oculus
1467 3134 1560 3194 sentit
1584 3135 1652 3212 (per
1675 3150 1767 3212 prae·

406 3222 581 3293 cedentem)
614 3222 853 3284 attenuationem
887 3242 1002 3304 quoque
1032 3234 1064 3284 et
1096 3223 1361 3284 condensationem
1400 3224 1463 3302 ejus
1496 3241 1620 3283 necesse
1655 3229 1704 3284 est
1734 3228 1770 3284 ut
1846 3291 1854 3302 ⁸

406 3310 535 3382 sentiat,
558 3329 635 3390 quae
660 3309 778 3390 quidem
802 3312 883 3373 intra
907 3313 1025 3374 oculum
1049 3314 1082 3373 fit
1106 3330 1230 3390 eumque
1260 3313 1477 3393 quodammodo
1509 3311 1672 3391 contingit,
1702 3329 1769 3372 cum

405 3399 647 3480 profunditatem
661 3398 799 3461 humores
815 3401 937 3480 insuper
952 3402 1119 3473 obtineant,
1135 3419 1189 3480 per
1204 3420 1293 3480 quarn
1308 3401 1381 3461 haec
1397 3400 1565 3462 attenuatio
1581 3398 1673 3479 (Cap.
1690 3401 1714 3474 l,
1732 3395 1768 3472 6)

406 3487 572 3569 perficitur.
620 3487 698 3549 Dum
724 3489 801 3550 euim
824 3509 879 3570 per
903 3489 980 3551 hanc
1003 3490 1241 3570 profunditatem
1262 3490 1312 3551 lux
1337 3491 1457 3565 transit,
1483 3490 1512 3551 in
1533 3497 1617 3550 certa
1639 3507 1768 3568 propor-

408 3578 493 3639 tione
525 3577 680 3657 spargitur
713 3577 838 3648 (ceteris
869 3579 991 3658 paribus
1021 3588 1051 3640 et
1079 3588 1196 3641 remota
1222 3579 1286 3657 jam
1319 3578 1558 3640 consideratione
1592 3576 1767 3650 coactionis,

408 3685 486 3747 quae
509 3666 544 3727 fit
564 3685 620 3745 per
638 3666 763 3744 figuram
781 3666 951 3728 densiorum
975 3669 1155 3741 humorum),
1180 3668 1355 3747 tenuiorque
1376 3669 1477 3728 evadit
1497 3668 1526 3728 in
1551 3666 1767 3745 profunditate,

409 3774 502 3835 quam
533 3762 602 3815 erat
633 3754 664 3814 iu
694 3755 790 3836 primo
822 3756 971 3835 ingressu.
1024 3755 1171 3827 Quamvis
1204 3758 1323 3829 oculus,
1362 3756 1452 3816 etiarn
1486 3763 1663 3834 argumento
1696 3772 1768 3814 usus

408 3842 529 3906 latioris
551 3843 723 3905 illustratae
747 3845 915 3924 superficiei
931 3844 960 3906 in
980 3847 1136 3926 profundo,
1163 3846 1200 3907 de
1223 3844 1434 3906 extenuatione
1459 3845 1532 3906 lueis
1549 3845 1628 3904 intra
1650 3842 1767 3903 oculum

409 3932 494 3994 facta
516 3938 653 3993 statuere
677 3932 796 4011 possit:
822 3934 892 4012 quia
907 3953 999 4014 supra
1014 3937 1114 4016 (prop.
1131 3935 1167 4006 7)
1183 3934 1241 4013 ipsi
1266 3933 1469 4020 tribuebamus
1491 3951 1610 3995 sensum
1630 3937 1767 3992 attactae

408 4042 428 4081 a
451 4022 519 4083 luce
543 4020 723 4100 quantitatis
747 4022 925 4101 superficiei.
1404 4068 1414 4081 .

496 4108 670 4190 Propositio
703 4109 794 4171 XIV.
852 4112 908 4172 His
942 4113 986 4173 ita
1019 4129 1073 4190 per
1104 4119 1232 4189 quatuor
1261 4112 1480 4190 praecedentes
1518 4107 1669 4189 probatis,
1703 4108 1767 4187 jam

406 4199 669 4260 demonstratione
693 4200 878 4277 geometrica
893 4202 1029 4262 evineam
1049 4199 1142 4279 (quod
1158 4218 1242 4279 prop.
1260 4198 1290 4262 9.
1315 4199 1513 4280 probabiliter
1531 4207 1648 4259 tautum
1668 4197 1768 4259 stabi-

407 4288 494 4349 litum
510 4287 591 4360 fuit),
617 4287 657 4349 ab
672 4288 759 4348 oculo
784 4289 938 4368 singulari,
965 4288 1142 4349 adminiculo
1159 4289 1299 4351 altiorum
1320 4291 1508 4361 facultatum,
1532 4296 1564 4347 et
1584 4307 1637 4368 per
1661 4287 1769 4349 humo·

406 4395 471 4438 rmu
504 4376 583 4438 oculi
613 4375 774 4456 passiones
806 4398 824 4439 a
857 4378 1008 4439 densitate
1042 4376 1117 4437 lucis
1151 4396 1205 4438 ceu
1235 4397 1290 4457 per
1322 4377 1552 4438 instrumentum
1592 4376 1707 4455 percipi
1736 4383 1769 4437 et

406 4464 579 4546 comparari
602 4473 779 4544 punctorum
804 4466 846 4528 rei
869 4467 953 4528 visae
987 4465 1167 4539 distantias,
1192 4468 1231 4527 ad
1255 4487 1330 4546 quas
1362 4475 1409 4526 est
1437 4465 1590 4526 sensibilis
1621 4465 1769 4525 diameter

405 4554 496 4615 oculi.
542 4553 644 4615 Primo
669 4554 747 4615 enim
770 4564 912 4633 punctum
937 4555 1093 4635 quodlibet
1121 4556 1275 4617 radiatio
1299 4555 1401 4616 orbern
1426 4552 1517 4632 (Cap.
1542 4554 1567 4626 1,
1592 4551 1648 4625 2):
1674 4570 1766 4631 quare

405 4653 439 4703 et
460 4642 490 4703 in
515 4640 708 4704 latitudinem
732 4644 809 4704 oculi
835 4644 944 4718 ra'diat,
970 4663 1045 4723 quae
1071 4642 1209 4718 latitudo,
1234 4664 1287 4705 seu
1311 4644 1405 4705 totius
1434 4642 1512 4704 oculi
1535 4662 1588 4703 seu
1613 4639 1769 4703 foraminis

405 4750 519 4805 ureae,
552 4740 685 4793 nonest
716 4730 900 4794 insensibilis
925 4753 963 4793 ex
996 4732 1168 4813 hypothesi.
1218 4733 1333 4794 Deinde
1369 4733 1451 4794 visus
1484 4729 1613 4810 percipit
1636 4739 1667 4789 et
1691 4729 1766 4789 deu·

404 4822 530 4882 sitatem
563 4819 802 4901 tenuitatemque
836 4822 1004 4901 specierum
1033 4841 1086 4882 seu
1115 4822 1190 4882 lucis
1215 4841 1252 4881 ex
1279 4829 1390 4899 puncto
1415 4839 1469 4900 per
1497 4820 1599 4880 radios
1632 4820 1767 4898 allapsae

323 4937 327 4954 ·
405 4912 509 4989 (prop.
536 4905 591 4982 12)
615 4918 648 4970 et
670 4909 834 4971 samndem
857 4910 938 4973 iutra
961 4910 1196 4988 profunditatem
1222 4909 1299 4971 oculi
1325 4909 1526 4989 quantitatem
1550 4905 1767 4969 attenuationis

405 5001 508 5077 (prop.
535 4994 600 5066 13).
648 4998 745 5059 Tenet
768 5007 869 5061 autem
893 4999 1086 5060 assuetudine
1110 4998 1346 5077 profunditatem
1370 4999 1523 5059 humorum
1548 5014 1679 5057 suorum.
1718 4992 1769 5058 Sit

408 5087 453 5165 ad
474 5085 624 5148 diameter
655 5087 809 5168 pupillae,
839 5089 865 5149 ei
889 5088 1052 5169 parallelos
1075 5094 1127 5168 γᾶ,
1161 5096 1277 5149 tautum
1310 5086 1446 5160 distans,
1480 5093 1624 5166 quantum
1653 5085 1768 5165 patitur
