4584 6192
932 676 977 713 000
994 645 1343 714 110000010010801001000.
1747 640 1813 713 798

465 839 508 901 ad
527 838 650 901 verbnm
673 857 711 901 ex
732 840 790 902 hoe
819 848 942 902 auctore
972 839 1053 901 vitae
1078 837 1181 902 Caroli
1204 838 1326 918 Magni,
1355 836 1404 919 qni
1427 831 1595 896 Monachus
1624 827 1716 891 fnisse
1741 842 1813 907 per-

467 928 587 992 hibetur
609 927 847 1009 Engolismensis
872 928 1017 992 Coenobii
1052 933 1154 998 (nornen
1188 938 1261 1000 natas
1287 934 1406 985 Menaeni
1433 931 1553 983 udam
1586 927 1669 994 prodit
1695 921 1813 976 Adatha·

465 1024 664 1088 8000000000),
691 1037 784 1100 exque
809 1019 955 1098 scriptore
977 1020 1060 1080 vitae
1084 1018 1228 1081 Ludorici
1251 1017 1298 1079 Pii
1327 1013 1511 1096 descriptos3
1534 1007 1712 1093 praesertim
1733 1007 1813 1080 illos,

466 1107 517 1189 qni
540 1105 578 1168 de
601 1106 690 1168 rebus
722 1107 949 1183 astronomicis,
979 1114 1013 1169 nt
1035 1107 1072 1172 de
1096 1105 1238 1182 com'etis,
1267 1104 1430 1187 eclipsibus
1454 1110 1487 1164 et
1509 1100 1658 1165 similibus
1679 1095 1815 1160 tradunt.

465 1194 535 1258 Etsi
558 1194 650 1276 igitur
672 1197 813 1277 rhapsodi
837 1196 1021 1278 posteriores
1044 1197 1209 1261 omiserunt
1231 1213 1335 1258 vocem
1358 1191 1514 1266 Mercurii,
1539 1190 1673 1253 dicentes
1695 1192 1815 1249 tantum

467 1286 506 1347 de
534 1285 653 1347 macula
683 1286 770 1365 nigra
797 1281 891 1359 (forte
917 1286 1103 1368 ignorantes,
1131 1305 1199 1349 esse
1232 1286 1361 1367 aliquam
1389 1283 1421 1346 in
1454 1282 1538 1343 coelo
1566 1278 1703 1347 stellam,
1738 1291 1815 1357 qnae

471 1374 590 1436 dicatur
612 1375 786 1449 Mercuriilz
811 1384 913 1439 tamen
936 1384 1048 1439 certum
1072 1384 1135 1452 est,
1161 1376 1254 1438 fnisse
1283 1374 1411 1456 aliquem
1435 1371 1563 1452 priorem
1585 1367 1646 1439 illis
1670 1374 1814 1447 tempore,
1946 1385 1960 1415 ο

468 1462 578 1545 qnippe
601 1461 756 1544 01000000,
780 1465 829 1545 qni
852 1466 929 1527 hanc
948 1465 1046 1546 ipsam
1069 1465 1290 1548 apparitionem
1312 1464 1440 1526 referret
1463 1460 1501 1522 ad
1521 1458 1642 1522 stellam
1655 1450 1815 1555 Mercuriit

469 1552 638 1615 auctoritas
659 1553 763 1635 itaque
787 1554 937 1634 antiquior
957 1554 1076 1619 ratione
1099 1556 1228 1619 subnixa
1246 1573 1304 1617 non
1324 1561 1380 1629 est,
1394 1548 1591 1640 convellenda
1612 1563 1667 1628 par
1680 1551 1815 1607 aucton-

467 1650 566 1704 tatem
587 1643 793 1720 recentiorem,
817 1643 1030 1725 negligentiae·
1045 1653 1098 1708 ant
1116 1644 1284 1726 1000011100
1308 1639 1587 1705 manifestissimam
1608 1643 1641 1699 et
1657 1640 1817 1716 praeterea

467 1731 507 1794 ab
530 1728 661 1811 uiroprq
684 1733 883 1796 remotiorem.

556 1821 602 1883 At
632 1820 729 1883 instat
758 1821 929 1904 disputator
960 1820 1107 1903 amplius:
1146 1820 1242 1884 videri
1271 1819 1456 1901 Eginardnm
1488 1817 1581 1880 fnisse
1611 1819 1816 1896 spectatorem

467 1909 666 1992 phaenomeni
689 1911 797 1991 hujus:
821 1907 932 1993 qnippe
953 1912 1004 1994 qui
1028 1908 1131 1975 Caroli
1153 1910 1260 1989 Magni
1287 1910 1425 1973 alumnus
1454 1906 1547 1970 fuerit
1567 1913 1600 1969 et
1621 1902 1816 1986 epistolarum

468 1999 614 2080 magister
636 2006 668 2060 et
691 2000 817 2080 denique
841 2020 942 2081 gener.
987 2001 1054 2081 Ego
1078 2019 1149 2064 vero
1174 2018 1300 2080 recoqno
1323 1998 1383 2061 vim
1406 1995 1622 2078 responsionis,
1645 1990 1816 2073 Egiuardns

469 2087 549 2149 enim
581 2087 660 2150 hanc
690 2090 895 2152 narrationem
918 2089 1105 2170 ascriptore
1135 2090 1217 2152 vitae
1246 2086 1348 2153 Caroli
1381 2077 1550 2167 descripsit.
1598 2083 1700 2162 Negat
1728 2079 1818 2162 quis?

471 2176 554 2256 Ergo
573 2176 624 2239 ille
644 2177 716 2239 mihi
739 2179 880 2260 explicet,
904 2180 953 2264 qui
976 2180 1096 2242 credam
1119 2177 1283 2241 verisimile
1302 2194 1380 2251 ease,
1396 2176 1472 2239 dnos
1495 2173 1632 2236 diversor
1646 2170 1685 2233 ad
1699 2169 1819 2233 unicum

469 2274 503 2328 et
524 2264 748 2347 inconspicuum
771 2267 833 2330 fere
854 2269 1081 2349 phaenomenon
1104 2268 1134 2331 in
1159 2266 1230 2331 Sole
1253 2266 1467 2348 aequalissimo
1490 2270 1558 2326 octo
1581 2261 1695 2325 dierum
1718 2258 1818 2339 spatio

470 2354 567 2418 fuisse
590 2356 748 2418 attentos?
772 2354 851 2427 Quin
866 2358 967 2440 potins
986 2358 1070 2421 illum
1091 2357 1219 2438 primum
1242 2363 1396 2419 auctorem
1419 2352 1578 2426 credimus,
1601 2350 1650 2433 qni
1665 2368 1698 2412 ae
1716 2345 1819 2411 multis

470 2444 657 2507 documentis
679 2446 788 2525 probat
811 2446 904 2509 fnisse
927 2456 1141 2522 astronomum,
1166 2448 1295 2510 alterum
1314 2463 1389 2507 -rero
1412 2442 1596 2524 Eginardum
1620 2439 1701 2503 illins
1725 2437 1819 2500 fnisse

470 2532 598 2608 simiam,
622 2532 673 2615 qui
696 2534 775 2617 qnod
798 2536 960 2617 descripsit
982 2537 1047 2617 ipse
1070 2555 1130 2599 non
1156 2534 1325 2599 intellexit:
1356 2534 1464 2616 quique
1487 2549 1526 2593 ex
1548 2548 1622 2592 roca
1647 2525 1818 2605 ,octoties“

470 2621 585 2703 primus
613 2623 687 2690 fecit
723 2632 813 2698 ,octo
845 2624 947 2701 diss,“
971 2632 1042 2706 post
1073 2626 1216 2700 memoria
1244 2626 1348 2707 lapsus
1379 2640 1533 2685 numerum
1563 2619 1681 2683 unitate
1712 2613 1821 2681 minuit

471 2710 576 2792 sicque
598 2713 793 2794 sequentibus
817 2713 877 2776 dux
900 2722 932 2777 et
954 2723 1059 2777 auctor
1081 2714 1138 2777 fnit
1162 2715 1202 2778 ad
1224 2721 1395 2796 corruptam
1418 2710 1462 2774 rei
1484 2709 1698 2774 narrationem.

787 2808 874 2860 Astra
893 2812 993 2861 001001
1012 2806 1094 2871 (10011,
1116 2813 1155 2872 10,
1177 2801 1251 2870 Pan',
1273 2819 1381 2876 semper
1400 2817 1471 2859 ama

456 2938 460 2944 .
560 2887 650 2953 Certe
675 2889 762 2966 enim,
788 2911 847 2972 qna
869 2902 958 2957 nocte
981 2895 1079 2957 factus
1103 2903 1151 2956 est
1173 2912 1266 2974 gener
1288 2891 1390 2957 Caroli
1413 2890 1530 2971 Magni,
1553 2887 1660 2951 stellas
1683 2887 1740 2947 non
1760 2880 1821 2945 hta

471 2980 704 3061 contemplatus.
742 2980 892 3045 Ninxerat
905 2981 1014 3065 qnippe
1032 2981 1158 3058 interea,
1181 2983 1284 3064 itaque
1298 3001 1335 3045 00
1350 2980 1487 3062 vestigiis
1502 2978 1688 3063 proderetur,
1705 2971 1820 3036 amicas

471 3070 603 3134 hameris
627 3077 804 3152 exportatus
828 3072 885 3135 fnit
907 3072 985 3135 clam
1009 3081 1168 3154 spectante
1191 3069 1312 3135 Carulo.
1776 3148 1783 3163 ·

559 3150 661 3241 Atqr're
684 3159 742 3221 hac
764 3161 871 3224 eadem
893 3161 1087 3243 responsione
1111 3162 1204 3225 etiam
1227 3168 1352 3244 quartae
1375 3156 1485 3223 rationi
1505 3152 1701 3237 disputatoris
1724 3156 1820 3212 satra·

470 3250 656 3323 factumest,
681 3268 747 3311 cum
771 3258 897 3314 conatus
915 3260 964 3313 est
982 3253 1163 3315 auctoritate
1176 3249 1322 3331 Eginardi
1341 3247 1534 3332 persuadere,
1558 3242 1707 3309 maculam
1729 3240 1820 3302 istam

469 3356 530 3402 non
555 3337 649 3408 fnisse
662 3335 852 3417 Mercurium,
877 3340 931 3403 sed
954 3341 1123 3422 prodigium
1144 3339 1365 3422 praenuncians
1388 3343 1516 3402 mortam
1530 3332 1633 3399 Caroli
1646 3329 1762 3410 Magni.
1776 3321 1820 3401 ⁸²)
1884 3398 1886 3402 .

560 3425 730 3491 Secundum
753 3437 960 3509 argumentum
983 3430 1061 3493 falso
1085 3430 1225 3511 jactatas
1252 3428 1388 3493 maculas
1412 3424 1537 3491 108010
1565 3420 1690 3516 deduxit
1713 3418 1820 3519 dispu-

470 3524 553 3581 tator
576 3515 806 3581 a·dissansione
838 3526 992 3582 anctorum
1016 3519 1046 3584 in
1073 3519 1218 3600 temporis
1247 3516 1484 3582 circumstantia.
1530 3513 1712 3596 Polydorum
1741 3523 1820 3568 onrm

470 3604 642 3685 Virgilium,
666 3603 851 3671 Sabellicnm
873 3616 906 3671 et
928 3605 1151 3690 Lycnsthenem
1177 3626 1290 3689 ponere
1317 3626 1427 3671 annum
1452 3602 1568 3669 Christi
1591 3598 1665 3664 778.
1710 3597 1820 3659 Anno·

470 3695 552 3757 nium
584 3711 656 3757 vero
686 3704 719 3757 et
749 3698 914 3761 Annalium
944 3706 1096 3761 auctorem
1123 3697 1235 3763 habere
1266 3694 1342 3761 807.
1367 3693 1588 3792 Lycostlaenem
1614 3689 1720 3782 ¹itemm
1743 3680 1819 3748 808.
1900 3712 1935 3760 ,’
1979 3656 1981 3659 ¹

470 3792 503 3846 et
525 3783 616 3846 tertio
643 3780 736 3848 1278.

561 3871 618 3936 Cui
642 3873 773 3955 adjungo
798 3882 829 3937 et
851 3874 973 3937 tertiam
997 3875 1195 3957 disputatoris
1217 3873 1376 3948 rationem,
1401 3889 1478 3955 quas
1501 3888 1539 3932 ex
1562 3888 1609 3945 eo,
1633 3864 1713 3947 qnod
1726 3862 1822 3945 Poly·

470 3962 573 4038 dorus,
596 3962 818 4045 Lycosthenes,
844 3961 1013 4027 Sabellicus
1038 3964 1162 4046 eclipsin
1187 3963 1268 4028 Solis
1291 3954 1483 4036 retulerunt,'
1503 3977 1579 4042 quas
1604 3964 1672 4020 erat
1697 3955 1821 4055 aclrpsra

468 4051 558 4114 Jovis
582 4072 600 4114 a
623 4051 710 4114 Luna
734 4054 825 4127 facta,
850 4061 929 4115 teste
953 4054 1109 4129 Aunonio,
1133 4054 1255 4128 Adone,
1270 4051 1449 4133 ι80010000,
1475 4047 1644 4112 Annalibus
1667 4045 1821 4107 Francicus

468 4143 594 4225 ipsoque
618 4142 695 4203 adeo
718 4143 853 4218 calculo;
882 4161 978 4224 exque
994 4149 1053 4218 ‘eo,
1087 4144 1165 4224 quod
1188 4141 1337 4225 Turpidus
1367 4141 1500 4203 fabulam
1521 4135 1661 4201 retulerit
1683 4132 1742 4197 diei
1765 4128 1821 4192 snb

470 4230 582 4295 Carolo
605 4230 717 4307 Magno
740 4231 771 4293 in
795 4231 924 4295 triduum
956 4232 1170 4312 prolongatae,
1203 4231 1280 4294 hanc
1308 4229 1399 4294 etiam
1426 4229 1629 4292 narrationem
1646 4220 1821 4287 eorundem

467 4319 636 4384 Annalium
660 4322 750 4402 (qnos
773 4340 862 4383 veros
885 4320 977 4383 toties
1002 4321 1067 4401 jam
1097 4321 1352 4401 deprehenderat)
1375 4319 1413 4381 de
1434 4316 1583 4381 Mercurio
1607 4314 1636 4376 in
1660 4310 1732 4376 Sole
1755 4310 1822 4371 viso

468 4416 643 4489 suspectam
666 4409 791 4472 reddere
814 4410 929 4472 nititur.
1614 4403 1620 4417 ’

562 4496 754 4579 Respondes,
779 4499 972 4562 traditionem
993 4498 1072 4561 hanc
1095 4498 1132 4561 de
1146 4498 1296 4562 Mercurio
1319 4498 1348 4560 in
1368 4495 1598 4561 80100100οο0
1623 4492 1677 4555 niti
1700 4507 1822 4553 numero

471 4594 506 4650 et
528 4587 586 4649 lide
610 4604 711 4650 eornm
734 4598 897 4666 anctorum,
922 4588 971 4669 qui
994 4585 1219 4670 descripserunt
1241 4585 1323 4650 illam
1347 4606 1385 4649 ex
1404 4604 1462 4649 000
1486 4585 1586 4668 aliquo
1608 4582 1713 4666 primo.
1760 4577 1824 4642 Cur
1920 4629 1923 4637 .

470 4673 553 4740 euim
575 4673 722 4755 01000000
752 4679 860 4761 aliquis
883 4686 916 4741 et
937 4675 1052 4759 peritus
1083 4683 1291 4752 astronomus,
1325 4674 1375 4757 qni
1397 4676 1475 4739 bona
1498 4674 1556 4737 ilde
1578 4670 1718 4752 scripsit,
1747 4667 1822 4731 snb·
1874 4728 1878 4736 .

471 4766 660 4848 sequentinm
688 4768 880 4831 oscitantiam
904 4774 937 4830 et
959 4767 1192 4830 inconstantiam
1222 4772 1275 4829 aut
1306 4764 1436 4829 fabulosi
1459 4763 1581 4845 Turpini
1611 4759 1821 4825 credulitatem

470 4854 562 4919 luat?
585 4853 731 4935 Equidem
755 4875 792 4918 ex
811 4858 868 4919 hoc
891 4854 995 4920 ultimo
1018 4856 1120 4918 seculo
1142 4855 1306 4917 accersitos
1320 4854 1408 4917 video
1431 4852 1601 4916 triumviros
1625 4850 1702 4926 illos,
1727 4846 1821 4928 Poly-

472 4946 589 5020 dorum,
613 4942 805 5019 Sabellicnm,
824 4945 1057 5029 Lycosthenem,
1079 4951 1113 5006 nt
1131 4952 1164 5007 et
1177 4941 1405 5007 centuriatores
1427 4961 1481 5005 nec
1504 4941 1598 5004 multo
1623 4937 1822 5019 antiquiorem

471 5033 677 5107 vincentium,
701 5053 768 5096 cnm
791 5050 840 5097 res
863 5036 946 5098 facta
968 5042 1039 5097 ante
1061 5041 1130 5097 octo
1153 5033 1256 5114 secula
1283 5041 1430 5096 narretur.
1476 5028 1539 5095 Sed
1562 5048 1686 5102 causas,
1714 5025 1822 5108 quibua

472 5121 595 5203 decepti
618 5129 690 5185 sunt
711 5133 860 5199 auctores,
884 5123 995 5206 partim
1017 5122 1188 5206 disputator
1203 5121 1269 5204 ipse
1282 5121 1425 5204 explicat,
1450 5118 1671 5202 Lycosthenem
1694 5114 1819 5197 aPoly·

472 5214 570 5289 doro,
591 5209 772 5295 Polydorum
795 5212 1014 5278 0100000111οι
1044 5210 1211 5297 insignibus
1244 5212 1314 5282 anti
1344 5206 1420 5276 778.
1453 5209 1642 5288 0001001000,Ι
1655 5212 1691 5272 nt
1711 5219 1823 5276 tom
