4584 6192
1058 621 1140 687 ⁰⁸1³*
1156 621 1231 697 m
1753 620 1816 689 735

467 817 523 871 per
542 802 661 872 auguria
674 806 706 855 11
719 818 769 871 per
789 803 920 868 oracula,
942 803 1005 873 quid
1020 820 1063 856 me
1077 804 1178 866 iacere,
1201 804 1264 875 qnid
1279 802 1405 857 omittere
1419 809 1536 873 oportet.
1563 788 1679 862 11011111
1694 805 1818 876 equidem

467 881 547 935 vobis
568 882 689 953 gratiam
719 883 823 956 liabeo,
855 901 888 936 eo
909 885 979 953 qnod
1000 884 1060 953 ipse
1081 900 1188 955 quoqne
1217 879 1338 938 vestram
1358 883 1386 937 iu
1403 899 1446 938 me
1471 886 1588 959 cognovi
1608 885 1816 955 providentiam.

468 962 577 1042 Itaque
600 960 706 1022 iisdem
728 961 812 1035 Diis,
836 962 887 1043 qni
909 982 1054 1043 responsa
1077 962 1138 1028 iata
1165 962 1296 1038 dabant,
1328 981 1428 1024 earum
1452 982 1549 1026 rernm
1577 964 1815 1045 animaliumque,

466 1069 525 1132 per
537 1069 614 1131 qnae
629 1050 864 1129 significationes
878 1050 1017 1125 edebant,
1034 1058 1181 1131 'potestas
1196 1060 1228 1114 et
1242 1051 1367 1114 directio
1381 1051 1664 1116 transscribebatur.
1703 1050 1818 1117 Ooutra

467 1158 552 1212 vero,
575 1138 601 1199 si
625 1148 809 1220 patesceret,
843 1140 982 1201 animalis
1006 1148 1060 1202 aut
1081 1140 1124 1201 rei
1147 1141 1354 1219 portendentis
1385 1152 1499 1208 motum
1522 1149 1575 1203 aut
1598 1141 1817 1221 apparitionem

465 1248 518 1289 ex·
530 1230 768 1289 naturali'llnere
783 1248 884 1305 causa,
909 1230 953 1292 sic
971 1238 1005 1290 nt
1024 1229 1146 1291 abesset
1170 1230 1300 1309 suspicio
1323 1226 1558 1309 supernaturalis
1581 1232 1818 1309 gubernationis,

467 1317 559 1379 animi
584 1318 785 1380 sollicitudine
809 1318 906 1380 101111·
918 1318 1106 1399 adquietem
1126 1337 1194 1379 sese
1217 1318 1444 1398 componebant.
1484 1318 1551 1381 Nisi
1568 1320 1645 1382 iorte
1669 1321 1817 1383 naturalis

468 1407 577 1488 aliquis
606 1425 757 1469 connexus
790 1399 1074 1487 deprehenderetur
1093 1408 1173 1469 iuter
1204 1408 1321 1488 siguum
1349 1408 1578 1487 et-signatnm;
1612 1407 1659 1470 oui
1691 1408 1817 1472 arbitrio

468 1496 582 1558 liberae
616 1496 742 1575 alicujus
771 1507 802 1558 et
830 1497 952 1563 ratione,
978 1496 1091 1559 utentis
1124 1517 1234 1559 causae
1266 1515 1341 1576 opus
1370 1516 1428 1558 nou
1460 1505 1551 1559 esset.
1597 1496 1647 1559 Ex
1677 1498 1817 1576 neglectu

467 1585 657 1648 fundamenti
694 1586 781 1664 hujus
819 1594 892 1647 nata
924 1593 972 1647 est
1010 1606 1119 1666 magna
1151 1606 1223 1665 pars
1256 1586 1448 1666 astrologiae.
1505 1584 1580 1649 (lum
1611 1586 1688 1648 euim
1721 1587 1818 1650 multa

466 1674 616 1736 coelestia
647 1683 769 1736 ostenta
797 1675 885 1736 fidem
920 1675 1063 1737 iecissent
1085 1676 1123 1736 de
1146 1674 1213 1737 Diis
1240 1695 1294 1757 per
1321 1676 1397 1737 haec
1429 1692 1559 1753 superna
1591 1694 1655 1754 enm
1687 1676 1818 1739 hnmana

468 1769 561 1844 gente
583 1761 772 1844 loquentibus
784 1784 797 1824 :-
816 1774 978 1843 coeperunt
1001 1764 1132 1844 imperiti
1161 1765 1299 1846 quicquid
1322 1764 1350 1825 in
1369 1764 1458 1832 ¹coelo
1482 1763 1670 1843 contingeret
1694 1764 1817 1828 arbitrio

468 1854 601 1915 Deorum
626 1852 718 1914 libero
742 1852 960 1915 transscribere
980 1854 1067 1933 inque
1082 1872 1167 1915 omen
1192 1854 1331 1928 trahere;
1353 1853 1531 1933 praesertim
1554 1853 1579 1915 si
1605 1854 1740 1916 novitate
1765 1862 1818 1917 aut
1865 1887 1867 1896 ·

468 1942 595 2004 raritate
628 1942 724 2002 visum
757 1942 950 2004 vehementer·
986 1942 1179 2022 percelleret,
1217 1953 1251 2005 ut
1282 1942 1412 2023 eclipses
1444 1941 1603 2017 luminum,
1637 1961 1818 2023 congressus

469 2031 631 2093 multarum
662 2031 836 2105 stellarnm;
870 2031 967 2110 quisi
993 2032 1031 2091 ab
1055 2031 1139 2093 initio
1163 2032 1409 2112 perpendissent,
1444 2031 1505 2093 ista
1537 2031 1636 2093 omnia
1659 2041 1727 2093 rata
1750 2032 1817 2111 lege

467 2128 594 2183 naturae
619 2120 786 2194 circumire,
818 2129 889 2182 tunc
913 2116 1201 2182 111101111101111
1232 2122 1335 2182 harum
1363 2139 1460 2202 rernm
1493 2120 1666 2182 coelestium
1690 2141 1756 2184 curu
1779 2121 1818 2182 iis

467 2210 636 2285 eventibus,
662 2208 711 2289 qni
735 2210 819 2288 sequi
843 2210 951 2285 solent,
975 2210 1004 2270 in
1028 2219 1136 2271 natura
1160 2210 1367 2289 quaesissent,
1398 2219 1450 2272 ant
1465 2209 1499 2276 ,si
1522 2210 1656 2272 iuvenire
1679 2222 1737 2271 uon
1760 2229 1817 2289 po-

466 2298 608 2373 tuissent,
633 2298 661 2359 iu
687 2298 763 2360 hanc
787 2298 994 2360 credulitatem
1019 2317 1167 2377 nunqnam
1191 2299 1377 2361 incidissent
1419 2299 1481 2360 Ast
1502 2297 1552 2360 alii
1577 2299 1606 2360 iu
1630 2299 1718 2379 pejus
1740 2317 1813 2379 pro-
1860 2375 1863 2381 Ι

467 2389 622 2461 fecerunt,
653 2388 689 2448 de
713 2387 846 2449 stultitia
870 2386 898 2447 in
924 2387 1128 2467 impietatem:
1162 2407 1227 2449 cum
1251 2388 1329 2450 enim
1361 2388 1498 2449 viderent
1527 2388 1684 2450 stellarum
1716 2396 1816 2452 motus

467 2496 506 2538 ex
538 2476 668 2538 naturali
701 2477 883 2539 necessitate
916 2476 1101 2556 dependere,
1136 2486 1170 2538 nt
1199 2485 1300 2538 tamen
1331 2484 1364 2538 et
1393 2475 1541 2578 portentis
1570 2477 1625 2539 hos
1655 2495 1816 2541 accensere

465 2574 608 2650 possent,
639 2584 755 2627 rursum
778 2564 893 2636 dese'
869 2588 935 2629 ‚arro
958 2588 1086 2647 μνχανης
1108 2566 1352 2639 introduxerunt,
1385 2584 1443 2627 nou
1466 2565 1516 2646 qui
1539 2576 1638 2629 motus
1665 2567 1814 2629 coelorum

466 2656 565 2718 libere
595 2655 817 2717 conformarent
839 2656 877 2716 ad
911 2655 1135 2734 significandum
1168 2655 1253 2716 nobis
1283 2675 1335 2735 per
1365 2656 1450 2728 illos,
1480 2655 1535 2716 sed
1566 2655 1616 2736 qui
1648 2645 1815 2738 exemplari

466 2752 602 2806 motuum
635 2744 809 2807 coelestium
845 2753 1000 2806 uterentur
1040 2744 1069 2806 in
1106 2745 1328 2806 conformandis
1369 2752 1400 2805 et
1439 2742 1684 2807 administrandis
1722 2743 1815 2808 rebus

466 2834 615 2896 lrnmanis.
651 2833 729 2895 Hinc
745 2842 816 2894 sunt
830 2833 884 2895 illa
906 2833 1063 2914 spirituum
1087 2834 1243 2894 astralium
1259 2835 1354 2895 mnlta
1375 2833 1488 2907 millia,
1511 2833 1612 2894 verius
1628 2833 1814 2898 diabolorum

467 2923 659 2985 infernalium
684 2921 830 3001 legiones,
855 2922 961 3004 qnibns
985 2923 1164 2986 execrabilis
1187 2922 1248 2983 ista
1270 2923 1385 3003 magia,
1419 2922 1496 2983 falso
1519 2922 1637 2984 nomine
1661 2922 1813 2993 coelestis,

461 3014 558 3073 ¹docet
581 3012 734 3074 immolare
759 3021 842 3073 certa
865 3011 1020 3084 sacrificia,
1046 3011 1169 3071 fundere
1184 3020 1283 3072 certas
1302 3030 1417 3092 preces,
1441 3010 1593 3073 celebrare
1617 3020 1702 3076 certa
1725 3014 1814 3087 festa,

466 3120 524 3182 per
556 3101 685 3163 diest
653 3110 685 3163 et
716 3101 806 3162 horas
838 3102 1026 3180 planetarum
1058 3101 1222 3162 accendere
1259 3119 1380 3174 cereos,
1417 3100 1540 3162 induere
1572 3108 1674 3164 vestes
1707 3100 1815 3164 coloris

466 3190 663 3271 appropriati.
697 3179 847 3254 Nimirum
871 3191 927 3251 hac
951 3190 1067 3251 demum
1091 3189 1207 3252 ratione
1231 3190 1461 3271 cooperantibus
1484 3188 1601 3252 scilicet
1623 3189 1816 3253 daemonibus

465 3280 661 3341 verificantur
684 3280 736 3340 illa
764 3280 943 3340 stultissima
966 3288 997 3340 et
1020 3278 1146 3340 ridicula
1174 3279 1392 3356 astrologorum
1423 3279 1545 3340 decreta
1566 3279 1605 3340 de
1627 3280 1815 3361 planetarum

466 3368 606 3431 domibus
630 3377 662 3430 et
684 3368 945 3430 dominationibus.
992 3367 1062 3429 Jarn
1087 3368 1204 3429 demum
1227 3370 1350 3447 expedit
1372 3360 1560 3447 resipiscere.
1605 3369 1673 3431 Non
1698 3369 1817 3430 inerunt
1934 3364 1936 3367 ⁴

467 3458 547 3520 adeo
570 3456 698 3537 imperiti
721 3456 807 3536 primi
839 3458 942 3518 harum
966 3475 1108 3536 nugarum
1137 3458 1328 3531 inventores,
1360 3466 1393 3520 nt
1416 3477 1468 3519 eos
1491 3475 1583 3535 snpra
1597 3457 1815 3518 incusavimus

465 3547 613 3611 Addebat
635 3546 819 3608 intellectum
843 3546 1003 3626 impietas3
1027 3556 1061 3607 at
1079 3566 1132 3607 vos
1152 3548 1309 3610 admodum
1329 3547 1422 3625 pueri,
1447 3547 1624 3625 eastrologi
1638 3544 1814 3618 Christiani,
1860 3591 1864 3598 .

466 3635 521 3717 qni
546 3636 650 3696 nucleo
682 3635 773 3695 misso
806 3635 937 3697 haeretis
961 3636 990 3697 iu
1019 3636 1189 3714 putamine,
1227 3636 1276 3716 qni
1306 3637 1436 3697 cadaver
1468 3634 1683 3714 amplectimini
1715 3634 1817 3698 anima

467 3724 634 3797 eliminata,
661 3724 710 3804 qui
734 3725 928 3803 astrologiam
952 3726 1028 3785 hanc
1051 3726 1177 3787 stultam
1191 3726 1419 3803 etnugatricem
1455 3742 1530 3802 qnae
1548 3724 1684 3785 domibus
1708 3724 1814 3804 plane·

466 3826 568 3877 tarum
591 3813 695 3883 utitur,
719 3815 867 3875 exercetis
891 3815 954 3875 sine
975 3814 1085 3892 magia
1114 3807 1193 3892 ,Eja
1215 3813 1372 3890 pelliceam
1398 3772 1525 3888 abluite,
1549 3820 1582 3876 nt
1599 3826 1641 3875 ‘ne
1664 3813 1816 3874 humorem

467 3916 571 3966 tamen
596 3903 649 3965 illa
670 3902 764 3965 bibat.

560 4010 717 4090 Apparere
740 4016 829 4089 puto,
860 4013 923 4071 tum
953 4009 1070 4070 demum
1101 4009 1199 4070 locum
1222 4027 1289 4076 esse
1312 4005 1597 4087 conjectationibus,
1627 4006 1678 4069 ubi
1700 4007 1816 4070 cousti-

467 4099 554 4173 terit,
577 4108 715 4160 naturam
739 4099 869 4179 aliquam
892 4098 1112 4178 intelligentem
1132 4116 1187 4178 per
1208 4097 1283 4158 haec
1306 4096 1407 4177 signa,
1436 4099 1467 4161 in
1490 4115 1567 4177 qnae
1588 4115 1673 4159 mens
1696 4096 1816 4177 conjec-

465 4188 547 4253 toris
561 4188 678 4250 intenta
694 4197 750 4262 est,
773 4183 927 4250 uobiscum
943 4188 1024 4268 loqui
1040 4185 1132 4261 velle,
1147 4187 1233 4266 cujus
1248 4187 1367 4268 quidem
1380 4188 1507 4251 arbitrio
1522 4194 1553 4247 et
1566 4185 1714 4268 potestati
1728 4186 1816 4265 signe

467 4279 526 4342 illa
558 4278 693 4339 subiecta
725 4278 794 4338 sint.
849 4277 913 4340 sic·
929 4287 1024 4358 Deus
1036 4287 1185 4352 Pharaoni
1201 4303 1272 4372 qnae
1286 4288 1409 4342 11111111
1423 4295 1493 4352 erat,
1508 4284 1629 4342 ostendit
1642 4287 1670 4341 in
1683 4285 1795 4352 somnies,
1800 4285 1831 4347 ⁸⁴„

469 4362 696 4431 (111411
730 4364 782 4429 25.
838 4366 890 4429 Sic
921 4366 1217 4429 Nabuchodonosoro
1242 4361 1372 4432 indicarit
1400 4366 1429 4428 in
1453 4365 1579 4439 somnio,
1608 4391 1678 4446 qnae
1698 4380 1817 4435 rentnra

470 4449 597 4524 esseut
589 4484 616 4520 11
640 4463 792 4521 novissimis
814 4466 989 4537 temporibus.
1029 4457 1107 4519 Dan.
1139 4453 1170 4517 2.
1202 4475 1231 4516 v.
1263 4452 1315 4519 28.
1362 4456 1414 4519 Sic
1443 4455 1573 4544 loquitur
1603 4454 1719 4516 adhuc
1726 4452 1816 4534 hodie

468 4546 627 4610 nobiscum
650 4564 703 4625 per
726 4567 827 4608 areum
849 4545 923 4607 irdis
946 4553 1104 4649 certosque
1126 4545 1241 4621 reddit,
1264 4564 1323 4606 nou
1344 4546 1507 4626 periturum
1537 4562 1632 4625 genus
1655 4523 1816 4605 humanum
1908 4592 1911 4598 .

470 4634 600 4698 diluvio:
626 4633 703 4697 Gen.
728 4631 757 4698 9.
805 4636 857 4698 Sic
887 4635 1009 4697 exhibet
1036 4635 1122 4716 signa
1150 4634 1180 4696 in
1203 4635 1275 4698 Sole
1305 4642 1336 4696 et
1358 4636 1458 4711 Luna,
1489 4633 1605 4709 stellis,
1636 4640 1668 4694 et
1688 4631 1816 4693 virtutes

472 4724 625 4787 coelorum
645 4732 755 4799 movet,
778 4733 867 4787 111
834 4724 1010 4786 attollamus
1032 4724 1142 4805 capita
1155 4732 1260 4785 nostra
1282 4732 1314 4785 et
1328 4722 1489 4786 videamus
1510 4742 1579 4787 unm
1597 4720 1816 4812 appropinquet
1884 4762 1888 4778 .

471 4812 620 4877 redemtio
643 4822 755 4876 101111.
803 4806 954 4915 Quorsum
974 4813 1126 4893 pertinent
1147 4820 1180 4873 et
1202 4814 1297 4874 omnis
1320 4813 1439 4892 generis
1454 4820 1606 4894 portenta,
1628 4817 1765 4873 monstra
1784 4816 1816 4871 et
1873 4812 1875 4817 '

472 4900 656 4964 divinitus
648 4902 782 4964 immissa
811 4902 941 4977 somnia,
974 4901 1113 4984 quicquid
1142 4900 1247 4963 horum
1275 4902 1443 4965 homiuibus
1472 4891 1551 4965 ultro
1584 4902 1723 4976 offertur,
1754 4919 1814 4962 non

473 4992 652 5074 quaesitum,
675 4992 718 5053 nti
743 4991 861 5095 quidem
883 4991 1037 5072 procurari
1056 4992 1117 5053 ista
1134 5011 1193 5052 non
1211 5000 1354 5072 possunt3
1379 4992 1409 5053 id
1432 4992 1597 5054 censuerim
1607 5010 1670 5052 nou
1686 4988 1814 5052 absurde

472 5082 523 5143 vel
546 5081 643 5144 Deo
635 5080 693 5161 rpsi
717 5080 765 5142 vel
788 5080 934 5142 ministris
957 5081 1073 5160 augelis
1095 5075 1143 5141 vel
1166 5080 1255 5142 alicui
1278 5081 1410 5162 spiritui,
1440 5082 1494 5163 qni
1512 5078 1681 5160 110111111111
1704 5086 1736 5146 et
1756 5078 1814 5142 toti

472 5170 584 5235 mundo
607 5170 735 5251 quadam
758 5177 882 5242 naturae
906 5171 972 5251 lege
995 5188 1146 5233 connexus
1169 5169 1314 5234 instinctu
1334 5171 1449 5250 magis,
1473 5188 1567 5254 qnam.
1583 5168 1814 5232 ratiocinatione
