4584 6192
990 571 1073 636 capus
1090 569 1135 622 111.
1156 566 1180 621 a.
1376 627 1378 633 ,
1707 571 1769 639 173

494 745 688 811 Producatur
720 746 799 809 enim
823 748 874 810 ES
907 749 1002 811 donec
1035 757 1120 811 secet
1147 749 1223 821 DL,
1260 758 1345 811 secet
1377 747 1405 811 in
1435 750 1461 811 T
1489 715 1522 812 ιι
1551 758 1770 814 connectantur

408 845 521 917 puncta
544 838 580 910 T,
607 835 648 911 G,
682 836 780 916 sitque
813 838 896 898 locus
926 838 1068 918 imaginis
1096 839 1125 899 in
1152 839 1177 898 T
1187 857 1196 911 ;
1227 838 1416 900 continuetur
1449 839 1540 901 etiam
1571 838 1639 915 (ΞΟ,
1674 841 1769 903 donec

323 981 329 992 .
406 933 491 988 secet
511 926 571 987 DL
595 925 625 986 in
650 924 691 986 V.
737 926 909 1005 Ejiciantur
941 927 1032 988 etiam
1061 947 1098 988 ex
1127 928 1153 987 L
1185 936 1288 988 centro
1318 947 1372 1007 per
1396 928 1436 1002 E,
1463 926 1492 988 G
1524 935 1637 1007 puncta
1666 937 1768 992 rectae

408 1015 614 1095 eliquansque,
639 1022 750 1094 postea
773 1014 831 1094 ipsi
854 1014 906 1076 TE
931 1024 1040 1094 agatur
1062 1017 1228 1094 parallelus
1252 1035 1289 1076 ex
1313 1016 1341 1078 D
1365 1017 1395 1078 in
1411 1016 1475 1088 LE,
1499 1037 1607 1078 secans
1631 1018 1715 1081 illam
1736 1016 1767 1079 in

407 1104 447 1165 X.
493 1102 547 1165 Sic
570 1103 630 1182 ipsi
654 1101 711 1163 TG
735 1104 899 1182 parallelus
923 1114 1032 1183 agatur
1056 1124 1093 1165 ex
1115 1104 1153 1178 D,
1179 1124 1287 1166 secans
1311 1104 1370 1166 LG
1394 1106 1424 1166 iu
1444 1105 1483 1166 Y.
1522 1105 1557 1167 Si
1580 1124 1651 1184 ergo
1671 1106 1697 1166 Τ
1719 1112 1769 1169 est

408 1193 490 1255 locus
512 1192 666 1271 imaginis,
691 1193 842 1271 oportebit
866 1211 924 1254 uon
947 1200 1065 1255 tautum
1088 1193 1174 1253 DET
1198 1194 1337 1272 angulum
1362 1194 1503 1255 bifariam
1528 1196 1624 1256 secari
1649 1195 1687 1256 ab
1710 1193 1769 1256 ΕΚ

407 1289 553 1360 tangente
577 1281 720 1342 circulum
744 1281 773 1341 in
798 1280 835 1354 E,
859 1283 913 1343 sed
938 1283 1029 1343 etiam
1053 1282 1133 1343 idem
1158 1283 1221 1344 fieri
1245 1282 1302 1361 ipsi
1326 1280 1415 1343 DGT
1436 1302 1490 1361 per
1505 1281 1566 1344 GV
1591 1292 1768 1362 tangentem

408 1371 550 1433 circulum
573 1371 603 1431 in
629 1367 667 1444 G,
693 1390 728 1430 eo
753 1371 831 1448 quod
855 1380 979 1449 uterque
1004 1381 1034 1432 et
1048 1371 1135 1431 DEK
1156 1380 1187 1431 et
1201 1371 1286 1431 KET
1310 1370 1444 1450 aequalis
1469 1379 1518 1432 est
1541 1374 1650 1451 angulo
1671 1369 1765 1448 CEO,

408 1460 480 1520 item
503 1467 630 1538 uterque
654 1466 685 1519 et
707 1457 798 1519 DGV
816 1468 847 1519 et
862 1458 951 1520 VGT
974 1461 1109 1540 aequalis
1134 1460 1183 1520 nni
1207 1460 1297 1521 tertio
1318 1458 1420 1521 HGA.
1460 1458 1536 1522 Cum
1559 1461 1651 1539 igitur
1667 1461 1766 1533 XEK,

409 1549 492 1609 KEL
523 1548 587 1608 sint
619 1547 711 1608 etiam
744 1549 905 1626 aequales,
940 1550 1053 1610 ablatis
1082 1549 1257 1629 aequalibus
1290 1557 1378 1610 erunt
1408 1548 1520 1611 residui
1551 1548 1655 1623 XED,
1686 1549 1768 1611 TEL

409 1637 563 1717 aequales.
611 1635 672 1698 Sed
696 1638 839 1716 aequales
858 1637 949 1709 TEL,
970 1637 1066 1711 DXE,
1092 1638 1162 1717 quia
1177 1637 1246 1712 DX,
1267 1637 1319 1697 TE
1342 1638 1502 1715 paralleli:
1526 1655 1598 1716 ergo
1622 1639 1766 1718 aequales

411 1726 506 1799 DXE,
532 1724 635 1798 DEX,
668 1744 758 1805 qnare
790 1734 821 1786 et
850 1726 919 1800 DX,
944 1725 1009 1799 DE,
1042 1727 1217 1806 aequalibus
1250 1727 1392 1805 oppositi.
1441 1728 1473 1787 ln
1498 1726 1660 1805 triangulis
1693 1744 1766 1806 ergo

409 1815 497 1875 DLX
519 1822 552 1874 et
575 1813 655 1874 TLE
689 1815 785 1875 latera
810 1814 861 1886 (E.
888 1816 943 1885 Vl,
967 1813 1004 1887 4)
1029 1825 1098 1876 sunt
1130 1815 1377 1894 proportionalia.
1425 1813 1527 1885 Quare
1556 1819 1592 1876 ut
1611 1814 1681 1888 DX,
1707 1815 1765 1876 hoc

408 1911 456 1964 est
477 1902 534 1963 DE
559 1903 598 1963 ad
621 1902 683 1976 ΕΤ,
709 1902 751 1964 sic
775 1903 832 1964 DL
856 1904 894 1963 ad
919 1904 981 1965 LT.
1027 1904 1072 1964 At
1096 1905 1147 1976 (E.
1173 1904 1228 1977 Vl,
1253 1899 1289 1976 3)
1318 1912 1367 1965 est
1397 1905 1489 1965 etiam
1512 1911 1546 1966 ut
1568 1904 1624 1966 DE
1650 1905 1689 1965 ad
1711 1903 1767 1965 ΕΤ

410 1993 453 2054 sic
476 1991 536 2052 DK
560 1991 599 2074 ad
621 1992 692 2065 ΚΤ,
722 2009 793 2070 ergo
818 2000 851 2052 ut
874 1992 930 2053 DL
959 1992 996 2052 ad
1021 1993 1088 2065 LT,
1112 1994 1156 2054 sic
1180 1991 1239 2053 DK
1263 1992 1301 2053 ad
1325 1993 1391 2054 ΚΤ.
1437 1993 1552 2054 Eodem
1577 2012 1648 2054 vero
1671 2000 1763 2072 pacto

410 2079 673 2154 demonstrabitur,
699 2079 789 2141 YDG
814 2080 1031 2160 aequicrumm,
1056 2089 1087 2141 et
1110 2090 1144 2142 ut
1167 2079 1235 2156 DY,
1261 2081 1316 2142 hoo
1341 2090 1388 2143 est
1411 2080 1471 2142 DG
1495 2082 1534 2142 ad
1561 2080 1618 2143 GT
1641 2081 1685 2142 sic
1706 2081 1764 2143 DL

410 2170 447 2230 ad
471 2169 535 2230 LT.
581 2169 624 2230 Et
647 2168 716 2247 qnia
740 2189 777 2229 ex
800 2169 959 2248 hypothesi
983 2169 1088 2242 DGV,
1115 2168 1204 2230 VGT
1228 2170 1385 2249 aequales,
1412 2171 1470 2231 erit
1492 2178 1526 2231 ut
1549 2168 1610 2232 DG
1634 2170 1673 2231 ad
1698 2168 1765 2244 GT,

410 2258 453 2319 sic
475 2258 537 2318 DV
560 2259 599 2319 ad
624 2258 689 2318 VT.
737 2258 819 2336 Ergo
851 2267 885 2318 ut
908 2259 964 2319 DL
993 2259 1031 2318 ad
1062 2259 1116 2318 LT
1155 2258 1197 2320 sic
1221 2259 1281 2319 DV
1314 2259 1359 2319 ad.
1378 2259 1443 2320 VT.
1490 2259 1578 2320 Prius
1608 2266 1767 2321 autemut

409 2347 465 2408 DL
487 2346 527 2407 ad
546 2347 608 2419 LT,
634 2346 677 2407 sic
696 2346 755 2407 DK
778 2348 817 2407 ad
836 2348 901 2421 KT,
927 2366 997 2426 ergo
1022 2356 1055 2408 ut
1073 2347 1133 2408 DK
1157 2348 1195 2408 ad
1211 2348 1266 2407 ΚΤ
1289 2347 1333 2409 sic
1347 2347 1416 2421 DV,
1439 2346 1497 2408 VT
1516 2355 1548 2408 et
1569 2346 1764 2428 permutatim

409 2444 443 2497 ut
464 2434 525 2496 DK
547 2435 644 2513 major
667 2437 705 2496 ad
728 2436 787 2496 DV
811 2435 962 2510 minorem,
989 2436 1031 2497 sic
1053 2438 1110 2497 KT
1132 2437 1229 2498 minor
1253 2437 1290 2496 ad
1311 2437 1368 2496 VT
1391 2436 1546 2515 majorem,
1571 2438 1650 2516 quod
1673 2437 1764 2516 plane

409 2532 457 2585 est
485 2517 660 2585 absurdum.
707 2526 831 2585 Falsum
860 2534 909 2585 est
941 2525 1058 2604 itaque,
1093 2526 1171 2604 quod
1198 2524 1364 2605 pyramidis
1395 2525 1523 2587 visoriae
1548 2523 1646 2599 CSH,
1679 2524 1764 2603 cujus

410 2613 491 2674 basis
518 2611 574 2673 CH
598 2614 627 2673 in
652 2613 726 2687 risu,
752 2623 858 2674 vertex
882 2613 915 2685 S,
940 2615 980 2675 sit
1005 2615 1033 2675 in
1058 2615 1297 2694 perpendiculari
1313 2614 1369 2674 DL
1394 2623 1446 2675 aut
1470 2633 1563 2695 usque
1587 2615 1626 2675 ad
1646 2615 1671 2674 T
1693 2631 1765 2694 per-

409 2702 518 2781 tingat,
545 2702 624 2781 quod
647 2702 728 2780 prius
751 2720 946 2781 posueramus
971 2713 1063 2763 etex
1087 2722 1143 2783 qno
1169 2703 1223 2764 hoc
1248 2703 1408 2764 absurdum
1434 2703 1490 2764 fuit
1512 2712 1659 2765 secutum.
1698 2703 1765 2764 Hoc

408 2792 509 2871 itaque
525 2790 562 2850 de
587 2791 723 2851 omnibus
747 2792 990 2853 inclinationibus
1014 2811 1114 2853 verum
1130 2799 1187 2866 est,
1213 2811 1287 2872 quae
1303 2800 1374 2853 suut
1388 2792 1466 2853 inter
1488 2791 1764 2871 perpendicularem

409 2889 440 2941 et
470 2879 697 2942 horizontalem.
753 2880 799 2940 At
831 2881 1088 2959 perpendicularis
1120 2880 1188 2961 ipsa
1220 2881 1349 2942 radiatio
1383 2881 1421 2940 ad
1456 2881 1553 2942 visum
1586 2900 1765 2960 repercussa

408 2978 509 3029 movet
541 2968 634 3041 illum,
660 2976 694 3029 ut
715 2976 801 3047 putet
834 2969 993 3048 imaginem
1024 2970 1146 3031 esseio
1179 2969 1431 3049 perpendiculari,
1465 2969 1661 3031 horizontalis
1694 2987 1766 3030 vero

409 3056 570 3136 imaginem
594 3077 613 3116 a
636 3057 875 3135 perpendiculari
891 3059 947 3119 DL
970 3060 1066 3138 magis
1090 3059 1245 3139 magisque
1270 3058 1411 3119 admovet
1432 3059 1553 3137 punctis
1567 3059 1605 3130 E,
1621 3056 1660 3132 G,
1686 3058 1765 3119 adeo

408 3158 440 3207 ut
462 3147 551 3207 detur
575 3146 666 3214 situs,
691 3146 739 3207 ubi
765 3166 802 3206 ex
825 3146 957 3208 inferiori
982 3150 1066 3210 oculo
1095 3150 1175 3209 linea
1198 3146 1259 3209 HG
1287 3166 1341 3225 per
1365 3145 1394 3208 G
1423 3155 1564 3227 punctum
1593 3145 1765 3209 reflexionis
1810 3153 1820 3172 ·

408 3235 585 3295 continuata
607 3236 689 3314 prius
713 3235 820 3297 iterum
844 3244 928 3298 secet
951 3237 1223 3298 circumferentiam
1249 3235 1315 3310 GE,
1341 3255 1429 3317 quam
1453 3256 1521 3298 cum
1544 3237 1624 3298 linea
1648 3233 1701 3297 ΟΕ
1726 3235 1764 3298 ab
1834 3317 1839 3325 ί

409 3325 504 3385 altero
528 3324 615 3384 oculo
639 3325 678 3384 ad
703 3324 828 3385 alterum
853 3324 1023 3387 reflexionis
1046 3334 1189 3406 punctum
1213 3326 1304 3387 ducta
1327 3335 1495 3389 concurrat.

494 3411 544 3474 Ex
567 3411 614 3473 bis
639 3412 730 3491 igitur
757 3423 897 3493 apparet,
931 3433 988 3475 non
1014 3435 1082 3476 esse
1115 3414 1327 3477 universaliter
1349 3433 1463 3490 verum,
1498 3415 1593 3476 locum
1624 3412 1765 3495 imaginis

409 3521 476 3562 esse
499 3502 531 3562 in
554 3501 813 3581 perpendiculari,
848 3504 905 3564 nisi
929 3511 960 3564 et
984 3504 1058 3565 haec
1091 3504 1231 3565 limitatio
1265 3504 1409 3577 accedat,
1444 3513 1478 3566 ut
1508 3503 1590 3565 visus
1623 3511 1764 3583 respectu

409 3589 521 3670 speculi
546 3591 709 3652 collocetur
733 3591 785 3663 ita,
810 3601 842 3653 ut
867 3601 975 3653 natura
999 3601 1157 3654 monstrat.

498 3678 534 3739 In
558 3680 699 3741 concavis
724 3680 803 3741 idem
826 3681 1050 3743 demonstratur
1064 3682 1093 3743 in
1118 3682 1310 3744 contrarium.
1348 3682 1427 3744 Nam
1449 3681 1664 3743 contrariorum
1685 3679 1784 3741 idem·

409 3777 456 3829 est
474 3768 641 3847 judicium,
656 3769 766 3831 ceteris
790 3770 924 3848 paribus.

494 3856 555 3919 Est
579 3867 697 3930 autern,
727 3868 759 3920 ut
783 3859 838 3920 boc
863 3860 955 3920 etiam
985 3860 1107 3932 addam,
1144 3860 1282 3939 quicquid
1314 3858 1403 3938 hujus
1435 3856 1523 3918 unico
1547 3857 1633 3919 oculo
1666 3855 1764 3920 uotam

409 3953 525 4024 potest,
561 3956 615 4007 aut
638 3947 826 4022 insensibile,
860 3967 926 4009 curn
951 3968 1038 4010 arcus
1062 3948 1164 4009 circuli
1197 3967 1425 4027 repercussuum
1454 3945 1594 4025 angulum
1622 3944 1773 4007 visoriumv

408 4035 529 4096 rarians
554 4055 674 4115 semper
689 4036 729 4098 sit
752 4037 929 4117 minoripsa
951 4037 1066 4117 pupilla
1089 4037 1167 4098 oculi
1191 4038 1317 4117 ideoque
1338 4046 1368 4097 et
1391 4054 1586 4115 repercussus
1608 4035 1764 4116 utriusque

408 4142 549 4204 perquam
573 4125 674 4186 tenuis
699 4126 886 4188 differentia:
912 4135 964 4187 aut
988 4126 1014 4188 si
1039 4125 1101 4187 bini
1125 4127 1203 4188 oculi
1235 4126 1357 4205 speculo
1382 4134 1500 4187 tantum
1524 4124 1766 4204 appropinquent

408 4222 583 4296 tantumque
607 4214 799 4289 inclinentur,
836 4228 1013 4294 utmagnus
1037 4215 1145 4296 aliquis
1169 4234 1257 4278 arcus
1280 4216 1359 4276 inter
1391 4224 1505 4293 puncta
1536 4232 1764 4292 repercussuum

408 4301 596 4382 interjaceat,
623 4304 706 4367 visus
729 4305 891 4383 impeditur
906 4313 939 4365 ut
962 4305 1045 4382 prius
1069 4304 1193 4380 dictum,
1218 4312 1250 4367 et
1274 4303 1404 4365 laeditur
1423 4303 1460 4364 ob
1483 4302 1638 4365 turbatam
1663 4303 1764 4365 amum

406 4392 561 4472 utriusque
586 4393 663 4454 oculi
688 4402 719 4454 et
743 4394 1005 4472 coangustationis
1029 4393 1186 4456 foraminis
1209 4412 1303 4471 uveae
1327 4392 1562 4472 proportionem.

494 4481 667 4561 Propositio
690 4482 779 4544 XIX.
817 4483 1093 4544 Dernoustrandum
1112 4482 1178 4561 jam
1199 4490 1248 4544 est
1266 4482 1346 4542 idem
1366 4482 1457 4542 etiam
1478 4481 1509 4541 in
1533 4479 1765 4543 refractionibns

372 4571 376 4576 ’
405 4569 480 4642 fieri,
503 4572 581 4653 quod
606 4572 725 4652 quidem
749 4573 936 4652 experientia
960 4572 1205 4633 manifestissime
1224 4579 1365 4643 testatur,
1391 4579 1426 4631 ut
1449 4569 1594 4631 ambobus
1618 4568 1713 4630 oculis
1734 4567 1763 4629 in

404 4660 513 4722 eadem
545 4661 736 4722 refractionis
761 4662 915 4740 superficie
948 4659 1138 4723 versantibus
1167 4668 1199 4721 et
1231 4660 1320 4721 valde
1343 4678 1381 4720 ex
1415 4658 1534 4738 obliquo
1567 4656 1763 4730 intuentibus,

405 4749 505 4829 imago
521 4768 538 4809 e
553 4749 792 4829 perpendiculari
813 4750 941 4811 excedat
959 4758 991 4811 et
1010 4750 1104 4811 oculis
1129 4748 1368 4830 appropinquet:
1393 4747 1541 4828 siquidem
1562 4754 1594 4808 et
1613 4745 1765 4808 oculorum

403 4838 601 4901 interstitium
616 4847 667 4900 sat
689 4840 854 4920 propinque
878 4840 1083 4912 admoveatur,
1109 4838 1155 4900 ita
1169 4845 1202 4899 ut
1219 4839 1299 4899 inter
1321 4836 1519 4900 refractiones
1543 4836 1582 4896 ad
1606 4844 1763 4915 utrumque

404 4928 523 4989 oculum
548 4927 701 4989 sensibilis
725 4928 896 4990 differentia
919 4928 1097 4989 intercedat.

496 5015 646 5079 Circulum
667 5016 783 5078 EDAB
807 5025 891 5079 secet
915 5025 1000 5078 recta
1022 5017 1078 5078 AB
1103 5016 1133 5077 in
1162 5015 1281 5096 punctis
1303 5013 1343 5087 A,
1366 5015 1403 5089 B,
1428 5032 1504 5094 quae
1529 5019 1674 5074 connecte
1697 5028 1765 5074 cum

402 5108 434 5170 D
461 5113 497 5167 et
518 5105 560 5181 E,
597 5105 820 5188 quibuscunque
856 5105 1114 5170 circumferentiae
1150 5105 1270 5186 punctis
1302 5123 1341 5166 ex
1373 5120 1430 5167 uno
1463 5102 1561 5166 latere
1596 5100 1764 5166 stantibus.
