4584 6192
549 568 615 637 300
1045 574 1215 622 assensuros
1233 573 1294 622 esa
1313 572 1413 637 opas..

550 748 702 828 ginatione
727 748 920 822 duceremus,
946 769 1021 827 quae
1045 758 1077 809 ut
1102 748 1203 811 Solem
1227 751 1261 828 βγ
1284 750 1550 829 comprehendant,
1575 747 1678 810 Solem
1701 748 1789 826 longe
1813 746 1908 808 altius

549 857 569 899 a
591 842 608 898 1
631 836 730 898 attolli
750 854 874 898 necesse
893 838 959 898 erit.
993 839 1173 916 Hujusmodi
1188 838 1339 918 quippiam
1362 838 1516 917 objicienti
1539 847 1711 899 astronomo
1727 836 1802 897 illud
1819 854 1910 896 unum

548 926 737 1005 respondeo:
761 944 832 987 vere
857 925 973 1005 quidem
999 927 1079 987 illurn
1105 926 1318 1007 argumentari,
1343 928 1396 987 sed
1419 929 1500 989 ultra
1523 925 1736 987 sensibilitatis
1750 924 1907 985 terminos.

548 1012 628 1077 Nam
653 1033 691 1075 ex
714 1032 780 1093 cap.
806 1014 864 1083 lV,
897 1014 970 1077 Nro.
996 1012 1025 1078 6.
1055 1033 1139 1095 prop.
1170 1016 1219 1076 11.
1244 1024 1389 1094 apparet,
1422 1017 1502 1077 aeris
1534 1016 1724 1076 altitudinem
1756 1014 1808 1074 vix
1841 1031 1911 1074 esse

529 1101 666 1176 ¹dimidii
694 1103 848 1170 1111111111,
880 1104 998 1164 etiamsi
1031 1104 1196 1166 horizontis
1229 1105 1372 1166 rel'ractio
1404 1107 1494 1185 plane
1519 1101 1647 1169 31111.
1695 1102 1812 1164 Talium
1837 1120 1910 1163 vero

548 1191 661 1253 Terrae
692 1191 914 1253 semidiameter
944 1192 1036 1254 habet
1070 1189 1144 1256 860.
1202 1191 1303 1263 Quare
1337 1194 1406 1255 dum
1440 1194 1520 1256 mille
1552 1194 1763 1272 septingentas
1795 1191 1909 1252 Terrae

548 1280 790 1341 semidiametros
815 1289 1030 1358 computamus,
1054 1281 1215 1343 unanobis
1240 1284 1326 1343 deest
1340 1282 1378 1343 ob
1403 1283 1591 1344 altitudinem
1609 1282 1698 1343 aeris.
1737 1281 1782 1341 At
1805 1287 1911 1359 potest

549 1363 910 1432 1160101111111101111
941 1371 1026 1431 nobis
1050 1389 1110 1432 una
1138 1372 1262 1444 deesse,
1292 1380 1451 1451 postquam
1480 1390 1595 1433 ornnem
1626 1370 1808 1431 observandi
1833 1368 1909 1429 sub·

548 1453 691 1518 tilitatem
715 1457 948 1520 adhibuerimus.
988 1457 1089 1529 Quare
1105 1479 1164 1521 nou
1184 1467 1232 1521 est
1246 1460 1321 1521 haec
1336 1461 1481 1522 minutula
1504 1458 1684 1522 incertitudo
1706 1457 1911 1538 comparanda

546 1561 613 1607 01111
637 1545 715 1620 aliis,
741 1545 846 1625 quibus
871 1549 1042 1611 necessario
1066 1549 1103 1609 ob
1128 1568 1238 1611 causas
1262 1550 1340 1610 alias
1364 1550 1551 1611 astronomia
1574 1549 1702 1611 laborat.

880 1713 908 1778 3.
955 1717 1007 1777 De
1036 1718 1168 1778 rubore
1192 1719 1315 1779 Lunae
1345 1717 1573 1780 deficientis.

637 1854 684 1917 Ne
709 1876 781 1917 vero
806 1857 961 1935 quisquam
986 1858 1022 1918 de
1047 1877 1082 1917 eo
1108 1859 1185 1938 quod
1210 1858 1319 1919 dictum
1345 1869 1392 1920 est
1415 1859 1555 1931 haesitet,
1580 1877 1648 1919 esse
1672 1856 1788 1918 Lunam
1812 1854 1907 1915 radiis

548 1939 631 2006 Solis
664 1963 718 2023 per
751 1952 850 2006 aerem
882 1944 1024 2007 admissis
1055 1954 1086 2008 et
1117 1947 1257 2007 refractis
1290 1947 1451 2009 etiamnum
1483 1947 1680 2013 illustratam,
1714 1944 1806 2005 etiam
1838 1963 1905 2004 cum

547 2032 648 2095 deficit
672 2041 755 2102 tota,
787 2034 931 2112 respiciat
961 2035 1121 2115 diligenter
1145 2036 1184 2095 ad
1219 2035 1347 2114 eclipses
1371 2035 1473 2098 Lunae
1505 2036 1632 2109 totales,
1666 2033 1798 2094 inveniet
1826 2031 1905 2092 hanc

547 2119 782 2184 illustrationem
805 2122 834 2183 in
859 2123 960 2185 oculos
984 2124 1193 2186 incurrentem.
1238 2125 1343 2203 Neque
1367 2145 1459 2205 nuper
1482 2126 1662 2186 mentionem
1686 2122 1749 2202 ejus
1772 2120 1814 2181 rei
1838 2120 1905 2200 quis

547 2209 622 2272 11011
645 2209 674 2271 in
701 2212 831 2289 gratiam
855 2212 1083 2288 refractionem,
1107 2221 1142 2275 11
1166 2213 1285 2274 fabulae
1313 2214 1539 2276 convenientem
1569 2212 1809 2274 accommodaret
1837 2208 1905 2289 epi-

547 2297 655 2377 logum.
709 2300 827 2361 Extant
856 2309 992 2362 veterum
1025 2302 1214 2363 sententiae:
1251 2304 1384 2383 adeoque
1413 2303 1481 2364 hinc
1505 2312 1577 2363 nata
1601 2312 1648 2362 est
1677 2299 1792 2379 opinio,
1826 2298 1905 2378 quod

544 2387 634 2449 rubor
667 2387 718 2449 ille
744 2389 785 2450 sit
808 2389 905 2449 lumen
930 2391 1034 2451 Lunae
1064 2392 1227 2471 proprium.
1274 2391 1399 2454 Theon
1424 2392 1452 2453 in
1478 2389 1709 2454 Commentariis
1733 2406 1823 2468 super
1848 2386 1904 2447 IV.

545 2475 715 2537 Ptolemaei
740 2476 784 2538 sic
807 2478 1044 2557 philosophatur.
1093 2490 1171 2552 Quod
1193 2490 1341 2560 deliquium
1361 2492 1458 2545 Lunae
1486 2489 1601 2553 attinet,
1623 2491 1711 2543 Terra
1731 2488 1784 2542 hoc
1804 2486 1905 2540 incom-

543 2567 621 2620 modo
643 2566 748 2619 Lunam
771 2567 865 2621 afficit.
908 2568 974 2622 Cum
996 2570 1067 2623 enim
1087 2571 1169 2624 Luna
1189 2570 1227 2623 sit
1251 2588 1371 2639 perenne
1398 2587 1512 2640 corpus,
1541 2570 1650 2623 divinae
1675 2576 1795 2622 naturae
1816 2565 1904 2636 parti·

546 2662 611 2715 ceps
633 2652 662 2698 et
684 2646 808 2700 immunia
830 2648 1012 2713 affectionum,
1035 2666 1106 2721 quae
1128 2657 1217 2703 ortum
1238 2658 1268 2703 et
1288 2650 1427 2705 interitum
1449 2651 1540 2704 solent
1560 2649 1703 2721 consequi,
1732 2665 1786 2701 non
1807 2645 1904 2717 utique

546 2725 748 2779 mutationibus
763 2744 851 2798 nequa
874 2730 1053 2784 decrementis
1068 2747 1130 2783 1010
1145 2729 1281 2798 subjiciet.
1310 2730 1363 2785 Sed
1383 2748 1442 2784 cum
1462 2730 1636 2801 proprium
1657 2731 1771 2783 lumen
1792 2732 1904 2780 nactum

546 2802 584 2857 111
605 2805 783 2871 imbecillius,
811 2809 881 2877 quod
905 2812 938 2862 11
966 2818 1074 2886 nostros
1096 2810 1170 2863 visus
1198 2812 1294 2881 nequit
1318 2811 1400 2863 facilc
1425 2811 1603 2883 pertingere:
1633 2816 1759 2863 mutuato
1781 2825 1819 2860 ex
1840 2806 1904 2859 Sole

545 2884 649 2938 lumine
670 2885 726 2937 alio
747 2887 914 2956 splendidior
943 2899 1076 2960 apparet,
1099 2898 1130 2943 11
1151 2890 1288 2945 illuminet
1307 2892 1408 2944 Terras
1428 2896 1580 2945 struerem.
1623 2891 1690 2943 Cum
1711 2888 1797 2959 igitur
1817 2887 1906 2939 Terra

544 2963 748 3018 radiationibus
770 2966 912 3022 Solaribus
944 2969 1102 3032 intercedit,
1135 2978 1200 3024 tunc
1220 2972 1301 3024 Luna
1321 2971 1411 3025 Solari
1439 2971 1500 3024 luce
1528 2972 1639 3039 priuata
1659 2977 1688 3023 et
1718 2966 1905 3021 obtenebrata

546 3060 616 3098 nonu
638 3046 761 3109 umbrae,
784 3064 890 3102 rursum
911 3050 1058 3103 debilior
1079 3058 1115 3104 et
1135 3052 1324 3105 obscurior
1343 3053 1444 3107 eradit.
1472 3052 1533 3104 Non
1555 3051 1661 3121 quidem
1683 3066 1771 3119 neque
1792 3065 1830 3100 ex
1851 3046 1905 3098 hac

545 3122 735 3179 illustratione
756 3144 846 3197 neque
867 3146 903 3182 ex
925 3130 1081 3198 privat—ione
1102 3131 1207 3184 Solaria
1228 3132 1296 3184 lucis
1317 3132 1497 3187 mutationem
1520 3131 1580 3200 ipsa
1600 3131 1690 3184 subit:
1716 3130 1763 3182 sed
1785 3144 1847 3181 cum
1868 3125 1905 3178 111

545 3220 643 3258 exsors
666 3207 858 3276 corruptionis,
880 3212 996 3263 eundem
1017 3227 1125 3279 semper
1146 3213 1297 3265 colorem
1318 3220 1348 3266 01
1368 3219 1522 3281 aspectum,
1546 3228 1626 3281 quem
1647 3209 1786 3279 proprium
1807 3207 1903 3265 habet.

545 3285 817 3357 magnitudinemque
850 3294 953 3343 tuetur.
994 3290 1071 3352 Quod
1093 3298 1187 3344 autem
1210 3292 1292 3345 Luna
1321 3291 1511 3345 illustrata
1540 3292 1670 3361 quidem
1698 3304 1847 3359 semper,
1877 3286 1903 3338 in

547 3361 685 3434 aliquibus
707 3367 866 3435 pleniluniis
888 3387 942 3423 non
963 3378 1097 3423 consueta
1117 3371 1247 3424 claritate
1267 3371 1457 3425 illustraretur
1476 3374 1523 3424 101
1545 3374 1752 3432 obscuraretur,
1775 3368 1903 3420 allectum

542 3450 572 3496 11
586 3443 708 3497 laborem
729 3448 916 3517 appellarunt,
932 3467 966 3503 00
981 3452 1051 3520 quod
1067 3451 1268 3514 existimarent,
1290 3450 1469 3505 mutationem
1483 3452 1559 3505 illam
1575 3450 1672 3504 insuia
1693 3447 1903 3518 operationibus

541 3531 644 3586 subire.
677 3522 719 3583 Et
742 3526 839 3586 inira:
865 3536 1900 3610 Η11101011101111111,01110111111111011,101111111010,1111111111.

543 3607 696 3671 Theonem
732 3623 852 3676 secutus
886 3613 1106 3677 Cleomedes
1146 3617 1197 3678 lib.
1232 3618 1270 3680 ll.
1305 3617 1445 3699 Cyclicae
1478 3619 1624 3679 Theoriae
1657 3617 1765 3677 miscet
1802 3616 1901 3675 lunren

541 3696 644 3759 Lunae
677 3721 714 3760 ex
748 3703 855 3763 lumine
888 3702 967 3765 Solis
998 3714 1029 3766 01
1060 3702 1252 3785 proprio.⁸³)
1298 3708 1533 3768 Reinholdus
1567 3705 1728 3767 nouissime
1759 3706 1809 3764 fol.
1841 3700 1903 3767 161

539 3790 615 3857 (210)
654 3785 946 3854 Commentariorum
981 3794 1008 3854 in
1040 3795 1257 3869 Purbachium,
1281 3808 1365 3868 Essa,
1391 3796 1448 3869 ait,
1474 3808 1499 3860 in
1516 3809 1595 3860 Luna
1609 3806 1750 3876 peculiare
1766 3806 1902 3874 quoddam

539 3894 589 3932 111
620 3880 766 3934 obsoumm
795 3884 903 3947 lumen,
927 3891 956 3937 et
978 3886 1059 3955 quale
1082 3886 1133 3937 hoc
1155 3886 1199 3947 sit,
1223 3894 1320 3955 aperto
1349 3888 1448 3941 docent
1478 3888 1580 3940 totales
1602 3886 1688 3956 ipsius
1710 3885 1851 3947 defectus,
1876 3885 1902 3937 in

539 3958 638 4029 quibus
660 3959 772 4030 integer
793 3964 867 4016 orbis
894 3965 1014 4017 cernitur
1041 3973 1114 4018 tetro
1136 3973 1165 4018 et
1186 3966 1310 4019 horribili
1339 3968 1448 4028 colore;
1475 3968 1520 4038 qui
1549 3975 1641 4021 tamen
1670 3966 1740 4019 alias
1762 3970 1806 4017 011
1826 3964 1902 4018 rubi·

539 4040 666 4103 cundior,
688 4042 769 4094 Luna
800 4043 892 4096 altiori
920 4051 950 4097 et
975 4051 1059 4098 extra
1089 4046 1245 4113 eclipticam
1276 4046 1386 4117 longius
1408 4056 1517 4109 evecta,
1546 4048 1616 4100 alias
1642 4045 1763 4116 nigrior,
1797 4053 1903 4114 quanto

538 4118 667 4171 videlicet
689 4120 818 4174 humilior
840 4132 938 4178 estas
959 4132 1109 4193 propterea
1125 4126 1152 4178 in
1166 4127 1277 4178 umbras
1293 4127 1395 4179 Terrae
1416 4127 1577 4196 profundius
1599 4127 1734 4179 immersa.
1783 4120 1902 4192 Quibus

540 4204 657 4285 quidem
681 4205 793 4270 ultimis
817 4210 916 4270 verbis
941 4211 1096 4289 perspicue
1121 4214 1234 4274 refutat
1257 4213 1296 4287 id,
1323 4216 1399 4293 quod
1424 4233 1489 4274 cum
1510 4214 1574 4292 ipse
1594 4223 1657 4274 tum
1685 4212 1902 4272 antecedentes

539 4293 658 4364 dixere,
691 4297 788 4356 lumen
827 4299 856 4358 id
888 4318 956 4359 esse
980 4300 1083 4360 Lunae
1117 4302 1277 4379 proprium.
1325 4304 1403 4364 Nam
1437 4303 1462 4363 si
1495 4303 1645 4383 proprium
1678 4310 1761 4361 esset.
1784 4299 1900 4372 Lunae,

538 4381 651 4442 clarius
675 4394 836 4462 appareret
860 4407 897 4447 er
921 4388 1065 4448 tenebris.
1109 4388 1161 4450 Sic
1185 4391 1263 4451 euim
1289 4399 1320 4452 11
1343 4392 1447 4452 Lunae
1472 4412 1490 4451 a
1514 4392 1584 4453 Sole
1609 4399 1776 4452 mutuatum
1801 4389 1901 4449 lumen

512 4481 629 4532 ¹noctu
654 4472 853 4536 clarissimum
884 4486 945 4543 est,
979 4496 1046 4537 curn
1079 4479 1207 4539 interdiu
1231 4480 1281 4540 vix
1313 4481 1414 4541 oculos
1448 4488 1577 4542 moveat.
1624 4479 1693 4539 Jarn
1716 4479 1901 4539 contrarium

538 4560 639 4621 evenit
664 4569 742 4623 teste
766 4563 945 4625 Reinholdo.
993 4567 1176 4627 l'rol'nndam
1202 4570 1278 4628 enim
1304 4569 1436 4630 umbram
1460 4568 1598 4648 ingressa
1621 4568 1733 4646 nigrior
1757 4576 1901 4645 apparet;

536 4648 628 4711 altior
651 4658 683 4709 et
706 4668 840 4730 apogaco
865 4652 986 4731 propior
1008 4657 1207 4731 rubicundior,
1233 4667 1265 4717 ut
1281 4666 1312 4717 01
1332 4677 1397 4717 cum
1413 4658 1451 4717 ad
1473 4658 1551 4718 latus
1575 4657 1698 4718 umbrae
1721 4654 1749 4716 in
1772 4665 1900 4734 septen-

537 4738 650 4799 triones
682 4739 822 4802 declinat.
872 4744 956 4803 Unde
992 4743 1177 4821 intelligitur,
1204 4745 1336 4805 inveniro
1360 4734 1477 4807 Lunam
1501 4747 1529 4807 in
1558 4746 1679 4807 umbrae
1714 4744 1900 4822 marginibus

537 4826 632 4888 lacem
658 4830 847 4906 permixtam,
873 4851 961 4911 quam
976 4831 1053 4894 hanc
1073 4833 1171 4913 ipsam
1186 4853 1253 4893 esse
1270 4835 1345 4907 dico,
1371 4855 1447 4915 quae
1462 4853 1516 4913 per
1535 4835 1614 4896 a'eris
1636 4850 1744 4911 corpus
1768 4834 1901 4895 refracta

536 4916 764 4977 transmittitur.

625 5005 791 5084 Propterea
823 5015 905 5067 recte
936 5009 1158 5070 Plutarchus
1192 5010 1327 5072 omnibus
1362 5012 1408 5071 his
1441 5010 1590 5090 antiquior
1629 5009 1729 5071 libello
1754 5008 1791 5067 de
1823 5008 1899 5068 facie

536 5091 654 5166 Lunae,
689 5112 756 5155 curn
779 5095 967 5157 Pharnacem
994 5096 1212 5159 introduxisset
1242 5102 1486 5174 contendentem,
1521 5117 1588 5159 esse
1612 5099 1716 5159 Lunae
1741 5105 1775 5156 ut
1805 5098 1900 5158 astris
