4584 6192
871 630 877 643 ·
956 617 1037 682 cupas
1054 616 1157 672 ιιιι..
1657 587 1751 697 ιιιιι,Ι

371 794 521 857 Existunt
542 793 657 864 iutlnita
678 795 844 876 hujusmodi
868 814 947 857 nora
969 795 1082 869 sidera,
1096 795 1267 875 'quodlibet
1288 814 1326 856 er
1349 813 1406 857 uuo
1433 804 1615 873 tesserarum
1634 797 1722 879 jactu

372 894 492 965 tempus
516 886 574 948 sibi
601 887 756 966 locumque
784 885 932 948 sortitum.
978 885 1076 963 elium
1106 884 1227 964 igitur,¹
1246 884 1467 948 concedendum
1492 887 1573 948 esse'
1593 879 1722 964 omniuo,

372 974 399 1035 si
425 975 569 1037 darentur
595 975 701 1036 infiniti
734 975 903 1054 hujusmodi
930 975 1049 1054 jactus,
1079 980 1183 1077 utpote
1208 973 1246 1035 ab
1275 973 1606 1049 ultima-aeternitate,
1634 971 1752 1058 quam'

372 1065 565 1144 disputantes
598 1073 858 1144 praesupponunt,
890 1065 1020 1125 futurum
1052 1062 1188 1137 omnino,
1221 1071 1254 1124 ut
1277 1063 1356 1123 inter
1387 1050 1623 1128 innumerabiles
1647 1067 1724 1129 alias

372 1154 536 1233 aliquando
568 1156 661 1215 etiam
684 1153 732 1214 hic
754 1153 861 1226 cadat,
892 1153 939 1233 qui
969 1154 1065 1215 locum
1095 1152 1312 1255 conjunctionis
1341 1170 1468 1231 magnae
1491 1173 1560 1217 curu
1590 1164 1723 1239 tempore

372 1243 591 1322 conjunctionis
610 1223 744 1322 ejusdem
764 1241 892 1321 copulet.
930 1243 1037 1321 Itaque
1058 1242 1097 1302 nil
1118 1241 1237 1316 mimm,
1257 1241 1367 1302 nullam
1382 1241 1509 1304 rationis
1525 1243 1724 1324 suspicionem

371 1351 442 1393 esse
465 1332 633 1412 perhibent,
657 1332 684 1392 si
707 1331 784 1392 inter
807 1331 1036 1393 innumerabilia
1057 1349 1137 1391 nova
1160 1330 1261 1393 sidera
1284 1339 1408 1392 aeterna
1435 1332 1513 1393 serie
1536 1332 1579 1403 (si
1602 1334 1724 1397 daretur
1827 1373 1832 1381 ·

371 1422 464 1494 haec)
495 1421 552 1483 sibi
585 1420 777 1483 succedentia
811 1428 928 1494 mutuo,
963 1421 1064 1500 aliqua
1093 1419 1183 1479 etiam
1218 1420 1274 1481 sub
1306 1420 1448 1481 articulos
1482 1420 1726 1501 conjunctionum

371 1528 547 1589 magnarum
577 1510 789 1584 incendantur,
824 1520 855 1571 et
877 1511 905 1572 si
928 1511 1006 1571 inter
1028 1509 1255 1571 innumerabilia
1283 1509 1383 1570 sidera
1410 1528 1505 1580 nova,
1539 1511 1723 1590 temporibus

372 1617 552 1679 magnarum
575 1599 813 1680 conjunctionum
834 1607 910 1673 orta,
935 1598 1080 1701 quaedam
1100 1599 1190 1659 etiam
1210 1598 1240 1660 iu
1259 1598 1314 1660 illa
1331 1595 1396 1661 800
1416 1618 1558 1662 annorum
1578 1600 1722 1662 infinities

370 1689 530 1751 redeuntia
560 1689 683 1750 exordia
712 1688 862 1763 incidant,
896 1688 1022 1770 denique
1051 1688 1076 1748 si
1105 1687 1184 1749 iuter
1214 1686 1445 1770 innumerabiles
1478 1707 1571 1750 novas
1604 1690 1720 1765 stellas,

373 1797 451 1859 quae
476 1798 541 1840 cum
565 1778 696 1840 exordiis
727 1737 915 1857 periodorum
947 1777 1062 1839 zodiaci
1090 1776 1275 1851 coincidunt,
1311 1761 1427 1857 aliquae
1456 1778 1548 1840 etiarn
1570 1776 1600 1839 in
1624 1777 1721 1890 ipsum
1820 1813 1822 1820 ·

373 1868 484 1939 locum,
506 1867 557 1929 ubi
579 1866 695 1947 periodi
718 1867 937 1946 conjunctionis
960 1875 1042 1928 meta
1064 1865 1174 1945 ligitur,
1199 1866 1389 1928 collocentur.

461 1964 523 2027 Alii
549 1965 714 2027 doctrinam
729 1964 906 2027 Aristotelis
926 1965 962 2026 de
983 1966 1103 2026 fortuna
1121 1972 1152 2025 et
1171 1984 1243 2026 casu
1266 1964 1388 2044 propius
1411 1964 1588 2048 exprimunt,
1614 1964 1719 2045 quibus

369 2055 483 2135 placet,
508 2074 565 2115 non
585 2055 701 2134 quidem
722 2054 845 2116 fortuito
865 2073 959 2136 neque
979 2054 1058 2115 coire
1077 2053 1218 2134 planetas
1237 2073 1331 2135 neque
1354 2053 1472 2116 incendi
1491 2073 1585 2116 novas
1604 2053 1721 2119 stellas.

370 2144 451 2205 Esse
482 2143 559 2205 euim
592 2143 709 2205 illarum
733 2144 762 2204 in
792 2162 879 2205 cursu
911 2143 1000 2218 coeli,
1033 2143 1138 2204 harum
1163 2142 1191 2204 in
1219 2142 1425 2222 penetralibus
1455 2151 1581 2206 naturae
1613 2161 1722 2206 causas

371 2234 511 2313 utrinque
543 2233 694 2312 proprias,
728 2251 785 2293 non
809 2252 903 2293 nexas
933 2232 1046 2293 alteras
1071 2232 1108 2292 ab
1137 2232 1260 2294 alteris:
1294 2252 1332 2294 ex
1358 2232 1491 2313 utrisque
1520 2251 1574 2295 suo
1602 2234 1667 2295 loco
1686 2241 1723 2296 ‚et

372 2333 509 2402 tempore
533 2321 663 2383 existere
685 2340 750 2383 cum
768 2322 956 2402 planetarum
981 2340 1160 2400 congressus
1179 2328 1242 2383 tum
1262 2341 1405 2384 novorum
1428 2322 1559 2384 siderum
1582 2330 1721 2396 exortus:

373 2411 566 2473 nihilominus
590 2430 661 2473 casu
686 2412 760 2485 deri,
786 2411 811 2472 si
836 2410 1094 2491 conjunctiocum
1118 2429 1195 2472 novo
1223 2410 1322 2472 sidere
1346 2430 1398 2472 seu
1421 2417 1556 2491 tempore
1579 2431 1633 2474 sen
1655 2412 1723 2475 loco
1796 2436 1798 2442 ·

373 2501 554 2563 conveniat:
578 2513 673 2581 neque
698 2501 775 2561 enim
799 2499 876 2562 hunc
900 2500 992 2560 luisse
1016 2519 1136 2579 scopum
1161 2498 1269 2561 rectori
1293 2499 1381 2580 hujus
1400 2500 1500 2562 muudi
1524 2501 1720 2582 propositum,

373 2591 430 2651 has
453 2607 612 2669 procurare
637 2589 866 2671 congruentias,
896 2590 950 2649 sed
966 2588 1101 2650 'cientem
1132 2587 1195 2652 illic
1218 2589 1306 2651 orbes
1329 2589 1495 2666 coelestes,
1527 2590 1574 2651 hic
1597 2583 1723 2674 naturus

372 2679 443 2752 vim,
468 2679 547 2740 ultro
571 2687 601 2740 et
623 2687 744 2759 praeter
767 2679 918 2758 singulare
944 2678 1073 2740 studium
1093 2678 1323 2741 solamateriali
1346 2679 1530 2741 necessitate
1544 2678 1607 2742 ista
1628 2698 1722 2761 coap-

374 2778 459 2830 tare:
474 2786 541 2844 ,uon
567 2768 686 2849 quidem
710 2769 892 2830 nescientem
915 2768 985 2841 ista,
1010 2775 1043 2829 ut
1065 2787 1119 2828 uos
1142 2767 1287 2845 homines,
1312 2768 1365 2830 sed
1388 2777 1488 2831 tamen
1512 2775 1606 2849 neque
1630 2767 1724 2831 etiam

373 2865 577 2940 quaerentem.
623 2857 797 2936 Proponunt
830 2858 995 2935 exemplum
1020 2876 1057 2917 ex
1080 2857 1147 2937 ipsa
1175 2876 1258 2919 mera
1290 2857 1492 2920 astronomia:
1524 2858 1602 2940 tingo
1622 2856 1723 2944 ίιιονί·

373 2947 485 3010 lunium
517 2947 687 3026 eclipticum
709 2946 738 3006 in
766 2948 864 3025 ipsum
892 2946 1022 3007 incidere
1056 2945 1295 3027 aequinoctium
1327 2947 1375 3009 hic
1405 2954 1503 3009 motus
1527 2945 1609 3010 Solis
1632 2957 1725 3011 causa

373 3045 421 3098 est
446 3036 575 3117 genuina
599 3034 785 3114 aequinoctii,
812 3044 909 3095 motus
924 3035 1038 3110 Lunae,
1064 3036 1113 3116 qui
1132 3043 1305 3115 separatum
1329 3036 1399 3117 quid
1423 3045 1472 3099 est
1494 3044 1613 3100 amotu
1631 3035 1722 3112 Solis,

373 3120 467 3189 causa
490 3134 539 3185 est
562 3124 681 3205 deliquii
701 3123 792 3186 Solis.
831 3125 1005 3185 Moderator
1027 3124 1129 3205 itaque
1152 3126 1244 3187 totius
1268 3132 1393 3188 naturae
1416 3145 1475 3188 non
1493 3125 1523 3188 in
1545 3122 1603 3188 hoc
1622 3124 1723 3189 Solem

372 3226 405 3277 et
428 3215 545 3277 Lunam
569 3213 646 3288 ciet,
680 3224 713 3274 ut
737 3213 896 3294 deliquium
920 3213 1032 3294 jungat
1058 3213 1263 3295 aequinoctio,
1287 3216 1341 3278 sed
1364 3235 1401 3277 ne
1425 3213 1527 3280 Solem
1549 3216 1724 3297 Lunamque

372 3325 432 3367 non
457 3304 550 3377 cisat,
585 3323 640 3364 sua
664 3304 826 3383 quemlibet
849 3304 932 3381 lege,
964 3323 1022 3363 non
1047 3304 1157 3384 refugit
1184 3304 1343 3387 deliquium
1368 3305 1495 3385 jungere
1526 3305 1723 3388 aequinoctio.

373 3394 567 3474 Quapropter
599 3393 693 3453 semel
723 3392 907 3472 deprehenso
940 3412 1027 3453 cursu
1051 3392 1149 3469 Solis,·
1177 3412 1265 3457 cursu
1290 3394 1381 3457 etiam
1403 3395 1522 3470 Lunae,
1547 3393 1612 3475 jam
1634 3405 1723 3475 porro
1785 3449 1805 3455 ..
1909 3414 1911 3418 ’

372 3503 432 3545 non
446 3484 573 3544 miratur
591 3482 718 3561 amplius
742 3491 940 3555 astronomus,
965 3480 1126 3562 deliquium
1146 3482 1266 3564 aliquod
1285 3484 1434 3547 incurrere
1449 3484 1478 3545 iu
1493 3483 1722 3566 aequinoctium.

372 3572 423 3635 Ad
448 3572 525 3634 huno
549 3572 682 3646 modum,
717 3572 742 3632 si
766 3591 844 3633 nova
870 3572 944 3632 baec
973 3571 1073 3633 sidera
1105 3592 1227 3634 causam
1255 3573 1368 3635 habent
1396 3574 1563 3636 naturalem
1595 3575 1723 3652 suasque

372 3661 515 3743 periodos
537 3662 577 3722 'ex
599 3662 787 3741 praescripto
810 3677 936 3741 causae,
969 3659 1218 3723 nihil'habebunt
1246 3681 1427 3743 magnopere
1460 3662 1625 3724 mirandum
1648 3659 1736 3723 varii·

372 3749 666 3813 circumstantiamm
700 3769 879 3812 concursus:
912 3770 966 3813 nec
995 3750 1091 3830 magis
1120 3752 1338 3833 quaerendum,
1374 3770 1465 3834 quare
1498 3757 1603 3813 nostra
1634 3750 1724 3812 stella

373 3840 473 3902 tribus
497 3839 587 3901 fuerit
610 3840 742 3920 planetis
762 3841 877 3919 juncta,
902 3859 989 3921 quam
1013 3858 1103 3921 quare
1121 3838 1202 3919 prior
1219 3839 1282 3914 illa,
1306 3859 1381 3921 quae
1405 3859 1483 3901 auno
1508 3836 1603 3902 1572.
1616 3837 1723 3913 fulsit,

371 3929 450 3993 nulli
472 3928 577 4009 planet
579 3947 615 3989 ae
639 3948 671 3990 se
695 3929 902 3991 associaverit.
949 3929 1028 3992 Nam
1051 3950 1070 3990 a
1091 3926 1168 3991 Jove
1192 3929 1325 4011 proximo
1353 3923 1425 3992 sibi
1439 3929 1599 3992 secundum
1622 3927 1722 4009 longi·

372 4017 509 4081 tudinem
533 4018 630 4079 abluit
653 4019 732 4079 ultra
756 4012 826 4081 50⁰.
863 4006 930 4079 Hoc
954 4038 1043 4081 seusu
1066 4018 1202 4081 Boethus
1226 4019 1303 4100 apud
1321 4017 1515 4082 Plutarchum
1537 4018 1574 4081 de
1595 4017 1723 4106 Pythias

372 4107 505 4173 oraculis
528 4107 622 4169 multo
646 4107 793 4169 meliori
780 4126 846 4187 Jure
871 4126 958 4188 quarn
981 4108 1067 4169 ιιιοιιο
1091 4107 1232 4189 Epicurei
1255 4108 1382 4190 quaerit,
1413 4135 1574 4192 „quemnam
1597 4115 1724 4175 amaran

369 4219 481 4303 tempus
503 4224 557 4261 non
578 4208 681 4261 debeat
700 4213 833 4270 naturae,
856 4205 946 4261 omnia
966 4206 1067 4279 quippe
1088 4207 1194 4264 ferente
1216 4208 1390 4264 intinitatet¹¹
1441 4197 1583 4280 Intelligc
1607 4196 1665 4273 sio,
1689 4201 1723 4260 ul

367 4290 401 4351 iu
426 4285 593 4367 geometria
616 4294 648 4346 et
667 4287 849 4347 astronomia
872 4285 1003 4346 solemus
1023 4304 1176 4366 quaerere,
1200 4306 1238 4350 an
1256 4288 1408 4370 periodica
1431 4288 1632 4368 planetarum
1642 4285 1721 4349 tenr-

368 4398 449 4460 pora
480 4375 539 4437 sint
568 4375 756 4437 irrationalia
779 4376 817 4436 ad
841 4393 874 4435 se
902 4383 1019 4450 mutuo,
1054 4376 1097 4437 ita
1120 4385 1154 4439 ut
1181 4377 1321 4440 infinities
1350 4378 1480 4470 repetita
1511 4371 1660 4480 nunqua'm
1683 4375 1722 4438 ad

370 4484 502 4547 unguem
527 4465 631 4526 eodem
662 4466 751 4526 modo
785 4465 919 4527 redeant.
966 4464 1032 4526 Ηοι
1055 4466 1132 4528 euim
1159 4467 1261 4548 posito
1292 4485 1415 4530 necesse
1445 4473 1509 4543 est,
1542 4464 1721 4528 aeternitate

369 4558 496 4620 inducta
519 4554 618 4616 omnia
642 4554 769 4629 evenire,
795 4551 871 4636 qu'ae
895 4554 923 4616 in
944 4573 975 4615 re
997 4555 1107 4629 insunt,
1133 4576 1235 4619 omnes
1256 4553 1329 4638 puta
1348 4557 1459 4619 formas
1483 4532 1722 4660 conjunctionum

369 4647 572 4728 planetarum,
596 4662 719 4725 quarum
740 4643 770 4705 in
796 4643 985 4726 Centiloquio
1011 4644 1177 4707 Ptolemaei
1201 4653 1271 4706 sunt
1296 4644 1368 4708 121.
1415 4645 1487 4708 Dixi
1510 4644 1618 4720 omnia,
1644 4661 1720 4727 quae

371 4737 402 4798 in
427 4754 459 4796 re
483 4732 605 4794 insunt:
630 4752 698 4794 uam
724 4733 827 4794 demta
848 4733 906 4795 hac
929 4733 1097 4814 conditione
1122 4755 1223 4797 verum
1246 4754 1362 4796 mrsum
1386 4735 1462 4798 dixit
1480 4731 1616 4797 Boethus
1638 4732 1719 4795 dicto

370 4827 458 4888 loco:
486 4833 597 4898 Sermo
618 4831 664 4903 qui
685 4849 720 4888 ea
740 4833 813 4899 dicit,
838 4850 908 4906 qnae
929 4852 983 4888 non
1004 4833 1085 4888 sunt“
1114 4825 1205 4908 (quae
1220 4844 1238 4884 a
1252 4831 1317 4885 toto
1336 4844 1445 4905 genere
1464 4822 1507 4886 rei
1522 4830 1592 4885 sunt
1611 4821 1718 4897 aliena,

371 4925 407 4979 ut
431 4914 458 4977 si
482 4913 547 4993 quis
572 4929 715 4973 concessa
738 4921 836 4975 motus
859 4913 1038 4974 aeternitate
1062 4914 1136 4977 velit
1158 4913 1280 4975 taudem
1303 4913 1430 4976 utillud
1454 4913 1581 4986 efficere,
1605 4920 1638 4973 ut
1655 4910 1718 4974 bini

370 5007 515 5088 planetae
538 4998 709 5082 permutent
732 5002 819 5063 orbes
844 5012 875 5063 et
889 5001 1050 5084 periodica
1073 5004 1235 5083 tempora),
1261 5031 1308 5078 se
1321 5031 1382 5086 apsa
1396 5013 1524 5077 vitiosus,
1549 5012 1654 5069 murra
1666 5030 1715 5069 ex

371 5094 592 5169 spectatlidem‚
616 5091 741 5163 quamsi
763 5109 842 5148 casus
864 5092 1015 5149 conciliet!⁴

463 5172 605 5255 Sequitur
627 5178 736 5253 quarta
758 5172 856 5251 opinio
883 5172 1087 5252 theologorum
1111 5137 1147 5232 de
1172 5171 1303 5235 lontibus
1331 5170 1488 5233 derivata:
1521 5159 1716 5253 quibuscum

1443 5274 1477 5325 46
1488 5277 1503 5308 ⁴*
