4584 6192
567 612 634 680 454
909 626 914 636 ·
990 608 1092 658 Literna
1109 606 1212 670 Koplari
1230 608 1381 671 aberamque
1398 612 1501 656 mutuae

567 792 679 844 addam:
697 789 771 844 scias,
791 787 894 849 primum
912 784 958 834 boc
977 783 1102 846 exemplar
1120 797 1183 841 esse,
1203 783 1268 845 quod
1286 784 1365 831 mitto.
1402 781 1466 830 Volo
1485 782 1550 830 enim
1567 797 1624 831 cnm
1643 784 1733 834 ceteris
1752 780 1806 832 500
1825 785 1928 848 propriis

566 862 683 926 impensis
702 858 798 909 excusis
817 856 957 905 Galilaeum
974 862 1121 917 expectare,
1147 859 1188 918 qui
1206 855 1272 902 brevi
1298 862 1406 916 temporo
1427 853 1459 901 ad
1478 868 1522 900 nos
1540 855 1630 904 veniet
1668 854 1732 904 Tum
1755 856 1836 917 ipsum
1855 856 1928 906 adibo

568 941 594 983 et
612 948 688 982 unum
708 931 787 978 eidem
806 929 831 976 in
850 941 937 975 manus
955 927 1065 989 proprias
1085 925 1256 988 praesentabo.
1284 924 1324 972 Me
1346 923 1398 971 Deo
1418 932 1444 971 et
1461 924 1509 970 illis
1528 923 1614 988 quibus
1633 925 1720 973 dedico
1739 923 1928 989 (professoribus

567 996 790 1058 Bononiensibus),
819 995 1002 1046 commendabo.
1041 996 1140 1059 Scopuli
1168 997 1243 1043 maris
1262 994 1401 1043 Hadriatici
1420 1009 1468 1042 nou
1493 996 1624 1043 nocebunt
1662 995 1813 1045 Ululandum
1842 1003 1929 1046 conus

569 1075 716 1130 Galtlaeum,
730 1071 773 1120 sed
787 1085 836 1118 non
851 1071 875 1116 in
888 1068 1001 1131 plumbo:
1016 1076 1146 1131 argentum
1160 1067 1242 1115 videre
1253 1082 1294 1128 pro
1307 1066 1543 1129 „Peregrinatione“
1555 1067 1620 1115 brevi
1634 1067 1683 1115 cito
1693 1069 1743 1117 cito
1755 1069 1829 1131 cupio
1838 1066 1884 1118 lc.

657 1163 727 1210 Voce
756 1156 999 1220 „Peregrinatione“.
1019 1170 1069 1219 qna
1096 1156 1181 1203 ultimo
1210 1155 1262 1202 loco
1288 1168 1418 1216 perversae
1444 1154 1515 1216 hujus
1542 1156 1680 1217 scriptionis
1709 1156 1817 1205 Horiius
1845 1159 1928 1216 utitur,

567 1239 668 1299 spectat
684 1231 869 1293 inscriptionem
881 1227 954 1275 libelli
968 1228 1004 1275 sui
1019 1228 1115 1282 tamesi,
1129 1228 1170 1289 qui
1183 1225 1296 1274 Mutinae
1310 1225 1408 1287 prodiit,
1420 1225 1503 1276 hanc:
1524 1225 1673 1275 Brevissima
1690 1227 1855 1292 Peregrin
1864 1230 1929 1277 stlo

568 1312 657 1356 toutra
673 1302 798 1352 Nuncium
816 1298 952 1360 Sydereum
970 1313 1047 1361 nuper
1066 1298 1098 1345 ad
1117 1313 1201 1346 omnes
1220 1296 1375 1359 philosophos
1394 1304 1419 1345 at
1431 1295 1624 1346 Mathematicos
1643 1300 1758 1347 emissum
1777 1314 1794 1348 a
1807 1300 1928 1350 Galilaea.

640 1408 805 1472 Kaplerus
823 1405 888 1454 lecto
907 1404 992 1453 Horkii
1011 1404 1126 1466 opusculo
1145 1401 1372 1452 stomachabundus
1390 1402 1532 1464 rescripsit:
1577 1394 1671 1455 Tuam
1696 1396 1928 1474 Peregrinatio.

570 1510 639 1554 nem
663 1509 700 1551 ex
724 1506 868 1549 concessu
900 1486 938 1546 D.
964 1485 1061 1545 Marci
1086 1483 1215 1544 Welseri
1241 1492 1346 1543 nactus
1370 1482 1439 1559 legi.
1487 1481 1555 1541 Etsi
1584 1482 1676 1559 igitur
1705 1485 1847 1547 candoris
1871 1484 1928 1547 mei

562 1582 681 1644 'lamam
701 1578 793 1655 justa
815 1586 897 1636 tuam
921 1574 1084 1634 amicitiam
1108 1570 1184 1633 tueri
1210 1591 1266 1632 non
1291 1590 1413 1649 possum
1436 1589 1529 1649 eoque
1554 1573 1692 1632 nuncium
1716 1573 1770 1633 tibi
1796 1574 1926 1646 remitto,

568 1670 665 1751 patris
688 1676 789 1726 tamen
821 1663 864 1723 tui
895 1682 987 1723 causa
1019 1670 1211 1731 (concionatoris
1246 1670 1347 1717 antheri
1381 1668 1439 1718 fidei
1471 1667 1596 1732 suffice),
1631 1670 1663 1721 et
1695 1662 1745 1739 qni
1779 1683 1816 1723 ne
1851 1663 1929 1724 hosti

571 1759 690 1840 quidem
724 1753 850 1830 alicujus
880 1751 950 1812 mali
983 1770 1075 1811 causa
1112 1770 1179 1810 esse
1214 1749 1321 1821 velim,
1356 1750 1413 1809 duo
1448 1748 1503 1808 tibi
1537 1749 1691 1826 significo,
1725 1751 1848 1811 tertium
1872 1753 1928 1812 ad·

571 1865 688 1910 moneo.
749 1842 879 1902 Primum
910 1850 977 1914 est,
1011 1840 1088 1918 quod
1122 1838 1282 1916 epistolam
1315 1839 1353 1897 ad
1379 1836 1550 1897 Galilaeum
1583 1838 1708 1916 scripsi,
1747 1839 1867 1917 qualem
1899 1849 1928 1901 te

571 1935 716 1998 meruisse
741 1930 901 1991 aestimare
926 1938 1023 2009 potes,
1048 1928 1133 2006 eique
1158 1936 1341 2004 potestatem
1367 1927 1434 1998 feci,
1460 1927 1485 1987 si
1501 1926 1575 1985 velit
1591 1925 1708 2004 publice
1729 1927 1927 2006 imprimendi.

574 2025 723 2095 Alterum,
750 2019 826 2099 quod
858 2017 988 2078 conditio
1021 2016 1064 2076 tui
1092 2016 1227 2094 parentis
1252 2024 1325 2074 uota
1349 2016 1390 2075 sit
1413 2015 1576 2075 secretario
1611 2017 1690 2092 regis
1714 2017 1928 2094 Hispaniarum

575 2112 705 2174 oratoris
736 2118 767 2169 et
800 2126 837 2167 err
869 2107 934 2185 ejus
966 2106 1062 2165 relatu
1096 2104 1203 2164 ceteris
1228 2104 1316 2164 Italis
1341 2104 1389 2182 qui
1413 2104 1460 2163 hic
1494 2113 1582 2175 sunt,
1616 2105 1697 2164 adlini
1731 2107 1830 2177 enim,
1864 2126 1928 2168 cum

572 2206 749 2264 recenseret
771 2196 841 2256 illis.
889 2194 1012 2254 Videris
1036 2194 1127 2271 igitur
1152 2203 1202 2265 tu,
1229 2192 1325 2252 auiis
1351 2193 1378 2251 in
1403 2192 1540 2271 partibus
1566 2191 1620 2252 tibi
1649 2193 1722 2253 baec
1757 2195 1867 2255 notitia
1889 2196 1930 2256 sit

573 2288 839 2358 incommodatura,
865 2283 922 2343 uisi
947 2284 1023 2343 forte
1040 2300 1143 2341 omnes
1164 2280 1268 2341 Sancti
1294 2280 1451 2341 consilium
1474 2280 1529 2341 tibi
1554 2282 1825 2359 suppeditaverint,
1848 2283 1927 2362 peri-

573 2380 643 2441 cula
666 2378 727 2438 ista
749 2371 974 2453 praeveniendi.
1021 2371 1168 2430 Tertium:
1202 2378 1290 2449 pater
1323 2389 1380 2429 nou
1405 2370 1501 2429 miuus
1526 2387 1614 2446 quam
1644 2390 1718 2447 ego,
1752 2373 1812 2431 imo
1838 2374 1929 2433 multo

572 2466 700 2529 maxime
724 2482 777 2543 pro
802 2471 832 2521 te
856 2471 904 2520 est
936 2458 1099 2531 sollicitus;
1125 2468 1237 2537 quanto
1261 2458 1368 2536 magis,
1393 2458 1417 2517 si
1443 2458 1536 2518 sciret
1559 2459 1595 2517 de
1614 2467 1666 2517 tua
1683 2459 1929 2537 Peregrinatione

573 2564 605 2619 et
627 2573 695 2616 mea
719 2548 892 2613 invectiva?
924 2548 1001 2626 Ejus
1020 2556 1177 2625 paternum
1202 2547 1358 2608 consilium
1383 2548 1407 2607 si
1434 2548 1479 2607 ris
1503 2547 1599 2625 sequi,
1622 2546 1716 2625 primo
1742 2567 1858 2627 quoque
1883 2551 1929 2610 die

573 2655 604 2710 ta
627 2662 667 2702 ex
690 2641 749 2702 illis
774 2637 847 2699 locis
872 2636 1037 2716 proripias,
1071 2647 1220 2716 utcunque
1253 2636 1379 2715 poteris.
1429 2636 1516 2695 Vale.
1542 2634 1596 2695 IX.
1623 2637 1700 2713 Aug.
1729 2633 1824 2699 1610.
1850 2638 1929 2700 Tuus

571 2749 659 2811 quem
684 2729 773 2788 nosti.
799 2756 840 2766 -
865 2733 973 2782 Horkius
992 2732 1030 2780 bis
1049 2732 1256 2780 admonitionibus
1274 2740 1355 2782 motus
1374 2733 1448 2795 paulo
1466 2740 1522 2795 post
1540 2732 1654 2782 Bononia
1672 2736 1808 2783 recessisse
1826 2735 1929 2790 ridetur.

572 2833 647 2884 quum
666 2830 780 2880 sequens,
800 2827 873 2878 quam
892 2812 990 2862 exhibet
1007 2812 1157 2866 Hanschius‚
1176 2812 1280 2875 epistola
1298 2813 1360 2862 data
1377 2815 1410 2860 sit
1430 2813 1586 2870 „Lochovicii
1606 2813 1629 2861 d.
1653 2813 1674 2861 l.
1694 2813 1758 2863 Dec.
1781 2811 1876 2864 tatu·
1896 2837 1930 2847 -

662 2923 735 2984 Quae
753 2928 838 2971 anmm
856 2919 978 2983 Keplerus
997 2917 1152 2967 Galilaeo
1171 2919 1280 2981 scripsit,
1300 2918 1363 2967 haec
1382 2925 1456 2967 sunt:
1485 2910 1749 2971 Excellentissime
1774 2912 1813 2973 D.
1840 2911 1929 2973 Gaii-

573 3008 649 3075 laea,
673 3004 766 3066 amics
791 3003 924 3064 colende.
972 3001 1088 3079 Accepi
1111 2999 1149 3059 ab
1174 3000 1219 3058 lll.
1237 2999 1397 3059 lletruriae
1413 2998 1506 3059 Ducis
1521 2997 1649 3060 Oratore
1674 3000 1930 3062 continuationem

571 3105 692 3158 tuarum
715 3091 957 3153 observationum
981 3091 1061 3152 circa
1085 3088 1243 3148 Medicaea
1266 3088 1376 3147 sidera.
1425 3089 1537 3165 Magno
1561 3107 1607 3147 me
1641 3089 1791 3155 desiderio
1826 3090 1929 3151 ineen-

574 3184 656 3257 disti,
680 3180 802 3242 videndi
827 3189 909 3240 tuum
929 3178 1170 3246 instrumentum,
1194 3184 1227 3235 ut
1250 3177 1372 3237 tandem
1397 3184 1427 3236 et
1448 3177 1556 3236 iisdem
1580 3185 1677 3237 tecum
1697 3177 1797 3255 potiar
1812 3180 1930 3239 coeles-

568 3273 655 3354 tibus
678 3268 869 3348 spectaculis.
916 3268 995 3329 Nam
1020 3285 1094 3346 quae
1118 3264 1167 3325 hie
1191 3265 1334 3325 habemus
1359 3264 1501 3337 ocularia,
1526 3284 1601 3343 quae
1631 3266 1746 3344 optima
1769 3266 1932 3346 decuplaut

576 3362 765 3430 diametrum,
790 3365 893 3417 cetera
916 3356 966 3416 vix
990 3355 1164 3433 triplicaut3
1188 3355 1226 3413 ad
1251 3355 1438 3432 vigecuplum
1462 3372 1559 3414 meum
1584 3374 1672 3414 unum
1696 3355 1853 3433 pervenit,
1878 3357 1929 3416 sed

573 3448 663 3510 debili
689 3457 720 3507 et
744 3446 874 3522 ritaligna
899 3446 972 3505 luce.
1021 3443 1123 3503 Causa
1148 3461 1194 3501 me
1219 3461 1276 3502 non
1302 3444 1378 3502 latet
1407 3452 1439 3501 et
1462 3442 1558 3514 rideo,
1583 3450 1617 3502 ut
1639 3444 1798 3504 clarificari
1821 3444 1928 3523 possit,

574 3538 628 3599 sed
643 3545 758 3597 sumtus
778 3534 1022 3610 subterfugimus.
1070 3532 1161 3592 Nullo
1186 3550 1222 3590 ex
1239 3532 1284 3602 iis,
1312 3550 1386 3609 quae
1411 3531 1555 3590 hactenus
1579 3531 1680 3590 videre
1704 3533 1799 3608 potui,
1823 3535 1931 3594 stellae

572 3626 705 3688 minutae
731 3624 928 3700 deteguntur,
969 3640 1025 3681 uuo
1059 3629 1185 3697 excepto
1219 3620 1296 3697 qued
1326 3619 1389 3696 ipse
1414 3619 1577 3679 construxi.
1624 3621 1659 3680 Id
1695 3640 1753 3680 non
1788 3624 1929 3701 majorem

571 3716 665 3795 tripla
688 3714 866 3773 diametrum
892 3711 965 3770 facit
988 3718 1040 3769 aut
1063 3728 1208 3769 summum
1233 3708 1409 3786 quadrupla.
1453 3707 1567 3768 Stellas
1593 3719 1694 3768 tamen
1719 3709 1786 3769 riae
1813 3712 1930 3772 lacteae

572 3803 716 3883 plurimas
740 3799 968 3859 distinctissime
993 3799 1123 3858 exitibot.
1172 3797 1297 3856 blirum!
1332 3815 1397 3856 cum
1423 3797 1450 3855 iu
1476 3797 1551 3855 huuc
1584 3815 1667 3856 usum
1692 3798 1854 3859 formatum
1878 3800 1927 3871 sit,

572 3900 606 3953 ut
629 3891 770 3952 illuderet
794 3888 968 3965 spectatori.
1018 3886 1119 3947 Causa
1144 3893 1192 3944 est
1216 3886 1385 3958 claritatiS,
1420 3885 1489 3963 quia
1521 3885 1760 3963 copiosissimam
1794 3890 1928 3949 admittit

572 3981 679 4042 lucem.
725 3978 789 4038 Nec
810 3976 886 4035 euim
909 3984 941 4035 ut
960 3975 1069 4036 ceteris
1085 3974 1192 4033 limbus
1217 3973 1306 4033 lentis
1330 3991 1483 4033 convexae
1508 3973 1627 4051 tegitur,
1654 3982 1720 4034 tota
1744 3975 1810 4037 lens
1833 3985 1928 4056 patet,

571 4069 675 4147 itaque
699 4076 731 4126 et
755 4067 783 4125 iu
815 4065 909 4124 latam
932 4063 1083 4141 regionem
1108 4063 1190 4123 visus
1216 4061 1346 4122 excurrit
1370 4070 1400 4121 et
1425 4062 1513 4121 facile
1538 4081 1613 4140 quae
1637 4083 1747 4141 quaero
1773 4083 1928 4145 assequor.

571 4155 714 4217 Proximo
738 4150 896 4213 interlunio
919 4152 1049 4212 Martem
1083 4151 1260 4210 matutinum
1292 4169 1356 4210 suru
1388 4151 1619 4228 contemplatus.
1666 4153 1795 4230 Aliquot
1822 4156 1929 4216 stellas

571 4244 703 4305 minutas
727 4241 798 4316 vidi,
824 4241 877 4300 sed
901 4259 958 4300 non
984 4240 1011 4299 in
1037 4238 1251 4317 longitudinem
1275 4238 1390 4298 zodiaci
1416 4238 1599 4316 dispositas,
1623 4248 1696 4317 puto
1722 4245 1929 4303 accensendas

572 4332 633 4394 lino
657 4330 798 4391 Piscium.
844 4328 952 4389 lovem
977 4329 1105 4388 noudum
1137 4347 1190 4406 per
1222 4328 1250 4386 id
1280 4328 1394 4405 asperi.
1439 4325 1551 4388 Cetera
1583 4337 1616 4387 ut
1648 4328 1786 4408 quodque
1812 4332 1928 4406 melius,

570 4421 750 4500 praesertim
775 4419 852 4497 quod
885 4418 1073 4495 vigecuptat,
1111 4417 1257 4494 paulatim
1290 4417 1361 4477 mibi
1386 4416 1530 4493 detegunt
1558 4417 1661 4476 Lunae
1694 4417 1821 4493 sacie1u3
1853 4421 1929 4482 satis

570 4509 650 4571 eninr
673 4509 727 4569 illa
750 4507 867 4568 luminis
884 4506 982 4572 babet,
1008 4507 1098 4565 etiam
1123 4525 1187 4566 cum
1212 4524 1266 4583 per
1289 4504 1481 4565 tenuissimas
1505 4505 1596 4564 rimas
1621 4505 1789 4584 inspicitur.
1829 4510 1929 4571 Video

569 4598 662 4679 igitur
687 4595 912 4674 dispositionem
937 4596 1122 4654 macularum
1146 4602 1306 4665 accurate;
1342 4593 1428 4652 video
1459 4594 1487 4652 in
1520 4595 1618 4653 media
1651 4596 1786 4656 sectione
1813 4599 1928 4680 primae

571 4687 704 4768 quadrae
728 4683 930 4762 promontoria
955 4685 1010 4744 duo
1036 4684 1153 4756 lucida,
1188 4683 1274 4743 video
1298 4682 1445 4761 paulatim
1478 4692 1510 4741 et
1537 4682 1606 4743 vitri
1631 4683 1770 4761 glacialis
1796 4687 1928 4765 speciem

570 4774 682 4847 (Galil.
706 4773 737 4833 in
760 4771 876 4833 Nuncio
900 4770 964 4832 siu.
990 4792 1019 4851 p.
1044 4770 1099 4833 15:
1124 4772 1250 4831 vascula
1274 4791 1292 4830 a
1316 4772 1405 4849 vulgo
1430 4770 1575 4848 glaciales
1599 4771 1702 4851 cyathi
1725 4777 1927 4854 nuncupata).

569 4862 628 4924 Die
652 4861 686 4924 S.
710 4859 818 4922 Jacobi
851 4867 885 4920 nt
917 4868 948 4920 et
980 4860 1095 4921 dnobus
1128 4869 1199 4920 ante
1232 4859 1383 4919 mensibus
1417 4861 1520 4919 notavi
1553 4860 1583 4920 in
1616 4861 1675 4920 imo
1699 4879 1791 4923 cornu
1816 4866 1926 4927 nodum

570 4950 716 5023 lucidum,
744 4947 871 5009 divisum
896 4956 927 5008 et
950 4970 969 5008 a
992 4967 1083 5009 cornu
1107 4967 1198 5027 supra
1222 4955 1253 5007 et
1276 4947 1313 5007 ab
1337 4955 1470 5008 extremo
1494 4948 1570 5009 lucis
1594 4948 1729 5010 acumine
1753 4952 1793 5012 ad
1817 4960 1925 5016 ortum.

570 5036 655 5108 Quos
679 5038 802 5100 dicimus
829 5037 970 5111 „oculos“
995 5036 1078 5097 soleo
1102 5054 1276 5115 comparare
1301 5036 1485 5115 quadrupedi
1509 5037 1547 5098 ad
1570 5045 1690 5115 pastum
1714 5040 1824 5114 ruenti,
1849 5040 1926 5103 rictu

567 5126 751 5205 etpedibus
773 5124 973 5207 primoribus5
1005 5125 1094 5205 idque
1126 5132 1176 5188 est
1207 5122 1330 5187 sinister
1361 5123 1464 5188 oculus
1495 5146 1511 5186 e
1539 5125 1661 5203 regione
1683 5127 1782 5190 nostri
1815 5127 1926 5194 dextri.
