4584 6192
490 601 553 670 ng
954 599 1143 665 summm
1164 602 1189 650 u
1211 599 1377 652 usuram.

487 783 643 856 trahimus,
669 801 727 864 qno
750 781 849 862 pisces
873 777 998 839 trahunt
1020 796 1139 856 aquam.
1178 776 1348 838 Statuisset
1374 777 1476 856 itaque
1500 776 1603 857 Tycho
1632 795 1692 837 non
1717 795 1843 840 sucees-

486 874 598 934 soriam
622 872 860 934 attenuationem
884 866 963 927 aeris
988 866 1017 926 in
1041 868 1194 928 aetherem
1219 873 1251 927 et
1273 865 1515 928 obliterationem
1543 864 1706 926 densitatis
1730 865 1843 941 aeriae,

485 962 540 1022 sed
563 962 756 1022 manifestum
780 966 812 1018 et
835 955 959 1018 evidens
982 955 1156 1029 discrimen,
1190 955 1269 1033 quod
1292 955 1318 1016 si
1342 955 1409 1036 qnis
1438 974 1530 1034 snpra
1552 953 1754 1030 consisteret,
1785 974 1843 1017 non

484 1050 583 1111 minus
607 1050 663 1130 ipsi
688 1049 717 1109 in
746 1046 848 1108 oculos
877 1052 960 1105 esset
988 1044 1188 1116 incursurum,
1221 1062 1256 1103 ac
1281 1044 1346 1123 jam
1370 1044 1552 1122 superficies,
1576 1062 1653 1125 qnae
1677 1050 1782 1106 aerem
1806 1043 1844 1106 ab

486 1157 566 1219 aqna
597 1147 738 1218 separat,
767 1138 795 1197 in
821 1134 923 1194 oculos
947 1132 1080 1194 incurrit.
1127 1132 1340 1193 Rotlrmannus
1372 1140 1479 1194 contra
1509 1152 1568 1194 non
1601 1133 1784 1212 impegisset
1814 1132 1845 1195 in

484 1227 632 1307 principia
653 1226 763 1306 optica
790 1223 871 1285 feriri
886 1241 906 1282 a
919 1221 985 1282 lnce
1009 1221 1196 1302 superficiem
1219 1221 1367 1282 densioris
1391 1222 1491 1296 medii,
1516 1241 1571 1284 nec
1584 1229 1687 1283 umen
1707 1231 1842 1284 mutuum

484 1315 641 1396 quicquam
663 1315 729 1395 pati
752 1332 806 1374 nec
834 1310 977 1388 refringi:
1008 1311 1146 1390 quodque
1170 1328 1229 1371 non
1253 1318 1302 1371 est
1324 1310 1355 1371 in
1379 1310 1506 1389 singulis
1534 1311 1687 1390 partibus,
1711 1311 1742 1372 in
1767 1330 1860 1373 con..

484 1405 645 1484 duplicatis
659 1404 777 1475 inesse;
801 1409 833 1461 et
851 1398 1057 1479 profunditate
1076 1399 1241 1461 mediorum
1256 1398 1380 1478 refringi
1398 1400 1510 1472 radios,
1533 1419 1592 1462 non
1610 1399 1842 1481 superficiebus:

484 1512 561 1574 quae
583 1493 682 1555 omnia
705 1490 837 1552 absurda
859 1495 939 1549 sunt.

527 1631 559 1696 2.
596 1632 700 1695 Varii
724 1632 906 1693 rariorum
930 1628 1023 1689 modi
1047 1626 1309 1690 metiendarum
1338 1629 1601 1692 refractionnm
1628 1629 1797 1693 refutati.

571 1758 683 1837 Magno
716 1755 854 1817 constitit
885 1754 933 1815 rel
968 1753 1049 1813 solus
1081 1752 1187 1812 modus
1219 1771 1418 1833 mensuraque
1448 1754 1679 1828 refractionnm,
1711 1774 1768 1817 nec
1797 1756 1841 1816 sic

482 1849 601 1929 impune
624 1844 830 1906 admittendus
854 1861 887 1903 es
911 1842 1021 1912 lector,
1054 1840 1122 1919 quin
1146 1859 1201 1919 per
1224 1842 1329 1902 eadem
1353 1842 1436 1920 prins
1469 1843 1591 1904 dumeta
1614 1843 1839 1924 inquisitionum

481 1934 662 2009 traducaris,
687 1952 763 2013 qnae
788 1933 852 2010 ipse
875 1929 1067 2010 perreptari;
1091 1937 1125 1988 ut
1148 1930 1219 2007 qnia
1246 1931 1375 1993 fructum
1403 1951 1588 1994 communem
1612 1951 1645 1993 es
1669 1932 1838 2007 habiturus,

481 2026 614 2088 laborem
639 2041 754 2104 quoqne
784 2020 943 2100 praelibes.
992 2017 1137 2089 Quamvis
1161 2017 1190 2079 in
1214 2028 1295 2080 tuam
1324 2020 1486 2082 utilitatem
1511 2022 1567 2083 boc
1591 2021 1685 2096 cedit,
1710 2029 1746 2084 nt
1769 2022 1841 2101 quia

482 2114 613 2176 nondum
637 2112 711 2174 nihil
744 2118 900 2189 superest,
932 2109 1010 2188 quod
1040 2107 1067 2167 in
1100 2107 1312 2169 refractionnm
1346 2128 1438 2170 cansa
1465 2111 1635 2182 desideres,
1666 2129 1840 2173 mensuram

480 2215 580 2266 tamen
605 2210 687 2264 certo
711 2200 792 2261 scias
815 2198 927 2259 nnllam
952 2214 1109 2277 superesse
1133 2195 1240 2271 aliam,
1272 2198 1464 2276 perlustratis
1494 2199 1631 2261 omnibns
1655 2200 1836 2274 recessibus,

480 2293 655 2372 habeasque
687 2288 849 2370 quaerendi
882 2286 1055 2347 methodum
1089 2284 1127 2345 ob
1158 2286 1278 2360 oculos,
1312 2288 1396 2365 cujus
1424 2288 1519 2349 solius
1552 2288 1679 2350 intuitus
1713 2289 1836 2350 maximi

480 2379 648 2462 argumenti
672 2379 738 2439 loco
753 2385 810 2448 est,
834 2394 890 2437 non
907 2395 944 2435 ex
964 2373 1088 2435 arbitrio
1112 2384 1283 2453 susceptum
1307 2376 1385 2437 hunc
1408 2377 1552 2438 metiendi
1575 2378 1705 2440 modum.
1740 2379 1835 2457 Ejus·

479 2471 559 2533 modi
582 2486 708 2550 namque
733 2477 793 2540 est,
827 2473 861 2525 ut
884 2466 1060 2536 affectatus,
1095 2481 1153 2523 non
1178 2482 1316 2525 ererum
1350 2474 1459 2527 natura
1490 2467 1612 2529 oblatus
1640 2485 1709 2529 esse
1740 2467 1835 2529 videri

481 2560 588 2639 possit,
613 2557 669 2618 nisi
694 2554 852 2616 monearis.

567 2647 698 2708 Primum
721 2644 777 2705 hoc
801 2643 829 2704 in
859 2658 968 2721 genere
1002 2639 1090 2701 facile
1122 2649 1244 2701 constat
1268 2662 1286 2702 a
1314 2643 1381 2703 sola
1411 2644 1616 2723 experientia,
1649 2644 1833 2708 densitatem

479 2735 620 2816 pellucidi
643 2753 710 2796 esse
735 2733 763 2793 in
788 2751 881 2793 causa
904 2728 1126 2801 refractionnm,
1153 2730 1230 2808 quod
1255 2749 1347 2810 snpra
1371 2732 1461 2794 etiam
1486 2733 1615 2813 apriori
1639 2733 1834 2798 demonstra-

478 2826 573 2887 vimus
598 2822 688 2904 (Cap.
714 2823 736 2897 l,
765 2819 832 2894 lt).

567 2914 683 2976 Deinde
707 2921 739 2972 et
761 2912 817 2971 hoc
841 2915 966 2979 certum,
991 2905 1017 2965 si
1042 2905 1092 2965 lux
1115 2907 1405 2986 perpendiculariter
1433 2909 1549 2972 incidat
1571 2910 1601 2972 in
1631 2911 1832 2991 superficiem,

478 3024 544 3066 eam
572 3020 631 3064 non
662 3000 799 3079 refringi,
830 3004 863 3058 at
893 3003 978 3055 tanto
1006 2993 1176 3055 evidentius
1209 2997 1350 3076 refringi,
1385 3008 1498 3079 quanto
1532 2999 1637 3062 incidit
1671 3001 1831 3081 obliquius.

476 3094 573 3173 Igitur
596 3099 627 3152 et
650 3087 815 3152 incidentia
837 3082 987 3147 concurrit
1011 3083 1049 3143 ad
1073 3102 1210 3157 causam,
1236 3086 1314 3164 quod
1339 3105 1430 3166 supra
1460 3106 1576 3170 qnoque
1605 3087 1697 3169 (Cap.
1721 3091 1748 3165 I,
1773 3086 1833 3160 20)

478 3203 497 3243 a
520 3182 620 3261 priore
645 3179 793 3240 deducere
817 3194 883 3236 sum
906 3180 1043 3234 conatus.

563 3270 656 3332 Patet
679 3268 778 3347 igitur,
803 3262 975 3345 permisceri
1001 3269 1156 3339 utramque
1181 3279 1318 3336 cansam,
1344 3262 1388 3323 sic
1411 3271 1445 3324 ut
1467 3265 1539 3327 nihil
1561 3274 1701 3345 praestet
1725 3266 1830 3329 densi·

475 3369 538 3435 tas,
569 3358 595 3419 si
619 3366 718 3419 mente
745 3372 903 3417 removeas
936 3349 1149 3421 incidentiam;
1183 3350 1253 3427 quia
1275 3351 1394 3429 species
1418 3352 1615 3430 incidentiae,
1640 3375 1679 3418 ea
1701 3356 1830 3432 scilicet,

471 3467 549 3531 qnae
573 3447 612 3508 ad
636 3446 763 3525 angulos
787 3451 886 3505 rectos
909 3439 952 3508 fit,
977 3437 1160 3499 refractione
1184 3438 1308 3499 densum
1332 3441 1421 3519 plane
1445 3443 1568 3522 spoliat.
1608 3447 1831 3525 Argumentum

471 3538 596 3600 evidens
620 3536 694 3614 ejus,
720 3533 798 3614 quod
822 3549 914 3610 supra
937 3527 1029 3607 (Cap.
1056 3528 1080 3598 I,
1109 3522 1159 3587 10.
1179 3522 1234 3600 14)
1258 3547 1277 3587 a
1300 3528 1390 3607 priori
1415 3529 1534 3601 deduxi,
1559 3552 1617 3594 non
1641 3533 1707 3614 pati
1732 3535 1831 3597 lucem

471 3625 590 3689 adensi
614 3641 747 3703 corpore,
773 3623 827 3683 sed
843 3620 941 3681 asola
965 3614 1141 3695 superficie:
1168 3615 1333 3678 incidentia
1355 3618 1434 3680 enim
1450 3629 1499 3681 est
1521 3622 1692 3684 terminatio
1717 3632 1828 3700 motus,

468 3726 567 3780 motus
592 3715 620 3775 in
646 3722 731 3775 recta
753 3720 819 3773 est:
852 3715 953 3770 rectae
977 3702 1096 3766 termini
1128 3715 1241 3781 puncta
1264 3714 1296 3766 et
1318 3706 1499 3770 infinitarum
1527 3711 1736 3790 contiguarum
1760 3721 1827 3774 ter·

467 3807 563 3868 minus
587 3810 635 3865 est
658 3801 829 3882 superficies
853 3798 945 3876 (qnae
969 3794 1062 3855 habet
1084 3792 1202 3854 infinita
1225 3794 1401 3857 continuata
1420 3799 1561 3878 puncta),
1584 3818 1643 3861 non
1663 3819 1735 3863 vero
1756 3820 1827 3864 cor-

489 3894 612 3958 ulentia.

467 3915 494 3994 p'
556 3980 659 4053 Quare
683 3997 742 4040 non
766 3977 795 4038 in
821 3971 1008 4055 corpulentia
1030 3969 1126 4044 densi,
1151 3970 1206 4031 sed
1229 3971 1258 4032 in
1283 3973 1439 4052 superficie
1469 3976 1611 4038 consistit
1633 3978 1826 4042 refractionis

645 4104 698 4169 pig·
724 4098 765 4149 ⁶0·
946 4079 1048 4121 causa.
1087 4059 1172 4159 Haec
1193 4060 1255 4121 sint
1274 4062 1360 4123 uobis
1379 4072 1464 4124 certa
1482 4063 1715 4143 judicandarum
1739 4087 1825 4130 men·

946 4167 1082 4210 surarum
1104 4149 1262 4228 principia.

882 4255 903 4306 r
1011 4238 1078 4299 Non
1104 4243 1153 4297 est
1176 4237 1268 4317 igitur
1291 4239 1366 4299 haec
1385 4239 1474 4318 justa
1497 4243 1713 4307 refractionnm
1736 4264 1824 4307 men·

849 4337 862 4372 f
942 4345 1032 4399 sura,
1069 4344 1145 4404 quac
1179 4326 1356 4388 alterutram
1392 4328 1496 4392 harum
1534 4350 1693 4395 cansarum
1725 4334 1825 4398 solam

942 4414 1089 4493 sequitur.

805 4514 809 4527 ’
1008 4502 1110 4563 Prima
1144 4502 1192 4563 hic
1229 4502 1367 4582 impingit
1404 4523 1507 4568 eornm
1541 4509 1713 4586 sententia,
1745 4530 1822 4593 qaae

941 4609 1111 4652 mensuram
1128 4591 1248 4671 quaerit
1262 4592 1290 4652 in
1306 4594 1386 4654 nuda
1406 4596 1582 4673 prolixitate
1601 4598 1750 4662 suasinus
1768 4618 1824 4680 par

941 4679 1073 4740 medium
1093 4679 1226 4741 densius.
1263 4680 1425 4760 Multiplex
1444 4702 1536 4746 error.
1577 4684 1628 4748 Sit
1645 4687 1823 4767 superficias

884 4747 899 4791 ⁶
940 4767 1026 4829 aens
1050 4765 1114 4841 ou,
1139 4768 1249 4830 rannus
1272 4768 1338 4844 nn,
1364 4771 1414 4831 lux
1438 4773 1560 4836 sauros
1583 4776 1623 4848 s,
1647 4777 1727 4839 rann
1748 4777 1820 4853 ab,

939 4856 1006 4917 An.
1054 4856 1137 4917 Dicit
1159 4856 1235 4918 haec
1264 4857 1379 4936 opinio,
1412 4861 1456 4921 sic
1479 4880 1548 4924 esse
1569 4863 1612 4925 ad
1634 4883 1669 4925 se
1691 4865 1822 4930 invicem

890 4943 894 4969 ²
939 4942 1152 5006 refractionnm
1186 4948 1330 5024 angulos,
1365 4956 1397 5009 ut
1429 4958 1500 5011 sunt
1530 4959 1634 5030 partes
1666 4954 1820 5018 radiorm

881 5075 905 5116 p
939 5031 1119 5095 directorum
1143 5034 1200 5095 sub
1227 5035 1319 5097 denso
1342 5036 1398 5098 BD
1422 5038 1461 5099 ad
1481 5036 1545 5102 OE.
1593 5041 1726 5106 Primum
1750 5053 1820 5107 sta·

943 5127 1046 5184 tuetur
1070 5122 1099 5184 in
1121 5130 1208 5185 recta
1231 5124 1395 5188 incidentia
1421 5127 1524 5209 aliqua
1548 5129 1707 5211 minotio,
1736 5133 1820 5216 quod
