4584 6192
535 609 603 680 128
1132 607 1164 659 n
1186 605 1303 673 opum

626 790 723 858 ltaque
740 787 756 841 5
777 786 899 842 locorum
921 801 1055 838 consensu
1076 783 1196 838 latitudo
1217 785 1370 838 meridiana
1390 785 1451 838 visa
1471 785 1566 854 major,
1590 793 1620 838 et
1633 786 1737 839 Romae
1759 787 1810 840 lat.
1832 786 1895 838 risa

536 867 764 937 septentrionalis
786 867 872 919 minor
895 863 987 935 (quem
1008 881 1168 917 consensum
1190 871 1281 918 tamen
1303 865 1329 916 in
1346 865 1445 918 slecis
1466 866 1582 919 eluserit
1603 866 1662 934 quis
1679 866 1773 934 optica
1786 865 1894 919 ratione

537 946 723 1016 ampliationis
745 941 906 1012 radiorum).
949 946 1066 997 Rursum
1087 944 1216 1013 Inspurgi
1238 952 1267 996 et
1286 944 1399 1013 reliquis
1424 946 1492 998 locis
1521 951 1634 1014 praeter
1655 946 1825 1016 Tubingam,
1846 946 1893 997 ubi

535 1026 604 1080 nihil
624 1028 717 1094 hujus,
740 1026 864 1079 omnibus
885 1024 1018 1078 maturius
1048 1024 1189 1091 apparuit.
1231 1024 1363 1076 Remedia
1383 1031 1451 1093 puto
1473 1024 1534 1092 jam
1562 1042 1699 1094 expressa
1718 1025 1745 1079 in
1768 1026 1895 1095 proxima

537 1106 642 1176 eclipsi.
670 1106 742 1158 Nam
763 1107 796 1158 de
818 1107 887 1158 nodo
908 1105 987 1157 nulla
1008 1121 1088 1171 spes:
1110 1103 1198 1155 minus
1220 1103 1268 1155 ille
1284 1104 1364 1165 cedit,
1387 1121 1467 1173 quam
1490 1105 1621 1157 terminus
1643 1105 1723 1174 lapis.
1758 1105 1786 1157 Si
1802 1113 1893 1158 taram

536 1184 693 1256 abjicienda
713 1185 843 1254 temporis
874 1184 1003 1253 aequatio
1024 1199 1099 1245 mea,
1128 1183 1231 1251 peribit
1251 1200 1308 1235 una
1328 1184 1401 1235 bona
1430 1184 1596 1249 phantasia,
1628 1202 1679 1236 nec
1699 1185 1726 1237 id
1747 1192 1845 1253 potero
1867 1186 1894 1236 in

535 1265 657 1336 gratiam
678 1267 792 1317 duarum
821 1263 979 1332 eclipsium,
1009 1264 1079 1332 quod
1105 1263 1251 1330 plurimum
1282 1263 1398 1315 aliarum
1428 1264 1568 1335 suffragiis
1590 1271 1634 1316 est
1654 1266 1822 1319 roboratum.
1864 1266 1893 1317 In

537 1361 650 1407 summa,
666 1361 710 1397 res
725 1344 790 1397 mihi
805 1344 903 1396 recidit
916 1344 944 1396 in
958 1349 1040 1395 tanta
1061 1342 1291 1411 multiplicatione
1312 1343 1506 1411 principiorum
1520 1345 1556 1396 ad
1570 1344 1648 1397 illam
1661 1344 1893 1412 periclitationem

535 1426 705 1486 chartarum,
728 1426 761 1476 de
782 1440 837 1493 qua
857 1423 885 1475 in
905 1424 976 1476 libro
998 1425 1031 1475 de
1052 1422 1143 1475 Stella
1164 1439 1237 1474 nova
1258 1422 1324 1490 Cap.
1346 1422 1461 1476 XXVII.

625 1501 738 1552 Remus
756 1502 897 1564 respondit:
927 1500 965 1549 De
983 1501 1046 1549 binis
1072 1499 1222 1548 neutralibus
1251 1499 1381 1562 eclipsibus
1400 1499 1525 1550 Cluvianis
1550 1500 1608 1549 mihi
1634 1501 1727 1549 nullum
1755 1502 1890 1566 negotium.

535 1574 590 1639 Ego
608 1573 754 1636 comprobo,
783 1573 808 1621 in
827 1571 966 1634 Conymbra
984 1571 1087 1620 totalem
1105 1585 1161 1619 cum
1184 1584 1253 1619 mora
1272 1568 1364 1632 (spatio
1392 1573 1463 1619 unius
1484 1565 1657 1629 ¹,Miserere‘l
1676 1574 1712 1621 sic
1730 1571 1790 1621 mihi
1808 1572 1892 1621 retulit

536 1646 617 1695 accim
636 1643 721 1699 Clarii,
741 1644 895 1692 observatam
914 1644 1006 1697 inisse:
1025 1648 1052 1689 et
1069 1643 1094 1689 iu
1113 1640 1229 1690 Romana
1248 1641 1391 1710 relinquitur
1409 1641 1468 1690 mihi
1489 1643 1571 1691 adhuc
1590 1644 1666 1691 etiam
1685 1643 1799 1699 circulus,
1819 1658 1892 1707 quem

535 1718 647 1777 injusta
665 1714 745 1777 figura
763 1714 861 1776 depinxi
879 1721 905 1762 et
922 1714 1055 1761 monstrari
1076 1711 1174 1768 Clasio,
1194 1713 1328 1767 asserenti,
1348 1712 1425 1761 talem
1451 1715 1560 1774 proxime
1578 1728 1605 1762 se
1623 1714 1721 1763 vidisse.
1759 1712 1826 1763 Nam
1846 1728 1892 1762 nec

535 1786 656 1840 demanio,
677 1786 717 1847 qni
729 1800 779 1833 non
793 1791 830 1832 est
842 1785 1041 1839 mathematicus,
1060 1798 1107 1831 nec
1120 1782 1293 1844 Neapolitanis
1305 1784 1395 1845 ineptis
1408 1785 1511 1832 multum
1523 1784 1580 1833 fido.
1606 1784 1695 1834 Habeo
1714 1785 1894 1834 viterbiensem

536 1856 675 1920 eclipticam
704 1857 916 1910 observationem,
944 1865 1018 1919 quam
1045 1866 1167 1917 opponam
1187 1849 1272 1908 1805.
1300 1862 1373 1916 prout
1391 1869 1435 1902 suo
1463 1862 1572 1918 tempore
1600 1856 1701 1904 videbis.
1739 1855 1820 1904 Altius
1848 1855 1894 1904 erit

538 1927 663 1978 claranda
681 1925 769 1985 Luna,
798 1926 958 1975 retractiones
977 1923 1040 1974 Solis
1065 1924 1214 1972 minuendae
1241 1932 1340 1987 propter
1367 1926 1494 1974 minimam
1513 1925 1577 1975 Solis
1595 1926 1747 1990 parallaxin,
1778 1941 1825 1977 nec
1842 1926 1895 1975 nlla

536 1999 598 2048 iorte
622 1999 688 2046 inter
714 1997 776 2045 fixas
803 2003 829 2045 et
857 1995 939 2046 Solam
966 2001 993 2045 et
1017 1996 1115 2044 Lunam
1142 1996 1297 2044 retractionis
1323 1995 1477 2050 differentis,
1505 2002 1531 2045 et
1553 1997 1633 2046 multa
1660 1997 1710 2046 alia
1737 1997 1892 2063 corrigenda.

536 2068 620 2131 (Haeo
638 2067 731 2117 Remus
749 2069 775 2116 in
793 2068 912 2129 epistola,
937 2066 961 2115 d.
982 2066 1005 2114 d.
1026 2063 1050 2113 1.
1072 2065 1128 2115 Oct.
1151 2062 1284 2125 Viennae.)
1321 2066 1369 2116 Die
1389 2064 1430 2115 26.
1451 2066 1506 2117 Oct
1537 2068 1625 2117 addit:
1654 2067 1813 2117 camelario
1839 2069 1892 2131 ipse

535 2140 632 2189 locutus
650 2154 704 2187 sum
723 2153 796 2201 super
814 2137 881 2187 hisce
905 2137 1051 2199 eclipsibus:
1078 2138 1154 2200 igitur
1171 2151 1220 2184 nnn
1244 2136 1348 2185 libenter
1373 2138 1478 2194 recedo;
1504 2145 1530 2187 et
1547 2138 1594 2187 iuit
1611 2140 1647 2185 sir
1666 2139 1776 2187 veritatis
1795 2152 1892 2188 amans.

625 2218 646 2266 Ε
664 2218 766 2280 Kepleri
785 2219 942 2280 responsione
961 2217 1090 2280 sequentia
1107 2216 1157 2264 hnc
1175 2217 1315 2278 pertinent:
1336 2212 1473 2264 centrales
1489 2211 1576 2264 Clarii
1594 2211 1711 2280 eclipses
1731 2210 1892 2265 assumsisti.

537 2294 567 2347 ld
587 2291 611 2345 si
632 2290 793 2350 tentaveris,
816 2291 937 2343 invenies
959 2291 1029 2359 quod
1052 2305 1131 2359 agas.
1172 2290 1243 2341 Nam
1265 2290 1288 2341 si
1310 2298 1366 2344 tam
1396 2291 1482 2344 altam
1511 2290 1627 2344 assumis
1647 2291 1768 2354 Lunam,
1790 2298 1823 2344 ut
1843 2292 1893 2344 cir·

537 2372 614 2426 culus
636 2372 709 2424 circa
729 2371 821 2424 Solem
842 2370 1005 2424 ann0156'i
1027 2370 1209 2438 relinquatur,
1232 2369 1283 2421 illa
1303 2379 1378 2423 certe
1399 2378 1465 2423 tunc
1486 2370 1513 2423 in
1534 2371 1706 2441 longitudine
1727 2370 1818 2425 media
1831 2371 1892 2433 fuit,

537 2451 585 2507 Sol
606 2450 690 2505 etiam
711 2450 738 2503 iu
759 2450 932 2520 longitndine
954 2449 1051 2511 media,
1074 2465 1163 2519 eaque
1184 2449 1316 2517 superior.
1347 2450 1394 2504 Sol
1416 2450 1504 2520 igitur
1524 2450 1552 2503 in
1571 2451 1705 2521 perigaeo
1726 2449 1816 2518 major
1835 2452 1891 2513 fiet,

536 2532 617 2586 Luna
637 2531 665 2584 in
687 2546 814 2601 apogaeo
835 2529 930 2583 minor.
972 2529 1041 2590 Quid
1063 2545 1131 2597 ergo
1152 2527 1201 2580 fiet
1222 2528 1318 2598 eclipsi
1340 2546 1411 2582 anno
1435 2532 1519 2593 1601,
1542 2530 1589 2585 23.
1610 2531 1697 2584 Dec?
1727 2534 1807 2584 Anne
1828 2530 1891 2584 mihi

536 2614 589 2676 hoo
609 2610 722 2680 eripies,
755 2611 825 2679 quod
845 2609 912 2663 meis
934 2609 1020 2662 oculis
1041 2609 1111 2671 ridi,
1142 2608 1305 2661 diametrum
1324 2610 1421 2662 Lunae
1443 2607 1514 2663 31‘i
1551 2612 1590 2664 Et
1617 2610 1680 2681 quid
1708 2626 1821 2663 necesse
1849 2616 1894 2662 est

536 2692 589 2747 hoe
608 2689 698 2759 sequi,
721 2705 851 2758 cumpro
879 2688 970 2758 specie
992 2688 1056 2743 anni
1081 2685 1165 2742 1567.
1191 2698 1343 2758 suppetant
1369 2689 1446 2744 nobis
1472 2690 1653 2744 retractiones
1674 2690 1821 2743 Lunares?
1858 2691 1892 2743 Ut

537 2787 593 2825 non
613 2770 701 2822 dicam
722 2770 756 2821 de
776 2769 920 2832 Jessenio,
951 2770 984 2822 de
1012 2767 1225 2838 Neapolitanis,
1255 2769 1308 2822 imo
1335 2786 1390 2823 non
1418 2772 1451 2823 de
1479 2769 1528 2832 iis,
1560 2770 1719 2841 quibuscum
1754 2788 1807 2823 nou
1835 2787 1893 2823 sum

536 2851 663 2904 loeutus:
685 2850 733 2901 sed
754 2850 787 2901 de
801 2848 949 2902 Sacellano
964 2849 1092 2902 Caesaris
1107 2847 1246 2916 Rudolphi
1265 2850 1359 2912 Herm,
1381 2850 1469 2904 fratre
1489 2850 1572 2912 illius,
1596 2850 1641 2919 qui
1663 2865 1733 2902 nunc
1754 2859 1799 2902 est
1818 2852 1891 2919 apud

536 2928 669 2985 Smenos.
690 2929 877 2997 Leopoldum;
898 2929 944 2982 hic
964 2928 1035 2981 enim
1056 2927 1219 2982 Sacellanus
1241 2936 1307 2981 tunc
1327 2935 1390 2982 erat
1409 2930 1536 2999 Neapoli.
1577 2930 1674 2999 Itaque
1695 2930 1788 2982 videre
1810 2930 1892 2983 velim

537 3009 739 3064 viterbiensem
764 3009 984 3062 observationem
1006 3009 1033 3061 in
1059 3010 1156 3061 eadem
1176 3007 1204 3060 ni
1233 3008 1317 3061 fallor
1346 3010 1410 3061 anni
1434 3010 1518 3065 1605.
1547 3009 1644 3078 eclipsi
1674 3009 1807 3064 habitam.
1848 3011 1892 3063 De

535 3089 747 3155 retractionibus
768 3089 840 3142 Solis
862 3089 889 3142 in
912 3088 1012 3158 Optica
1033 3090 1127 3141 eadem
1148 3104 1191 3139 me
1213 3088 1345 3156 suspicari
1365 3089 1431 3152 dixi,
1454 3105 1525 3158 quae
1546 3096 1577 3141 tu
1599 3088 1738 3159 sequeris;
1759 3089 1893 3142 diminuta

535 3168 643 3224 scilicet
670 3168 813 3239 parallaxi
833 3168 905 3222 Solis
936 3168 1065 3221 minorem
1093 3168 1153 3221 fieri
1182 3167 1375 3221 retractionem
1395 3168 1456 3238 ejus
1482 3175 1512 3222 et
1536 3169 1748 3222 retractionibus
1773 3170 1891 3222 fixarum

536 3266 570 3312 ae
589 3251 689 3304 ualens.
710 3279 750 3287 -

572 3267 588 3322 q
624 3328 695 3376 Haec
714 3325 810 3391 eclipsis
830 3324 959 3389 plurimum
977 3326 1079 3375 facessit
1096 3325 1189 3388 negotii
1201 3324 1319 3388 Keplero.
1344 3324 1400 3374 Vol.
1414 3325 1468 3375 XV.
1489 3325 1548 3375 Mss.
1568 3326 1633 3375 Petr.
1654 3327 1752 3390 saepius
1772 3327 1805 3375 ad
1823 3327 1891 3375 illam

536 3396 599 3447 redit
618 3411 763 3460 comparans
782 3398 964 3445 observationes
977 3397 1126 3445 diversomm
1139 3396 1255 3453 locorum,
1276 3396 1444 3461 talentumque
1458 3411 1513 3445 cum
1532 3398 1740 3447 observationibus
1760 3398 1891 3447 conciliare

537 3469 627 3518 nitens.
664 3468 757 3517 Horum
777 3474 909 3517 conatuum
927 3467 990 3515 haec
1009 3472 1067 3515 suut
1086 3468 1133 3515 duo
1153 3468 1296 3530 specimina,
1316 3468 1419 3517 alterum
1433 3470 1486 3516 sine
1506 3469 1572 3525 dato,
1593 3469 1695 3518 altemm
1715 3471 1890 3518 concinnatum

536 3537 939 3602 d.25.sun.1620,utrumqus
964 3553 1020 3587 sero
1048 3540 1221 3602 conscriptam,
1249 3546 1378 3601 postquam
1406 3539 1605 3604 legarithmorum
1630 3555 1760 3593 canonem.
1788 3541 1890 3603 posthac

536 3609 598 3660 Tab.
618 3610 684 3660 Rud.
708 3612 844 3665 insertum,
873 3610 1015 3659 coniecerat
1041 3609 1171 3672 Keplerns.
1209 3608 1330 3659 Numeros
1359 3618 1425 3659 certe
1452 3611 1588 3674 adscriptos
1616 3611 1712 3675 angulis
1741 3618 1766 3659 et
1785 3613 1890 3661 arcubus

535 3682 633 3731 exhibet
650 3683 691 3731 ille
710 3696 790 3731 canon
810 3679 883 3741 (st.
903 3679 968 3728 Rud.
991 3680 1031 3728 iol.
1054 3678 1176 3741 12-19).

623 3764 643 3812 l.
677 3762 809 3812 Consumto
829 3763 924 3825 integro
944 3761 1000 3808 folio
1019 3762 1044 3809 in
1063 3760 1209 3809 calculando
1229 3753 1254 3821 J)
1275 3760 1344 3816 loco,
1363 3761 1387 3808 in
1408 3760 1477 3809 calce
1496 3761 1569 3811 finem
1588 3762 1648 3810 iacit
1667 3761 1777 3810 addens:
1802 3755 1890 3817 „Tota

676 3837 761 3889 facies
783 3835 880 3888 nititur
901 3834 972 3887 salso
995 3835 1054 3887 loco
1071 3828 1112 3893 Θ,
1136 3834 1179 3885 cui
1200 3833 1289 3886 defuit
1312 3835 1366 3885 1⁰.“
1405 3839 1502 3889 Deinde
1529 3857 1581 3890 rem
1607 3841 1638 3889 de
1662 3857 1723 3890 novo
1750 3856 1888 3906 aggressus,

676 3923 838 3971 fundamento
856 3923 926 3984 ponit
952 3931 1062 3977 ,serum
1093 3922 1122 3966 et
1153 3921 1303 3966 correctum
1334 3915 1422 3966 locum
1445 3907 1476 3970 Θ
1507 3910 1558 3969 28⁰
1581 3911 1629 3968 41‘
1658 3913 1716 3968 16⁰
1739 3913 1782 3973 Y‘·
1811 3922 1889 3969 etsie

674 3996 774 4057 pergit:

823 4062 959 4112 Romae.
1455 4061 1688 4127 Uraniburgi.

533 4137 574 4187 sd
591 4136 615 4185 h.
636 4150 690 4199 aeq.
712 4133 752 4182 12.
774 4132 808 4195 0,
828 4149 884 4198 app.
907 4133 947 4181 12.
968 4132 1010 4183 26¹
1031 4131 1083 4181 25¹¹

534 4207 589 4258 AR.
610 4203 642 4265 Θ
662 4202 710 4253 ‘26⁰
729 4202 780 4263 38¹,
800 4206 843 4255 lat.
864 4220 916 4268 aeq.
938 4201 979 4253 58.
1000 4203 1042 4254 18.

873 4273 954 4323 17821
975 4299 1219 4314 ------
1242 4275 1244 4313 l
1271 4269 1352 4322 17821

871 4343 958 4394 29739
979 4376 987 4384 -
1008 4342 1094 4394 10113
1268 4340 1379 4391 tastu·
1396 4340 1482 4391 18857

852 4415 988 4482 ‘iiiia
1009 4430 1095 4481 attio
1253 4414 1496 4488 messam
1520 4429 1647 4500 28312,

640 4520 834 4574 sauso-
880 4548 890 4557 -
929 4553 938 4561 .
978 4501 1104 4570 amos
1378 4502 1616 4569 ’s'r‘ss-som

640 4591 807 4673 Q
1240 4558 1243 4666 i
1391 4589 1558 4656 saeoo'ic
1569 4583 1645 4670 ‘ast
1662 4635 1670 4643 -
1686 4604 1728 4654 ss.
1748 4603 1783 4653 es

643 4681 747 4731 ss.1·2.
786 4682 837 4730 o.
881 4712 890 4720 -
929 4711 938 4720 .
977 4678 1094 4729 -ssuso
1240 4678 1554 4748 ,asoto-'ter‘ff-to.
1592 4695 1608 4744 o
1683 4692 1887 4749 sacrosan-

642 4768 802 4819 ss.1o.-
851 4768 1094 4847 mico-iosos
1240 4760 1374 4832 ΨΜ.
1426 4784 1476 4834 195
1638 4780 1887 4846 poeseos

640 4857 682 4907 44.
721 4857 799 4907 t-
872 4856 987 4906 36160·
1010 4854 1104 4935 -1-93
1139 4852 1181 4902 ³⁰·
1220 4853 1243 4937 01
1301 4854 1610 4922 staffile-sess
1674 4852 1887 4921 W*

642 4946 684 5001 15.
705 4946 746 4994 51.
820 4944 843 5002 8
1010 4941 1350 5023 sssosfflu'eeisr
1492 4940 1733 5010 'esitasse

591 5029 616 5100 )
638 5033 679 5082 28.
701 5031 742 5081 5³.
764 5032 796 5082 12
817 5035 842 5097 Υ
989 5034 1052 5083 Visa
1068 5034 1113 5082 lat.
1151 5032 1175 5080 2.
1197 5032 1230 5079 52
1255 5032 1310 5081 Hac
1328 5032 1459 5081 latitudine

639 5102 822 5171 {HET-—
1145 5101 1242 5152 Romae
1262 5104 1345 5153 totalis
1364 5117 1418 5152 essa
1437 5118 1486 5151 nou
1505 5106 1592 5167 potnit.
