4584 6192
549 612 615 681 236
695 595 705 609 '³
1019 614 1210 677 Paralipomena
1228 615 1254 663 in
1273 612 1440 663 Vitelliansm.

549 800 612 854 tum
643 791 837 870 refringatur,
876 810 968 871 quara
1008 790 1104 851 miuus
1142 790 1259 869 quidem
1293 791 1321 850 iu
1355 791 1450 852 vitreo
1492 789 1628 850 discedet
1658 811 1677 850 a
1704 790 1797 869 priori
1831 809 1907 852 cono

548 882 662 942 directo
686 899 775 959 quam
799 881 828 941 in
844 880 1030 962 crystallino,
1055 880 1108 939 sed
1124 888 1224 939 tamen
1245 880 1381 940 discedet
1403 889 1434 940 et
1457 878 1501 938 sic
1525 878 1564 938 ad
1583 879 1739 941 sinistrum
1758 879 1906 958 parietem

548 969 662 1031 retiuae
686 969 844 1030 allabatur.
892 969 936 1029 At
959 989 994 1029 ue
1019 968 1192 1029 turbaretur
1215 969 1429 1047 hemisphaerii
1460 968 1555 1041 ratio,
1590 968 1616 1027 si
1640 977 1752 1046 puncta
1775 968 1850 1029 foris
1875 968 1904 1030 iu

546 1065 616 1120 abre
642 1077 679 1117 ex
703 1064 805 1118 centro
830 1058 907 1119 oculi
940 1057 996 1118 sibi
1026 1066 1128 1118 mutuo
1162 1058 1302 1135 opposita
1333 1058 1445 1137 tripiici
1474 1056 1654 1117 refractione
1679 1079 1697 1118 a
1720 1076 1850 1118 corneae
1875 1065 1907 1118 et

546 1145 714 1228 crystallini
743 1146 954 1226 superficiebus
988 1146 1068 1207 facta
1103 1146 1300 1206 deflecterent
1332 1147 1370 1205 ab
1399 1145 1600 1225 oppositione,
1627 1154 1658 1205 et
1681 1156 1829 1226 tanquam
1868 1147 1906 1206 ab

548 1235 658 1316 angulo
683 1236 711 1295 in
734 1235 970 1314 profunditatem
1003 1235 1079 1296 oculi
1109 1236 1273 1296 defluerent
1304 1235 1405 1314 sicque
1429 1254 1497 1295 sese
1520 1235 1550 1295 iu
1583 1236 1753 1314 portionem
1789 1235 1907 1297 retinas

547 1325 689 1385 minorem
714 1323 932 1402 hemisphaerio
957 1324 1151 1402 colligerent,
1175 1332 1283 1384 natura
1307 1324 1458 1402 egregiam
1473 1323 1621 1384 rationem
1636 1324 1760 1396 invenit,
1786 1332 1907 1385 statuto

547 1422 652 1476 centro
676 1413 792 1473 retinas
816 1432 873 1473 non
898 1412 927 1473 in
951 1432 1096 1473 concursu
1120 1413 1220 1474 axium
1244 1431 1394 1488 concrum,
1420 1413 1469 1493 qui
1493 1413 1621 1473 vitreum
1645 1413 1906 1492 humorempera-

546 1511 649 1583 grant,
685 1502 739 1562 sed
769 1501 855 1579 longe
888 1502 970 1562 iutra
998 1511 1029 1562 et
1054 1501 1142 1562 limbo
1173 1502 1290 1562 retineo
1319 1502 1440 1562 admoto
1465 1524 1483 1561 a
1508 1501 1674 1573 lateribus,
1711 1502 1814 1562 atita
1838 1502 1905 1564 coni

548 1591 708 1670 longiores,
734 1590 783 1669 qui
807 1591 873 1668 plns
898 1590 1110 1662 divaricantur,
1137 1600 1237 1652 rectas
1262 1599 1292 1649 et
1316 1589 1382 1650 ideo
1407 1590 1514 1651 breves
1537 1599 1641 1669 partes
1666 1590 1780 1651 retinae
1806 1590 1902 1653 inter·

546 1680 688 1760 ciperent,
715 1678 764 1758 qui
782 1697 852 1739 vero
871 1678 1033 1750 breviores,
1057 1680 1154 1741 minua
1180 1678 1383 1739 divaricantur
1407 1680 1444 1739 ad
1470 1680 1568 1740 latera
1591 1680 1716 1753 retinae,
1741 1680 1762 1739 ii
1786 1680 1904 1742 retinas

545 1769 664 1848 oblique
689 1768 827 1845 objectae
851 1787 976 1845 magnas
999 1769 1152 1847 portiones
1174 1769 1281 1847 exiguo
1306 1768 1904 1848 angulodistinguerentpunctorumque

545 1877 583 1918 ex
606 1856 744 1936 opposito
770 1856 966 1940 radiantium,
989 1858 1111 1918 refracti
1136 1877 1194 1918 non
1219 1856 1363 1936 oppositi,
1388 1857 1417 1918 in
1442 1857 1584 1936 opposita
1608 1857 1800 1918 nihilominus
1825 1858 1903 1919 reti·

545 1945 647 2007 formis
671 1954 784 2025 puncta
806 1944 972 2006 inciderent
1004 1953 1036 2006 et
1059 1946 1101 2007 sic
1126 1948 1210 2007 fieret
1238 1946 1453 2025 compensatio.
1499 1947 1644 2024 Adeoque
1675 1946 1701 2006 si
1731 1946 1902 2027 deniquae

544 2035 665 2115 punctis
690 2033 901 2111 hemisphaerii
929 2045 1031 2095 rectae
1056 2036 1234 2096 ducerentur
1257 2052 1310 2111 per
1333 2043 1467 2095 centrum
1491 2036 1607 2095 retinas
1632 2042 1664 2094 et
1686 2035 1776 2095 vitrei
1795 2035 1902 2097 humo·

546 2124 597 2197 ris,
623 2123 694 2184 illae
718 2129 829 2200 puncta
852 2142 924 2184 suae
948 2123 1078 2202 ipsorum
1102 2125 1237 2202 picturae
1266 2123 1294 2183 in
1319 2124 1460 2203 opposita
1492 2124 1589 2184 retina
1613 2123 1787 2202 signabunt.
1833 2122 1904 2185 Nisi

549 2213 605 2273 hoc
628 2213 728 2285 fieret,
764 2211 917 2291 quantitas
941 2232 1037 2273 rernm
1063 2234 1081 2273 a
1105 2215 1199 2274 latere
1224 2212 1356 2273 visarum
1380 2213 1554 2273 indistincte
1587 2230 1705 2291 semper
1734 2212 1904 2273 variaretur

547 2320 613 2364 curn
637 2300 713 2361 oculi
737 2302 939 2373 conversione,
965 2309 997 2361 ut
1021 2302 1054 2362 fit
1077 2323 1143 2363 cum
1162 2302 1337 2381 perspicilla
1360 2302 1454 2362 oculis
1478 2302 1685 2364 admoventur.
1724 2302 1804 2362 h'am
1829 2301 1905 2362 haec

549 2390 685 2470 quamvis
710 2389 795 2450 oculo
820 2389 1009 2450 immobiliter
1032 2392 1245 2463 adhaerentia,
1280 2391 1395 2451 sicum
1420 2410 1454 2451 co
1479 2390 1744 2463 circumferantur,
1776 2409 1903 2469 reprae-

546 2487 673 2540 sentant
696 2498 733 2538 ea
757 2496 833 2556 quae
857 2478 1013 2557 quiescunt
1037 2499 1102 2540 curn
1128 2480 1226 2558 aliquo
1252 2488 1343 2549 motu,
1366 2489 1488 2557 propter
1512 2480 1660 2540 variatam
1685 2478 1901 2557 hemisphaerii

494 2605 500 2614 ·
544 2567 747 2649 quantitatem
771 2575 967 2645 apparentem
992 2589 1010 2626 a
1034 2569 1190 2629 luteribus.

631 2656 725 2716 Porro
758 2655 805 2716 hic
838 2675 946 2735 operae
979 2658 1106 2735 pretium
1143 2666 1192 2717 est
1223 2656 1427 2726 considerare,
1462 2664 1605 2734 quantum
1638 2655 1716 2715 inter
1746 2655 1896 2717 directam

543 2752 575 2805 et
598 2744 755 2805 lateralem
779 2745 926 2806 visionem
949 2745 1078 2808 intersit.
1118 2746 1250 2808 Primum
1274 2745 1407 2806 directae
1431 2745 1555 2806 visionis
1580 2764 1672 2804 conus
1697 2765 1715 2804 a
1738 2746 1806 2806 sola
1820 2763 1899 2807 uvea

543 2840 706 2907 coercetur,
732 2851 822 2911 quare
838 2841 920 2896 totus
943 2834 973 2894 in
998 2854 1107 2896 cornea
1131 2844 1189 2904 est,
1213 2834 1326 2912 obliqui
1344 2833 1415 2914 ¹coni
1441 2833 1533 2912 aliqui
1557 2852 1700 2894 aeoraea
1715 2833 1782 2912 ipsa
1803 2834 1901 2895 desti-

543 2930 675 2985 tuuntur.
723 2922 853 2983 Possent
876 2925 955 2984 enim
978 2925 1096 2985 ratione
1120 2941 1215 2985 uveae
1240 2915 1364 2983 latiores
1389 2941 1475 2984 esse:
1509 2922 1611 3001 itaque
1645 2922 1776 2999 maligne
1805 2922 1901 2984 lucem

543 3010 746 3073 admetiuntur
774 3012 897 3074 retinae.
948 3011 1089 3075 Directus
1113 3033 1206 3074 conus
1230 3019 1279 3072 est
1302 3011 1455 3073 circularis
1479 3030 1533 3072 seu
1555 3019 1670 3083 rectus,
1696 3010 1809 3090 obliqui
1833 3020 1902 3073 sunt

541 3100 639 3180 pressi
663 3120 715 3161 seu
741 3101 864 3163 scaleni.
896 3102 1028 3163 ‘Directi
1053 3102 1119 3162 coni
1143 3102 1210 3162 axis
1235 3119 1292 3160 non
1318 3099 1491 3178 refringitur
1514 3100 1542 3160 iu
1569 3118 1688 3167 cornea,
1713 3100 1900 3179 obliquorum

542 3208 615 3250 axes
639 3190 841 3268 refringuntur
865 3191 894 3250 in
917 3190 981 3250 llla.
1029 3191 1145 3252 Directi
1179 3190 1246 3250 coni
1277 3208 1381 3249 omues
1416 3190 1512 3250 lineae
1536 3197 1606 3249 sunt
1630 3189 1659 3249 in
1693 3189 1901 3269 crystallinum

541 3279 755 3357 propemodum
780 3280 1052 3359 perpendiculares,
1078 3280 1264 3359 obliquorum
1289 3278 1380 3338 nulla.
1419 3278 1560 3339 Directus
1585 3278 1753 3357 aequaliter
1777 3288 1900 3339 secatur

542 3367 580 3427 ab
605 3366 754 3427 anteriore
780 3369 947 3448 crystallini
971 3370 1137 3447 superficie,
1164 3368 1275 3447 obliqui
1299 3366 1554 3446 inaequalissime,
1580 3367 1650 3445 quia
1673 3386 1730 3445 quo
1756 3366 1899 3427 devexior

542 3454 708 3536 crystallini
734 3457 866 3517 anterior
889 3457 1072 3536 superficies,
1097 3460 1153 3518 hoc
1172 3456 1347 3534 profundius
1368 3474 1474 3517 conum
1489 3456 1641 3535 obliquum
1660 3463 1755 3516 secat.
1788 3455 1899 3516 Direc-

542 3551 591 3604 tus
615 3545 838 3623 hyperbolicam
862 3546 1027 3627 crystallini
1051 3546 1236 3626 superficiem
1260 3564 1312 3606 seu
1336 3545 1494 3605 umbonem
1517 3544 1703 3606 circulariter
1726 3552 1759 3605 et
1782 3564 1899 3623 aequa-

542 3631 612 3693 liter
634 3641 728 3706 secat,
755 3634 865 3715 obliqui
898 3636 1104 3715 inaequaliter.
1152 3635 1266 3695 Directi
1301 3636 1366 3695 coni
1400 3654 1503 3694 ornnes
1537 3634 1613 3693 radii
1644 3633 1826 3711 colliguntur
1860 3634 1900 3694 ad

545 3722 661 3782 unicum
697 3723 812 3784 retinae
844 3733 1000 3803 punctum,
1038 3725 1115 3803 quod
1149 3724 1278 3802 capitale
1311 3732 1359 3784 est
1389 3723 1417 3784 in
1452 3724 1508 3783 hoc
1537 3722 1675 3800 negotio,
1709 3722 1899 3801 obliquorum

544 3828 684 3871 concrum
709 3811 806 3873 lineae
830 3833 887 3874 nou
911 3823 1040 3892 possunt
1058 3815 1146 3892 plane
1172 3832 1276 3873 omnes
1300 3812 1401 3891 colligi
1426 3811 1463 3872 ob
1487 3812 1671 3890 praemissas
1696 3810 1743 3871 hic
1767 3830 1898 3872 causas:

541 3917 632 3978 qnare
657 3901 776 3979 pictura
798 3902 832 3963 fit
855 3903 1014 3963 confusior.
1062 3903 1203 3963 Directus
1228 3902 1363 3963 collimat
1393 3901 1431 3960 ad
1456 3908 1590 3961 centrum
1615 3900 1731 3961 retinae
1756 3900 1900 3972 medium,

541 3989 652 4068 obliqui
686 3990 724 4050 ad
759 3991 863 4052 latera.
922 3991 1063 4052 Directus
1092 4001 1177 4052 recta
1210 3991 1314 4052 incidit
1349 3993 1377 4053 in
1407 3990 1552 4063 retinam,
1588 3989 1731 4051 laterales
1765 3990 1896 4069 obliqua,

540 4077 695 4158 quiajam
719 4079 806 4141 modo
831 4081 954 4153 dictum,
980 4087 1113 4141 centmm
1137 4080 1253 4141 retiuae
1278 4099 1345 4140 esse
1370 4081 1450 4141 intra
1474 4080 1649 4150 sectionem,
1675 4098 1765 4157 quam
1788 4079 1898 4141 facturi

540 4168 661 4227 fuerunt
684 4187 756 4228 axes
781 4188 932 4242 conornm,
958 4168 1007 4248 qui
1031 4176 1102 4229 snut
1126 4170 1155 4229 in
1181 4170 1302 4229 humore
1327 4169 1433 4230 vitreo.
1480 4168 1617 4246 Denique
1641 4167 1738 4229 virtus
1762 4170 1901 4230 sensoria

539 4272 592 4315 seu
616 4255 740 4334 spiritus
764 4276 817 4336 per
840 4276 961 4318 nervum
985 4258 1102 4319 infusus
1127 4258 1198 4331 illic,
1223 4258 1274 4318 ubi
1297 4258 1396 4318 retina
1420 4256 1542 4318 directis
1567 4256 1649 4317 conis
1674 4256 1825 4335 objicitur,
1851 4265 1902 4319 est

540 4342 695 4405 collectior
719 4352 749 4405 et
765 4347 879 4421 fortior,
906 4356 937 4407 et
957 4346 1048 4407 fontis
1074 4354 1103 4405 et
1119 4348 1199 4407 orbis
1215 4347 1348 4407 ratione:
1374 4348 1411 4407 ab
1432 4365 1466 4406 eo
1491 4354 1601 4425 puncto
1617 4345 1764 4423 cumipse
1784 4345 1900 4408 retinas

540 4430 698 4509 sphaerico
723 4434 896 4495 diffunditur
920 4445 951 4495 et
973 4457 992 4496 a
1017 4436 1098 4495 fonte
1123 4436 1251 4495 discedit
1276 4455 1366 4515 quare
1391 4443 1422 4496 et
1451 4435 1636 4495 debilitatur.
1684 4435 1787 4515 Atque
1811 4443 1846 4496 ut
1870 4435 1899 4496 iu

540 4518 725 4583 infirndibulo
757 4532 788 4583 ct
820 4524 848 4583 in
883 4524 940 4584 reti
973 4524 1136 4603 piscatorio
1170 4544 1236 4584 cum
1266 4526 1405 4596 sacculo,
1438 4543 1514 4603 qnae
1549 4542 1640 4602 supra
1673 4523 1756 4584 fuere
1780 4524 1899 4585 retinas

539 4608 760 4685 similitudines,
786 4612 886 4673 omnia
910 4613 1008 4673 latera
1032 4614 1197 4674 deflectunt
1219 4614 1269 4674 vel
1288 4613 1440 4674 humorem
1464 4613 1512 4672 vel
1531 4611 1692 4690 pisciculos
1715 4611 1744 4676 iu
1760 4613 1900 4675 canalem

539 4716 592 4760 seu
616 4701 788 4761 sacculum:
819 4702 862 4762 sic
887 4702 1001 4762 retinae
1027 4703 1124 4764 latera
1148 4722 1255 4762 sensus
1280 4703 1325 4763 sui
1349 4702 1499 4763 modulum
1523 4721 1580 4762 nou
1605 4719 1715 4778 prose
1741 4711 1899 4780 usurpant,

539 4788 591 4848 sed
618 4788 756 4868 quicquid
780 4799 924 4867 possunt,
959 4793 997 4852 ad
1022 4792 1155 4852 directae
1180 4791 1302 4851 visionis
1336 4791 1551 4870 perfectionem
1579 4790 1733 4850 referunt:
1765 4809 1810 4851 sc.
1835 4798 1898 4852 tum

538 4875 657 4937 demum
674 4895 736 4939 rem
758 4878 893 4956 perfecte
917 4880 1062 4954 videmus,
1087 4900 1153 4940 cum
1174 4900 1239 4940 eam
1264 4881 1411 4941 cernimus
1432 4899 1499 4940 cum
1523 4878 1659 4939 omnibus
1683 4878 1898 4958 hemisphaerii

537 4966 786 5027 circumstantiis.
843 4966 1035 5048 Quapropter
1068 4969 1189 5047 obliqua
1221 4968 1297 5029 visio
1337 4970 1455 5030 minime
1489 4967 1643 5029 satisfacit
1673 4968 1810 5040 animae,
1843 4970 1898 5030 sed

538 5054 635 5116 solum
660 5055 770 5115 invitat
793 5056 832 5116 ad
861 5057 1083 5137 detorquendus
1115 5058 1185 5118 illuc
1218 5060 1336 5131 oculos,
1371 5067 1404 5118 ut
1428 5059 1540 5120 directe
1572 5056 1742 5118 videantur.
1789 5058 1898 5137 Itaque

540 5142 769 5223 interpretanda
792 5153 840 5206 est
853 5146 1019 5248 propositio
1038 5145 1087 5209 17.
1108 5146 1191 5207 tertii
1212 5147 1307 5208 Vitel.
1338 5148 1418 5208 Nam
1441 5165 1494 5226 par
1509 5148 1605 5209 solam
1620 5145 1898 5226 perpendicularem
