4584 6192
546 621 613 693 rog
971 622 1072 675 uram
1089 621 1194 689 worn
1212 623 1364 690 namquo
1381 630 1483 677 aaa„

547 804 646 870 titulis
670 803 792 885 iusuper
814 802 1047 876 conimendatur,
1074 802 1146 864 nihil
1169 803 1296 881 vulgare
1319 822 1520 882 praesumam.
1567 804 1706 867 Obsecro
1735 806 1768 868 id
1791 823 1829 868 ne
1854 827 1911 869 nos

548 895 600 960 din
622 894 704 958 celes
728 892 869 974 quidquid
893 901 974 967 est;r
991 893 1078 953 vides
1101 891 1156 953 tibi
1183 911 1245 953 rem
1271 909 1338 952 esse
1363 912 1429 954 cum
1453 890 1614 956 Germanis
1644 896 1806 974 germanis.
1838 896 1923 974 Ego,

547 984 739 1065 impatientia
756 981 867 1043 occulti
882 980 987 1042 literas
1001 981 1085 1042 varie
1101 979 1225 1061 digessi.
1254 980 1338 1041 Nihil
1353 982 1430 1062 qnod
1446 985 1629 1044 successerit
1643 983 1739 1045 habeo
1762 984 1820 1045 nisi
1834 985 1909 1046 hoc:

760 1070 843 1135 Nam
863 1068 972 1131 Jovem
995 1070 1124 1144 macula,
1148 1072 1225 1140 hem,
1250 1070 1319 1129 ruia
1342 1077 1482 1131 testatur.
1902 1094 1904 1098 ¹

763 1157 895 1222 Caetera
918 1159 1110 1238 imperfecta:
1135 1158 1284 1220 maculam
1307 1160 1403 1220 rusam
1427 1161 1528 1241 gyrari
1552 1160 1665 1222 notavi.

763 1248 885 1310 Macula
905 1249 975 1309 raia
997 1249 1027 1310 in
1050 1247 1128 1309 Jove
1153 1255 1210 1321 est,
1235 1254 1362 1330 gyratur
1385 1257 1445 1311 etc.

764 1336 867 1398 Solem
890 1337 993 1418 gyrari
1017 1345 1076 1398 etc.

761 1425 997 1489 Firmamentum
1020 1426 1156 1488 maculas
1179 1426 1286 1486 haeret
1308 1434 1434 1507 gyratur
1457 1446 1477 1487 a
1497 1425 1586 1488 Jove.

762 1512 927 1577 Saturnum
950 1525 984 1577 et
1005 1516 1136 1578 Martem
1160 1532 1234 1595 gyro
1259 1514 1377 1576 macula
1400 1522 1458 1577 etc.

763 1604 943 1666 Mercurium
967 1606 1090 1667 flamma
1112 1603 1213 1665 haurit
1235 1612 1295 1666 etc.

764 1692 931 1755 Theatrum
955 1694 1047 1755 celeri
1071 1701 1197 1776 gyratur
1220 1692 1288 1753 lons
1310 1705 1416 1753 arnum
1438 1701 1498 1753 etc.

556 1804 579 1834 υ
638 1779 737 1854 Vide,
768 1780 799 1843 in
823 1800 898 1861 quas
920 1800 969 1845 ma
992 1782 1136 1862 conjicias
1169 1780 1307 1843 miserias
1335 1788 1389 1842 tua
1412 1781 1588 1843 reticentia!
1630 1783 1742 1862 Itaque
1774 1780 1913 1843 desinam

552 1867 590 1929 de
613 1868 677 1944 his;
702 1870 740 1930 ad
764 1877 883 1932 tuarum
907 1872 1062 1934 literarum
1085 1871 1201 1951 reliqna
1224 1871 1319 1931 venio.

555 1963 580 1990 ”
634 1994 688 2061 ³⁹¹⁸·
710 1989 733 2043 ¹·
820 1957 1913 2128 atltrtttttthtthttl'tltrtttttt

1132 2095 1140 2123 a
1379 2093 1386 2107 ·
1549 2091 1558 2117 ν
1904 2092 1911 2106 ·

815 2137 934 2218 Legisti
957 2157 1147 2219 responsum,
1171 2137 1327 2217 replicasti
1351 2136 1429 2197 enirn
1452 2136 1520 2198 inde
1544 2138 1646 2217 aliqua
1673 2135 1771 2197 literis
1795 2137 1835 2196 ad
1860 2136 1912 2196 lll.

817 2224 979 2290 Oratorem
1002 2227 1124 2307 scriptis
1152 2224 1201 2289 13.
1226 2224 1417 2289 Novembris.
1464 2226 1590 2288 Alteras
1617 2233 1780 2305 expectare
1803 2223 1908 2285 ¹volui:

817 2316 918 2379 andivi
941 2317 1020 2378 enirn
1043 2317 1082 2377 ab
1107 2316 1156 2377 Ill.
1177 2314 1323 2386 Oratore,
1345 2314 1415 2375 illas
1439 2332 1549 2377 errare.
1586 2316 1674 2376 Nnno
1694 2313 1765 2393 quia
1783 2313 1913 2391 periisse

817 2404 887 2467 illas
902 2406 999 2479 video,
1020 2406 1149 2485 paucula
1167 2403 1354 2485 respondebo
1374 2404 1413 2464 ad
1433 2403 1503 2464 illas
1519 2401 1569 2466 13.
1584 2405 1663 2466 Nor.
1684 2403 1722 2464 ad
1739 2400 1911 2463 Oratorem

817 2494 913 2556 Plane
935 2494 1013 2556 mira
1034 2501 1084 2555 est
1107 2493 1281 2555 observatio
1308 2492 1402 2553 retuli
1434 2492 1515 2553 illius
1546 2490 1721 2571 tricorporis
1751 2490 1912 2573 Geryonis,

817 2583 847 2644 in
872 2600 929 2664 quo
952 2582 1110 2645 vinciendo
1133 2583 1222 2661 inque
1237 2583 1347 2643 Terras
1371 2581 1545 2644 deducendo
1563 2591 1598 2643 tu
1615 2589 1647 2643 te
1671 2582 1799 2642 alterurn
1821 2598 1913 2659 prae·

818 2671 928 2733 stitisti
945 2672 1115 2734 Herculem.
1153 2671 1223 2733 Etsi
1243 2690 1331 2732 careo
1350 2671 1467 2731 idoneis
1491 2670 1697 2732 instrumentis
1717 2668 1914 2747 dignoscendi

819 2768 884 2822 tres
907 2760 998 2822 hosce
1022 2760 1138 2841 globos,
1164 2780 1259 2840 neque
1284 2761 1361 2842 qnod
1380 2760 1505 2822 Elector
1528 2761 1635 2822 abste
1659 2760 1754 2819 habet
1775 2758 1914 2818 idoneum

819 2848 930 2913 inisset
961 2850 1203 2931 (quadrangulas
1233 2848 1311 2911 enim
1344 2849 1482 2911 exhibuit
1512 2847 1619 2910 stellas
1652 2848 1809 2927 ipsumque
1838 2847 1914 2908 adeo

820 2936 1014 3014 Saturnum).
1077 2938 1239 3007 Ceterum,
1277 2938 1356 3019 qnod
1392 2938 1504 3000 attinet
1540 2938 1671 3018 speciem
1706 2935 1912 3016 tricorporem,

819 3027 923 3090 videm
947 3035 977 3090 te
997 3029 1089 3109 jubeo
1112 3028 1206 3090 etiam
1221 3037 1320 3108 atque
1344 3028 1444 3102 etiam,
1470 3046 1507 3089 an
1528 3036 1674 3108 perpetuo
1694 3025 1735 3087 sit
1758 3033 1913 3086 constans.

821 3115 970 3196 Superest
993 3118 1091 3191 enirn,
1121 3126 1156 3179 ut
1179 3117 1291 3197 pictum
1314 3117 1400 3179 rides
1424 3118 1455 3178 in
1477 3118 1590 3196 ligura,
1614 3115 1739 3185 modus,
1768 3132 1828 3195 quo
1852 3122 1915 3175 tres

820 3226 880 3268 non
914 3206 1049 3286 contigui
1081 3207 1243 3268 videantur
1274 3206 1418 3287 contigui.
1473 3208 1576 3287 Atque
1607 3206 1665 3267 hoc
1697 3204 1724 3264 si
1756 3214 1806 3265 est
1836 3203 1916 3284 qnod

820 3294 916 3376 pinxi,-
938 3295 1084 3376 possibile
1108 3314 1181 3357 sane
1204 3303 1262 3371 est,
1286 3303 1329 3369 nt,
1354 3296 1380 3357 si
1402 3295 1494 3375 quieti
1518 3296 1581 3357 sint
1604 3293 1641 3366 O,
1660 3293 1744 3367 D,E
1775 3301 1915 3373 respectu

820 3383 1038 3465 suiipsorum,
1068 3385 1199 3447 transitu
1222 3384 1352 3447 Telluris
1383 3404 1420 3446 ex
1435 3386 1478 3446 'A
1500 3384 1581 3445 inB
1612 3390 1785 3463 permutent
1813 3382 1913 3453 situm,

759 3476 762 3533 i
820 3473 920 3553 sitque
946 3471 971 3536 O
994 3473 1025 3534 in
1058 3475 1275 3555 consequentia
1307 3493 1344 3535 ex
1366 3474 1409 3550 B,
1445 3473 1494 3554 qui
1527 3482 1610 3534 esset
1642 3490 1680 3532 ex
1702 3472 1733 3532 A
1762 3472 1793 3533 in
1825 3480 1914 3532 ante-

822 3562 970 3625 cedentia.
1029 3600 1031 3606 ,

779 3633 781 3642 ’
888 3652 955 3713 Ηοο
983 3651 1074 3731 igitur
1102 3659 1186 3713 osset
1214 3658 1421 3730 argumentum
1449 3656 1549 3711 motus
1576 3650 1687 3711 Terrae
1712 3657 1744 3710 et
1766 3649 1915 3729 sphaerae

823 3738 1065 3821 Oope'micanae,
1095 3748 1128 3802 at
1150 3741 1281 3802 nondum
1301 3740 1529 3821 Pythagoreae,
1553 3758 1607 3818 pro
1633 3759 1704 3819 qna,
1731 3758 1821 3800 ame
1845 3747 1914 3799 ante

828 3826 866 3891 13
890 3848 986 3892 annos
1015 3829 1186 3910 publicata,
1221 3830 1292 3908 qnid
1315 3837 1349 3890 tu
1373 3849 1410 3890 ex
1438 3828 1503 3889 risu
1531 3829 1632 3908 possis
1662 3847 1798 3907 promere
1822 3828 1913 3901 alind,

556 3937 649 4002 qaam
671 3917 820 3980 stationes
843 3925 876 3980 et
904 3918 1198 3999 retrogradationes,
1231 3918 1304 3979 mire
1334 3919 1430 3999 cupio·
1454 3918 1540 3979 scire.
1587 3917 1622 3978 Si
1646 3917 1699 3978 Sol
1728 3926 1855 3998 gyratur
1877 3918 1915 3977 ad

555 4026 678 4071 sensum
702 4006 868 4082 oculorum,
894 4008 1042 4087 estquod
1068 4007 1125 4068 sibi
1149 4006 1375 4070 Commentaria
1402 4026 1471 4068 mea
1493 4006 1603 4068 Martis
1637 4008 1849 4085 gratulantum
1883 4013 1915 4066 at

556 4098 687 4160 nondum
711 4095 777 4157 ideo
801 4096 875 4158 vicit
893 4096 1098 4179 Pythagorica
1120 4097 1280 4169 ordinatio,
1305 4116 1340 4158 ac
1364 4116 1401 4157 ne
1421 4095 1605 4175 Cepernicns
1629 4097 1746 4178 quidem
1772 4114 1914 4175 expresse

557 4188 657 4267 plane.
703 4185 798 4247 Atei
822 4193 881 4258 est,
905 4188 983 4266 quod
1007 4186 1106 4265 pinxi,
1136 4185 1249 4264 aliquid
1277 4187 1410 4247 lucratur
1433 4205 1506 4246 sane
1534 4192 1633 4247 motus
1657 4187 1769 4246 Terrae
1795 4185 1913 4265 Ceper-

557 4276 693 4337 uicanns.
742 4272 884 4336 Ceterum
908 4276 980 4340 nihil
1004 4275 1100 4354 magis
1124 4275 1163 4335 ad
1188 4274 1298 4336 famam
1322 4273 1529 4336 inventionum
1553 4281 1670 4336 tuarum
1695 4277 1796 4336 facere
1821 4274 1914 4346 scibo,

558 4364 616 4427 nisi
640 4363 666 4425 si
685 4363 803 4424 miseris
822 4364 931 4424 vitrum
956 4364 1121 4438 rotundum,
1147 4364 1296 4427 maximae
1320 4364 1466 4443 sphaerae
1486 4363 1653 4444 portionem
1677 4363 1915 4443 exquisitissime

558 4454 697 4535 politam.
747 4449 848 4514 Cavas
872 4453 970 4515 lentes
994 4454 1042 4514 hic
1067 4452 1154 4515 facile
1178 4454 1427 4534 comparabimus.

645 4540 760 4620 Scripsi
785 4541 972 4622 Dioptricen,
998 4562 1074 4623 qnae
1099 4541 1244 4623 superiori
1259 4541 1432 4623 Septembri
1456 4542 1590 4603 venitin
1616 4560 1721 4602 manns
1737 4539 1807 4603 Ser.
1823 4542 1914 4605 Elec-

556 4631 641 4696 toris.
688 4630 767 4693 Puto
790 4632 863 4693 nihil
889 4652 907 4693 a
930 4650 977 4693 me
1001 4632 1222 4711 praeteritum,
1258 4633 1335 4713 quod
1365 4652 1422 4693 nnn
1447 4649 1486 4691 ex
1509 4631 1571 4692 suis
1595 4630 1696 4692 causis
1720 4631 1914 4694 demonstra-

555 4721 660 4784 verim.
713 4718 862 4800 Equidem
894 4741 1017 4801 campus
1049 4731 1097 4783 est
1135 4722 1294 4783 exercendi
1331 4719 1462 4801 ingenii:
1501 4720 1647 4800 prodeat,
1685 4719 1734 4799 qui
1773 4740 1813 4783 ex
1849 4721 1916 4783 aliis

557 4810 746 4872 demonstret
768 4809 933 4889 principiis,
959 4830 1049 4891 qnam
1073 4810 1179 4889 quibus
1204 4830 1260 4889 ego
1284 4830 1349 4873 sum
1373 4830 1454 4871 usus.

648 4899 870 4980 Typngraphns
902 4908 1006 4962 vester
1036 4900 1291 4977 „Phaenomenon
1326 4898 1500 4978 singulare“
1534 4897 1704 4958 decurtavit
1744 4898 1916 4979 prinsquam

556 4988 596 5050 ad
619 5006 682 5049 rem
705 4986 865 5049 veniretur.
913 4986 1052 5059 Quatuor
1075 4996 1146 5049 sunt
1168 4989 1307 5067 paginae,
1334 5009 1399 5050 crim
1424 4988 1474 5050 ille
1498 4986 1549 5047 vix
1572 5006 1663 5047 unam
1686 4995 1741 5047 aut
1756 4988 1834 5048 duas
1859 4990 1915 5049 irn-

556 5075 714 5160 presserit.
762 5076 821 5137 Pro
845 5077 901 5138 hoc
930 5086 1016 5140 reatu
1049 5079 1215 5139 condemno
1247 5078 1345 5156 ipsum
1368 5078 1397 5138 in
1422 5079 1545 5139 multam
1578 5074 1648 5136 vitri
1672 5078 1915 5151 conveniamus,

557 5166 596 5231 de
619 5164 750 5247 sphaera
782 5165 920 5228 diametri
941 5169 1050 5249 pedurn
1069 5162 1131 5234 24,
1156 5175 1210 5228 ant
1232 5166 1462 5246 aequipollente,
1488 5185 1577 5247 quam
1596 5173 1630 5226 tu
1650 5166 1915 5247 aequipollentiam
