4584 6192
1041 650 1219 717 cmm
1678 601 1681 605 ’
1738 607 1805 715 rao

452 825 565 908 quibus
596 827 779 908 singulorum
814 829 965 896 hominum
992 830 1075 893 salus
1102 830 1266 893 consistit?
1299 827 1388 899 Quod
1416 827 1507 907 igitur
1534 829 1563 891 in
1592 828 1676 890 coelo
1707 823 1802 889 nov'us

452 925 576 979 cometa
598 916 778 989 ἀίωιιποιιι,
800 917 856 979 boc
879 918 920 979 sit
943 920 974 980 iu
997 920 1098 984 Terris
1121 938 1216 982 novus
1239 919 1349 999 aliquis
1372 920 1474 992 bomo,
1498 918 1548 999 qni
1571 938 1625 979 sen
1647 917 1802 996 maguitu-

453 1004 528 1067 diao
550 1005 665 1085 imperii
689 1025 742 1067 seu
765 1007 857 1068 armis
879 1027 933 1068 seu
957 1008 1099 1087 dogmate
1120 1009 1315 1089 praecipuam
1336 1007 1466 1087 aliquam
1488 1006 1527 1067 de
1540 1025 1575 1067 se
1595 1007 1707 1068 lamam
1729 1023 1805 1068 con·

452 1094 789 1160 dorcestrensis
820 1104 949 1171 terrore,
980 1097 1024 1159 sic
1046 1099 1095 1161 hic
1118 1099 1149 1160 vi
1174 1098 1264 1160 illata
1291 1116 1344 1159 sen
1368 1096 1429 1158 alia
1460 1095 1633 1157 calamitate
1664 1114 1805 1174 magnam

451 1183 576 1265 generis
597 1177 720 1246 hnmani
741 1193 859 1265 partem
882 1186 1026 1265 exagitet
1070 1188 1160 1251 Anno
1185 1206 1243 1267 quo
1266 1195 1355 1248 natus
1377 1185 1562 1259 Alexander,
1587 1184 1637 1263 qui
1654 1185 1805 1247 bellorum

453 1273 577 1337 turbine
592 1272 766 1354 churopa
779 1275 808 1336 in
823 1274 931 1337 Asiam
953 1278 1103 1372 uanalpto
1127 1278 1275 1339 maximas
1298 1275 1428 1337 humano
1444 1274 1546 1354 generi
1566 1273 1670 1336 clades
1692 1273 1804 1345 intulit,

451 1361 574 1426 Plinius
597 1372 745 1425 cometam
768 1363 861 1426 inisse
884 1364 978 1426 refert
1004 1367 1147 1446 xiphiam.
1193 1368 1284 1427 Anno
1307 1372 1340 1426 et
1361 1383 1420 1444 quo
1447 1372 1536 1425 natus
1558 1361 1753 1424 Mithridates
1775 1369 1808 1423 et

452 1463 516 1536 quo
536 1451 693 1532 imperium
716 1450 805 1526 adiit,
839 1452 997 1516 horribiles
1025 1456 1136 1517 fulsere
1167 1465 1313 1517 cometae.
1342 1452 1393 1518 .Si
1416 1460 1551 1514 cometae
1579 1451 1664 1513 coelo
1688 1450 1806 1513 discur-

451 1549 559 1604 reutos
581 1541 622 1603 ad
644 1541 778 1621 singulos
811 1542 998 1618 monarchas,
1030 1544 1138 1607 stellae
1168 1564 1264 1606 novae
1288 1563 1345 1605 non
1373 1542 1585 1614 discurrentes,
1615 1540 1669 1602 sed
1700 1540 1805 1601 eodem

455 1631 528 1694 loco
560 1630 648 1704 lixae,
677 1631 717 1692 ad
747 1632 934 1711 respublicas
956 1652 1010 1695 seu
1038 1634 1173 1713 integros
1194 1627 1322 1713 populos
1354 1631 1458 1693 referri
1489 1630 1659 1701 debebunt,
1690 1647 1744 1691 son
1766 1628 1805 1689 ad

451 1719 617 1801 generales
640 1738 750 1783 causas
772 1738 825 1800 per
847 1739 988 1801 magnam
1009 1732 1128 1801 partem
1152 1723 1271 1803 generis
1294 1722 1414 1784 bomani
1437 1720 1633 1807 pertinentes.
1659 1772 1664 1781 .

548 1814 610 1888 Qui
633 1816 813 1880 hanoniam
837 1819 1013 1898 ingreditur,
1037 1821 1064 1883 is
1088 1821 1199 1898 eliciet,
1222 1839 1330 1883 novam
1349 1838 1387 1881 ex
1404 1818 1464 1880 hoo
1485 1826 1619 1897 tempore
1642 1814 1806 1895 rempubli-

451 1926 527 1971 cam
558 1906 747 1981 adolescere,
786 1909 871 1987 cujus
903 1909 1027 1990 imperio
1059 1910 1194 1990 generali
1229 1928 1323 1989 regna
1354 1907 1441 1970 hodie
1472 1906 1556 1968 varie
1593 1905 1807 1968 tumultuantia

451 1995 637 2075 subigantur
658 1995 749 2057 olim:
780 2006 815 2058 ut
836 1997 882 2059 ita
904 1999 1031 2060 mundus
1054 1999 1177 2061 nimium
1204 1999 1356 2079 inquietus
1378 2005 1408 2059 et
1433 1997 1518 2059 ferox
1545 1995 1729 2075 aliquamdiu
1752 1993 1807 2055 sub

453 2085 551 2165 liujus
578 2084 769 2146 monarchiae
801 2087 897 2148 tutela
928 2088 1132 2167 conquiescat.
1179 2086 1294 2159 Quodsi
1329 2085 1533 2148 addiderimus
1560 2084 1702 2162 planetas
1731 2102 1806 2145 con-

449 2175 601 2257 junctos:
636 2174 875 2255 circumscriptio
895 2177 1009 2238 existet
1030 2178 1163 2257 gemina,
1196 2186 1285 2257 pront
1307 2177 1363 2237 hos
1387 2173 1684 2236 consideraverimus
1720 2173 1807 2234 *Nam

454 2263 584 2327 silicet
610 2272 642 2325 et
670 2263 718 2325 sas
749 2272 798 2325 est
824 2264 880 2325 Dei
910 2276 1042 2328 mentem
1070 2286 1108 2327 ex
1130 2274 1240 2328 natura
1271 2264 1399 2345 simplici
1430 2263 1620 2342 planetarum
1648 2261 1807 2340 conjicere,

454 2352 532 2435 qaia
552 2361 625 2432 post
646 2352 871 2431 conjunctiones
895 2362 969 2428 tres,
992 2354 1115 2418 Satnmi
1138 2363 1171 2417 et
1192 2354 1295 2427 Jovis,
1318 2353 1442 2417 Saturni
1464 2360 1497 2413 et
1518 2351 1642 2426 Martis,
1664 2350 1752 2412 Jovis
1775 2360 1808 2411 et

454 2442 571 2507 Hastis
592 2441 755 2510 mobilium,
778 2444 873 2523 etqui
891 2444 990 2522 juncti
1012 2444 1112 2507 solent
1135 2445 1257 2506 turbare
1281 2452 1313 2505 et
1326 2461 1447 2505 movere
1475 2448 1613 2504 naturam
1636 2439 1808 2507 animalem,

454 2530 607 2595 altior-et
628 2530 738 2594 clarior
760 2532 874 2594 effulsit
895 2553 955 2595 una
977 2535 1054 2596 lixae
1083 2533 1244 2613 significari
1266 2533 1384 2594 uidetur
1411 2529 1589 2611 simpliciter
1610 2536 1681 2609 post
1702 2528 1808 2591 turbas

455 2621 556 2703 quies.
602 2617 752 2691 Quorsum
783 2622 916 2699 pertinet
947 2623 1022 2685 haec
1054 2622 1301 2697 circumstantia,
1332 2620 1412 2702 quod
1444 2620 1536 2682 stella
1565 2637 1623 2681 non
1652 2618 1682 2679 in
1710 2617 1808 2697 ἰρειιιι

454 2710 677 2790 conjunctionis
700 2710 807 2784 locum,
831 2711 886 2772 sed
909 2712 1000 2792 paulo
1022 2722 1093 2774 ante
1116 2711 1235 2779 incidit,
1258 2711 1376 2773 scilicet
1398 2728 1435 2771 ue
1457 2726 1574 2772 rursum
1601 2707 1702 2787 aliqua
1723 2707 1810 2769 tieret
1879 2743 1883 2751 ·

455 2799 630 2881 conjunctio
652 2798 759 2861 Novae
782 2817 849 2861 cnm
871 2800 988 2862 dnobus
1011 2801 1167 2880 planetis?
1199 2799 1251 2861 Sic
1279 2808 1311 2861 et
1340 2798 1484 2861 articulus
1514 2793 1637 2859 ultimae
1664 2796 1807 2875 conjunc-

456 2888 553 2952 tionis
571 2887 637 2966 jam
660 2887 845 2963 transierat3
869 2890 925 2951 luit
948 2890 1026 2952 enim
1049 2890 1078 2951 in
1102 2890 1225 2952 meridie
1248 2889 1309 2950 diei
1331 2885 1362 2952 9.
1387 2885 1543 2960 Octobris,
1572 2904 1639 2962 cum
1662 2893 1807 2966 sequente

455 2996 590 3060 vespera
612 2977 793 3039 Maestlinus
817 2979 946 3039 noudum
974 2980 1153 3059 flagrantem
1175 2978 1287 3041 viderit
1312 2978 1445 3040 stellam.
1491 2974 1558 3038 Hac
1586 2976 1689 3056 itaque
1717 2974 1809 3037 stella

456 3067 560 3130 indice

778 3156 808 3210 Si
829 3174 884 3228 qua
903 3161 1016 3216 manent
1035 3157 1149 3214 sceleris
1168 3157 1291 3229 vestigia
1310 3154 1405 3219 nostri,

779 3238 862 3293 lm‘ta
882 3244 1021 3308 perpetua
1040 3239 1152 3294 solvent
1173 3238 1316 3293 formidine
1336 3244 1437 3292 terrm.

454 3334 518 3400 Ην
551 3332 661 3415 quippe
692 3332 829 3395 versibus
862 3333 1016 3414 Vergilius
1047 3334 1199 3397 tollendos
1232 3341 1331 3397 motus
1362 3332 1468 3395 civiles
1498 3338 1530 3393 et
1561 3331 1628 3410 ipsa
1663 3329 1809 3392 malorum

456 3422 746 3489 semina-radicitus
769 3423 967 3502 exstirpanda
979 3423 1089 3486 innuit
1126 3424 1208 3487 Nam
1221 3424 1358 3487 Pollione
1380 3422 1512 3489 consule,
1535 3421 1573 3482 ad
1592 3438 1681 3501 quem
1702 3418 1809 3481 scribit

456 3511 630 3593 Virgilius:
658 3522 769 3593 ,Teque
783 3524 853 3576 adeo
868 3522 950 3576 decus
971 3524 1024 3578 boc
1042 3521 1113 3589 aevi,
1129 3531 1165 3578 te
1179 3524 1301 3587 consule,
1322 3519 1552 3592 instititutis?
1575 3507 1661 3570 initio
1679 3507 1808 3570 aestatis

460 3601 581 3668 Caesar
609 3610 641 3663 et
667 3601 818 3663 Antonius
851 3620 926 3682 pace
959 3602 1042 3665 facta
1072 3602 1203 3665 Romam
1234 3602 1385 3664 intrarunt
1416 3599 1523 3673 emici;
1555 3597 1676 3678 quantis
1706 3595 1808 3676 populi

458 3689 587 3767 studiis,
619 3709 708 3772 quam
734 3690 844 3752 faustis
873 3692 1152 3763 acclamationibus,
1183 3711 1221 3753 ex
1242 3688 1339 3752 Dione
1367 3689 1470 3751 videre
1497 3696 1565 3761 est3
1597 3704 1722 3765 quarum
1749 3705 1809 3747 nna

459 3790 512 3846 est
538 3781 615 3843 baec
647 3798 763 3859 quoqne
787 3780 959 3858 Virgiliana
985 3782 1024 3843 ad
1048 3782 1224 3850 Pollionem.
1271 3777 1419 3841 Saturnus
1451 3785 1552 3839 tamen
1584 3783 1656 3837 aute
1686 3774 1808 3835 stellam

458 3859 587 3936 relictus
610 3870 690 3932 intra
705 3869 788 3957 'duos
812 3888 930 3931 menses
953 3870 997 3932 illi
1015 3871 1139 3950 junctus
1161 3878 1229 3931 est:
1253 3866 1338 3947 quasi
1361 3875 1394 3927 et
1414 3867 1471 3928 hoc
1494 3865 1623 3927 dixisset
1644 3863 1806 3944 Virgilius:

463 3962 579 4029 ,Pauca
596 3967 689 4016 tmen
709 3960 844 4015 suberunt
863 3960 973 4031 priscas
993 3961 1115 4034 vestigia
1133 3959 1267 4015 fraudis‘·

551 4038 607 4104 Sin
631 4050 733 4102 antem
760 4040 815 4101 hoc
847 4039 1025 4120 recipimus,
1056 4040 1153 4103 Deum
1177 4040 1216 4100 ad
1247 4034 1443 4118 astrologiam
1474 4036 1663 4114 respexisse,
1693 4039 1728 4095 ut
1756 4031 1811 4095 illa

461 4129 577 4197 usitate
604 4127 728 4191 discitur
752 4137 784 4189 et
805 4138 962 4192 exercetur
992 4130 1069 4191 inter
1100 4129 1234 4191 homines
1258 4126 1321 4203 (cni
1348 4124 1516 4188 sententiae
1547 4126 1630 4187 lavet
1652 4123 1696 4199 id,
1729 4121 1811 4202 quod

462 4220 542 4302 Cap.
565 4217 671 4282 XXV.
695 4216 776 4279 dixi:
809 4218 904 4279 videri
927 4219 1086 4299 praecipue
1114 4218 1298 4280 astronomis
1322 4216 1476 4278 incensam
1502 4233 1589 4275 esse:
1623 4212 1694 4294 quia
1715 4212 1806 4291 vulgo

459 4330 520 4378 non
545 4309 592 4371 ita
615 4307 703 4369 facile
726 4308 823 4369 notari
846 4308 954 4387 potuit,
977 4317 1012 4370 ut
1033 4306 1114 4388 prior
1137 4307 1192 4369 illa
1213 4307 1284 4369 anni
1305 4303 1416 4380 1572),
1434 4304 1498 4383 jam
1520 4303 1595 4366 baec
1618 4302 1711 4365 stella
1730 4300 1806 4362 nibil

458 4398 545 4468 aliud
571 4396 678 4470 fuerit,
709 4396 768 4459 nisi
790 4397 962 4478 obsignatio
994 4397 1142 4477 quaedam
1168 4395 1385 4476 conjunctionis
1416 4412 1546 4473 magnae
1568 4402 1602 4455 et
1622 4389 1809 4455 confirmatio
1836 4423 1839 4430 ·
1868 4391 1873 4400 '

455 4487 597 4560 annium
620 4485 755 4560 illorum,
779 4505 855 4566 quae
878 4487 1025 4567 astrologi
1048 4485 1178 4549 maxime
1207 4485 1299 4549 sobrii
1322 4504 1360 4547 ex
1381 4482 1552 4562 praeceptis
1575 4481 1650 4545 artis
1673 4480 1712 4543 de
1734 4497 1810 4541 con-

450 4576 617 4661 junctione
646 4593 756 4655 magna
786 4575 944 4650 dixerunt,
977 4596 1100 4657 qnorum
1130 4574 1231 4656 aliqua
1261 4574 1341 4636 infra
1370 4572 1546 4635 videbimus.
1597 4572 1704 4650 Itaque
1733 4586 1810 4647 qnae
1925 4646 1928 4651 Ι

450 4672 542 4751 0⁸9·
566 4663 686 4728 XXIX.
710 4683 748 4725 ex
771 4674 880 4728 natura
902 4667 982 4728 nuda
1004 4664 1213 4739 refutavimus,
1237 4683 1276 4726 ea
1296 4681 1422 4725 accessu
1447 4661 1557 4723 stellae
1578 4680 1633 4741 per
1655 4659 1712 4720 boc
1733 4678 1806 4735 papo
1840 4671 1844 4680 ’

450 4761 527 4829 lm
549 4753 660 4833 aitqua
681 4752 730 4817 hio
752 4773 854 4817 rursus
877 4756 1146 4818 confirmarentur..
1163 4754 1255 4817 'Nam
1277 4752 1351 4815 nibil
1378 4751 1551 4827 incredibile
1580 4748 1719 4829 amplius,
1742 4745 1807 4827 pri·

450 4866 545 4921 mum
568 4854 659 4926 atque
682 4844 846 4906 advocatur
862 4849 939 4916 θιος
956 4842 1018 4906 ἀπο
1032 4864 1169 4925 umorue·
1206 4842 1303 4922 Igitur
1326 4850 1358 4904 et
1376 4848 1494 4923 tempus
1516 4840 1734 4901 decerneretur
1744 4829 1809 4898 200

450 4954 630 5018 annorum,
659 4943 691 4995 et
713 4933 810 5007 locus,
838 4934 1010 5015 Hungaria,
1038 4932 1192 5006 Moravia‚
1224 4930 1390 5011 Hispania,
1424 4947 1500 5011 quas
1531 4928 1587 4991 snb
1610 4926 1809 5007 Sagittarium

450 5030 655 5100 oefemutur:
688 5021 842 5103 imperium
872 5042 944 5085 vero
966 5023 1134 5086 Romanum
1157 5030 1209 5083 ant
1239 5029 1307 5083 tota
1330 5018 1507 5083 Christiana
1537 5016 1669 5098 respubl.
1702 5034 1740 5077 ex
1762 5031 1809 5085 eo,

450 5115 556 5207 3uod,
580 5120 615 5175 ut
636 5114 711 5174 haec
734 5120 806 5174 sunt
827 5114 989 5194 praecipua
1011 5111 1105 5175 totius
1127 5101 1208 5174 orbis
1227 5090 1361 5197 iniperia,
1385 5108 1429 5171 sic
1443 5106 1627 5188 Sagittarius
1648 5103 1706 5167 boc
1728 5112 1809 5167 tem-
1903 5143 1906 5150 ·

450 5226 537 5294 pore
563 5201 741 5284 prse'c'puns
764 5201 841 5264 coeli
863 5202 955 5277 locus,
980 5212 1014 5265 ut
1027 5202 1062 5264 in
1080 5220 1138 5284 quo
1160 5199 1276 5263 mitium
1298 5198 1410 5281 trigoni
1432 5196 1510 5278 ignei
1533 5205 1566 5259 et
1582 5195 1724 5277 planetae
1747 5203 1810 5258 tres

1543 5297 1601 5352 ⁴⁷·
