4584 6192
814 1339 1320 1442 PROOEMIUM

478 1775 581 1889 Annis
609 1824 693 1890 1608
717 1837 749 1891 et
775 1824 858 1890 1609
881 1830 1053 1906 percrebuit
1075 1850 1175 1892 rumor
1204 1849 1299 1891 novae
1323 1832 1366 1893 rei
1390 1833 1539 1907 detectae,
1565 1853 1640 1913 quae
1664 1833 1745 1894 haud

387 1918 536 1979 immerito
561 1925 694 1979 attentos
719 1918 791 1978 fecit
815 1936 881 1977 cum
904 1936 1016 1992 omnes,
1043 1919 1148 1998 quibus
1173 1939 1221 1980 res
1244 1919 1392 1981 humanae
1408 1921 1575 2001 artiumque
1598 1940 1743 2001 progres-

386 2028 439 2068 sus
459 2026 547 2067 curae
563 2014 659 2080 erant,
683 2016 745 2068 tum
769 2006 928 2084 praecipue
953 2026 1013 2080 eos,
1040 2008 1089 2087 qui
1113 2009 1316 2069 astronomiae
1337 2028 1428 2088 opera
1451 2010 1575 2079 dabant,
1600 2011 1745 2071 detecti

386 2096 544 2157 scilicet
567 2094 648 2155 tubi
673 2095 796 2175 optici.
844 2096 934 2155 Haud
963 2096 1068 2157 mirum
1091 2098 1273 2175 Keplerum,
1307 2098 1511 2159 avidissimum
1543 2119 1641 2160 rerum
1665 2098 1744 2160 scitu

388 2186 547 2264 dignarum
572 2183 725 2260 cultorem,
750 2184 854 2245 tubum
878 2185 964 2258 hunc,
991 2203 1047 2263 quo
1071 2186 1144 2247 nihil
1168 2187 1352 2265 praeclarius
1377 2187 1430 2248 illa
1453 2195 1591 2266 tempora
1616 2187 1741 2266 excogi-

386 2281 499 2347 tarunt,
526 2281 625 2333 erecto
650 2275 750 2334 studio
775 2274 929 2351 accepisse
962 2293 1105 2353 suumque
1130 2277 1158 2335 in
1183 2295 1268 2335 usum
1291 2277 1430 2337 vertisse.
1477 2277 1549 2349 Ille,
1575 2276 1623 2357 qui
1648 2275 1743 2337 hebes

385 2363 462 2434 visu,
487 2362 603 2441 qualem
628 2381 660 2421 se
676 2363 740 2441 ipse
756 2363 931 2440 saepissime
956 2382 1046 2441 aegre
1066 2364 1165 2424 ferens
1180 2364 1347 2442 profitetur,
1372 2372 1496 2425 naturae
1511 2374 1614 2425 tamen
1631 2364 1741 2439 indole,

386 2460 417 2511 et
442 2452 505 2512 lato
530 2451 656 2510 ducente
681 2452 720 2511 ad
744 2451 958 2512 subtilissimas
983 2452 1210 2513 observationes
1234 2472 1412 2526 conversus,
1444 2453 1569 2514 aliorum
1594 2454 1741 2515 observa-

386 2540 518 2601 tionibus
543 2539 725 2618 aliorumque
751 2541 877 2601 maxime
903 2540 993 2613 visui,
1026 2561 1093 2601 cum
1120 2541 1295 2619 perspicilla
1326 2542 1425 2620 ipsum
1454 2562 1560 2621 parum
1587 2543 1741 2622 juvarent,

387 2629 534 2690 confidere
550 2636 672 2688 coactus
688 2639 786 2702 esset;
812 2629 871 2702 ille,
898 2630 946 2707 qui
961 2649 1073 2690 arcana
1089 2631 1239 2691 coelorum
1263 2650 1322 2709 qua
1344 2640 1450 2709 posset
1464 2632 1580 2692 ratione
1599 2649 1740 2710 perscru-

387 2726 518 2789 taretur,
552 2726 583 2776 ct
607 2737 682 2796 quae
712 2719 838 2778 deerant
870 2718 928 2795 ipsi
961 2720 1152 2796 adjumenta,
1188 2727 1249 2779 tum
1283 2719 1498 2792 meditatione,
1531 2727 1593 2781 tum
1625 2719 1740 2780 calculo

385 2806 614 2873 mathematico,
639 2814 700 2867 tum
724 2807 904 2885 phantasiae
929 2806 1006 2867 ludis
1030 2808 1199 2884 suppleret,
1224 2808 1274 2868 ille
1299 2808 1442 2889 denique,
1468 2808 1517 2887 qui
1542 2808 1650 2886 opticis
1674 2807 1740 2868 dis-

385 2895 595 2975 quisitionibus
620 2895 754 2969 deditus,
787 2915 844 2956 non
870 2896 949 2955 levia
978 2904 1008 2956 et
1032 2895 1156 2973 indigna
1180 2897 1406 2971 mathematico,
1443 2897 1527 2975 cnjus
1556 2896 1600 2957 rei
1628 2904 1740 2957 testem

384 2983 532 3045 habemus
556 3003 629 3062 opus
654 2984 721 3044 huic
744 2984 877 3064 proxime
897 2985 1103 3062 praemissum,
1129 2985 1160 3045 in
1175 2985 1232 3045 hac
1247 2985 1375 3046 scientia
1389 2985 1605 3063 praestitisset,
1630 3003 1739 3064 magno

384 3072 528 3151 impletus
557 3081 605 3132 est
636 3072 764 3151 gaudio,
797 3091 885 3153 quum
918 3072 1179 3153 exoptatissimum
1212 3074 1274 3134 suis
1308 3074 1417 3135 studiis
1449 3074 1568 3154 accepit
1600 3074 1740 3136 nuncium

384 3162 498 3223 detecti
522 3161 687 3240 telescopii.

473 3249 588 3310 Eodem
620 3258 720 3311 autem
749 3258 896 3329 tempore,
929 3268 986 3330 quo
1014 3251 1141 3329 primum
1171 3249 1281 3311 certior
1317 3251 1415 3312 lactus
1448 3258 1497 3312 est
1518 3251 1670 3330 Keplerus
1702 3251 1739 3312 de

383 3340 441 3400 hoc
460 3339 668 3414 instrumento,
694 3340 846 3400 nunciavit
871 3337 1071 3400 Galilaeus
1095 3339 1252 3400 Florentia
1266 3340 1395 3418 Pragam
1419 3360 1466 3415 ea,
1492 3359 1567 3419 quae
1591 3340 1656 3417 ejus
1682 3359 1738 3419 ope

383 3429 415 3488 in
440 3429 523 3489 coelo
547 3447 626 3488 nova
650 3429 895 3507 deprehenderit,
931 3438 962 3489 et
990 3447 1056 3489 cum
1090 3428 1169 3488 haud
1203 3429 1290 3506 pauci
1319 3437 1439 3503 essent,
1475 3429 1525 3509 qui
1554 3428 1738 3503 dubitarent,

382 3537 453 3578 num
478 3535 551 3577 vera
575 3525 678 3577 esseut
701 3537 750 3591 ea,
777 3536 851 3596 quae
877 3516 1036 3578 Galilaeus
1060 3524 1213 3588 narraret,
1247 3516 1397 3596 Keplerus
1421 3517 1577 3595 utrobique
1613 3519 1642 3579 in
1676 3535 1739 3577 rem

382 3606 481 3685 ipsam
513 3623 639 3685 pergere
671 3606 846 3677 constituit,
879 3605 1010 3667 Galilaei
1040 3605 1227 3666 detectiones
1261 3606 1455 3679 confirmans,
1489 3606 1611 3685 tubique
1645 3605 1737 3684 optici

382 3695 609 3755 fundamentum
633 3705 752 3756 struens
777 3695 1039 3762 mathematicum,
1072 3694 1119 3755 cui
1153 3692 1361 3766 inniterentur,
1397 3694 1447 3771 qui
1475 3694 1645 3754 accuratius
1674 3712 1738 3754 rem

382 3801 567 3861 cognoscere
592 3784 713 3845 vellent.
770 3785 815 3844 De
841 3782 974 3845 Galilaei
998 3782 1218 3844 detectionibus
1251 3782 1315 3861 agit
1343 3782 1373 3842 in
1407 3781 1536 3856 libellis,
1572 3781 1621 3862 qui
1653 3781 1738 3842 brevi

381 3872 528 3950 temporis
553 3872 652 3950 spatio
676 3873 854 3934 seinvicem
878 3872 1146 3950 subsequebantur,
1173 3870 1250 3931 alter
1274 3870 1435 3949 inscriptus
1466 3869 1735 3944 ,Dissertatio“

381 3960 552 4032 (dedicatio
569 3962 641 4022 data
657 3971 705 4023 est
718 3961 814 4023 Nonis
829 3961 903 4039 Maji
922 3957 1032 4033 1610),
1053 3962 1130 4020 alter
1147 3959 1365 4033 „Narratio“
1383 3959 1426 4031 (d.
1447 3958 1496 4021 11.
1512 3956 1599 4037 Sept.
1619 3954 1736 4033 1610);

379 4050 447 4111 tubi
482 4057 583 4110 autern
619 4051 710 4129 optici
748 4051 915 4111 doctrinam
952 4048 1197 4109 mathematicam
1230 4046 1386 4129 proposuit
1418 4047 1448 4108 in
1483 4046 1735 4126 „Dioptric‘a,“

381 4138 504 4211 (Dedic.
531 4139 604 4199 data
627 4148 674 4200 est
698 4138 764 4200 Cal.
789 4139 858 4200 Jan.
888 4135 980 4211 1611,
1007 4137 1156 4217 praelatio
1180 4145 1280 4198 autem
1311 4143 1381 4216 post
1411 4137 1499 4198 finem
1532 4136 1610 4197 Iunii
1637 4131 1738 4211 1611)

380 4246 492 4288 novam
525 4228 656 4288 condens
690 4228 896 4306 disciplinam,
931 4246 1019 4306 quam
1052 4226 1149 4287 secuti
1181 4227 1296 4305 posteri
1330 4245 1366 4286 ea
1392 4224 1626 4304 praestiterunt,
1661 4244 1737 4306 quae

382 4315 473 4377 hodie
499 4315 680 4378 admiremur
703 4318 732 4378 in
757 4317 892 4378 aedificio
918 4314 1120 4395 „Opticae“
1146 4316 1257 4393 optime
1282 4313 1456 4376 constituto.

472 4405 580 4465 Insunt
605 4405 820 4483 „Dioptricae“
846 4406 1057 4483 supplementa
1080 4423 1198 4477 eorum,
1233 4423 1309 4483 quae
1342 4403 1371 4464 in
1398 4401 1549 4480 „Optica“
1576 4401 1624 4463 vel
1646 4402 1736 4480 plane

380 4492 504 4565 omissa,
530 4493 579 4553 vel
602 4493 693 4554 verbo
717 4501 835 4555 tantum
860 4501 977 4555 attacta
1000 4500 1079 4567 sunt,
1106 4501 1145 4566 et,
1172 4511 1351 4573 quamquam
1373 4491 1523 4570 Keplerus
1546 4489 1594 4549 hic
1618 4507 1733 4570 quoque

380 4582 511 4642 nondum
540 4581 720 4661 ipsissimam
743 4583 933 4644 retractionis
957 4583 1055 4659 legem
1088 4581 1281 4659 cognoverit,
1315 4581 1345 4641 id
1375 4587 1494 4647 tamen,
1529 4578 1607 4659 quod
1629 4577 1735 4656 proxi-

380 4689 428 4730 me
449 4670 610 4748 spectabat
624 4671 704 4732 edito
729 4673 784 4732 hoc
809 4691 908 4750 opere,
933 4671 1069 4731 tuborum
1094 4670 1260 4750 opticorum
1285 4668 1537 4730 constructionem
1560 4666 1733 4727 mathema-

379 4758 473 4819 ticam
495 4758 607 4837 primus
628 4760 755 4822 omnium
779 4761 836 4822 rite
861 4758 964 4832 tradit,
990 4778 1078 4839 quum
1106 4758 1158 4820 alii
1187 4757 1306 4819 nonnisi
1328 4756 1533 4818 mechanicam
1555 4761 1734 4816 construen-

380 4847 485 4908 dorum
519 4848 657 4910 tnborum
690 4856 786 4910 artem
819 4854 998 4910 tractarent.
1057 4847 1131 4921 Ille,
1171 4865 1258 4926 quum
1295 4846 1360 4926 ipse
1397 4850 1462 4906 arte
1495 4842 1672 4905 mechanica
1703 4848 1736 4904 et

379 4954 524 4997 mannum
547 4937 586 4997 ad
610 4937 686 4998 talia
709 4938 893 4999 conficienda
914 4935 1127 5017 promtitudine
1151 4953 1257 5015 parum
1280 4934 1407 5006 valeret,
1431 4931 1599 4994 doctrinam
1612 4931 1733 4993 mathe-

378 5023 521 5087 maticam
544 5023 574 5086 in
597 5026 742 5088 auxilium
765 5026 935 5101 advocavit,
960 5042 1054 5104 eaque
1078 5024 1144 5087 sola
1159 5024 1322 5103 adjuvante
1346 5021 1411 5084 tubi
1434 5019 1627 5084 construendi
1650 5020 1740 5109 leges

432 5126 522 5177 Replerl
535 5127 612 5177 Opera.
633 5130 660 5169 u.
1488 5123 1522 5178 29
