4584 6192
965 597 1048 666 Caput
1065 599 1132 654 xm
1661 601 1729 673 683

368 784 486 841 mento.
531 774 614 837 Tunc
646 775 726 839 enim
758 795 883 839 necesse
915 797 974 840 non
1006 779 1098 840 fnerb
1120 778 1160 839 ad
1184 778 1431 842 scintillationem
1463 780 1729 846 demonstrandam

369 883 524 930 assumere
548 864 657 938 vitam,
691 865 749 926 nisi
772 865 875 940 illam,
908 885 985 945 qnae
1008 875 1058 928 est
1080 868 1240 941 flammae,
1270 886 1347 947 quae
1370 869 1541 932 carbonum.
1587 872 1634 934 At
1655 871 1729 934 illud

369 954 524 1035 explicare
538 971 597 1013 non
611 970 743 1032 possum,
760 973 812 1016 cnr
826 954 1020 1018 circumcirca
1033 956 1182 1035 sparserit
1195 955 1319 1018 radios?
1342 976 1408 1020 cnm
1422 968 1576 1022 nostrates
1590 961 1729 1023 flammae

368 1064 392 1105 a
414 1050 553 1106 certast
576 1041 636 1102 lina
658 1042 760 1104 radice
792 1051 985 1105 succrescant
1008 1044 1037 1105 in
1067 1044 1181 1119 altnm;
1215 1064 1270 1106 nec
1293 1046 1476 1121 verisimile,
1510 1049 1637 1111 eandem
1668 1048 1729 1112 illio

369 1151 442 1194 esse
465 1148 596 1211 pugnam
619 1131 751 1192 humoris
770 1150 835 1193 corn
854 1133 933 1212 igne,
958 1151 1034 1212 qnae
1053 1132 1101 1194 hic
1124 1133 1204 1212 apud
1227 1152 1282 1195 nos
1296 1135 1492 1197 undulantem
1510 1137 1593 1199 illum
1615 1145 1729 1200 motum

368 1223 559 1284 flammarum
582 1218 693 1294 efficit3
717 1220 774 1281 nisi
798 1221 863 1300 quis
888 1221 963 1282 forte
987 1221 1064 1282 hanc
1086 1222 1183 1283 nostri
1207 1222 1286 1284 aeris
1310 1222 1519 1286 humiditatem
1542 1225 1726 1289 reclamante

368 1309 476 1391 optiea
507 1306 669 1386 disciplina
699 1308 729 1370 in
759 1309 938 1371 altissimum
971 1329 1064 1390 usque
1099 1311 1253 1372 aetherem
1284 1311 1450 1373 subvehere
1480 1314 1565 1376 velit.
1613 1313 1729 1386 Quodsi

370 1396 566 1461 circumcirca
588 1396 676 1470 radii,
700 1397 911 1470 nutrimentum
934 1398 1025 1477 igitur
1049 1398 1078 1461 in
1101 1400 1208 1474 medio,
1234 1417 1342 1478 corpus
1365 1400 1466 1479 igitur.
1512 1401 1547 1463 Iu
1571 1402 1628 1464 bac
1651 1402 1727 1466 fluc-

368 1486 509 1549 tuatione
538 1494 681 1564 sequatur
705 1486 831 1566 quilibet
855 1487 932 1567 qnod
949 1488 1040 1548 volet.
1080 1485 1204 1550 Certum
1227 1495 1284 1562 est,
1309 1496 1362 1549 aot
1384 1490 1534 1550 flammam
1558 1491 1652 1551 foisse
1676 1501 1730 1553 aut

369 1575 469 1636 vitam
492 1574 650 1647 habuisse;
675 1574 732 1637 nisi
748 1576 826 1636 forte
850 1594 947 1637 rernm
971 1575 1132 1637 earundem
1147 1576 1294 1650 (luminis,
1319 1577 1461 1653 colorum,
1486 1578 1728 1653 scintillationis)

369 1664 541 1726 effectrices
574 1682 684 1724 causae
717 1683 776 1725 non
806 1672 877 1725 sunt
906 1665 1030 1725 eaedem
1062 1665 1117 1724 sub
1142 1666 1230 1727 Luna
1252 1673 1285 1725 et
1315 1664 1395 1727 inter
1426 1667 1512 1727 fixas.
1560 1665 1647 1738 Quod
1678 1670 1729 1747 qui

367 1752 487 1831 objicit,
510 1752 538 1812 is
554 1771 670 1812 omnem
695 1752 916 1833 inquisitionem
935 1753 978 1814 rei
993 1753 1078 1814 nobis
1102 1754 1275 1833 exprobrat.
1311 1755 1358 1815 At
1377 1754 1471 1816 multa
1485 1764 1564 1831 snnt,
1580 1756 1727 1836 quaedam

368 1842 402 1904 ia
426 1839 547 1920 Opticis
570 1840 662 1901 etiam
685 1862 705 1901 a
727 1860 773 1902 me
797 1849 869 1902 sont
892 1842 998 1915 allata,
1021 1860 1095 1921 quae
1120 1851 1263 1922 arguunt,
1287 1860 1346 1903 non
1371 1852 1434 1904 tam
1457 1845 1609 1906 essentiae
1632 1844 1726 1908 dissi·

367 1929 538 1991 militudine
561 1947 651 2008 qoam
673 1930 841 1991 intervallis
865 1929 1009 1991 distincta
1032 1949 1099 1991 esse
1124 1931 1177 1994 illa
1204 1931 1350 1992 coelestia
1372 1932 1411 1992 ab
1436 1932 1483 1994 bis
1505 1932 1725 1996 sublunaribos.

368 2018 416 2082 Ut
428 2017 536 2090 Mosen
560 2025 689 2092 taceam,
714 2019 834 2098 quibas
858 2038 954 2097 aquas
967 2019 1006 2079 ab
1026 2019 1088 2080 illis
1111 2020 1196 2099 aquis
1216 2020 1283 2081 sola
1305 2020 1489 2099 expansione
1504 2020 1564 2093 (sic
1577 2022 1727 2084 Hebraico

369 2106 455 2168 docti
489 2105 642 2186 accipiunt
673 2126 777 2169 vocem
809 2108 951 2187 raquiab)
984 2115 1124 2186 separat;
1157 2128 1222 2170 enm
1252 2119 1357 2170 essent
1379 2108 1409 2170 in
1432 2109 1535 2171 mnndi
1566 2110 1727 2188 primordio

368 2195 527 2258 confusae.
575 2194 618 2256 Ut
641 2192 839 2276 Cepernicom
868 2196 958 2258 etiam
987 2197 1122 2270 mittam,
1158 2198 1207 2277 qni
1229 2194 1341 2257 Telluri
1373 2196 1432 2276 ipsi
1459 2198 1511 2277 jus
1539 2197 1673 2261 civitatis
1695 2199 1726 2260 in

369 2285 457 2347 coelo
481 2282 575 2346 dedit.

466 2373 624 2452 Utcunque
648 2372 770 2448 habeat,
796 2372 868 2433 illud
892 2373 921 2433 in
941 2391 1050 2451 genere
1074 2390 1186 2445 verum,
1211 2372 1332 2433 stellam
1354 2371 1432 2435 hanc
1455 2392 1561 2454 corpus
1579 2383 1610 2436 et
1628 2382 1727 2437 mate-

370 2463 450 2525 riam
473 2480 558 2523 snam
581 2461 733 2523 habuisse.
779 2460 859 2524 Nam
884 2460 1048 2523 Patriciani
1073 2463 1158 2542 ignes
1181 2460 1374 2522 immateriati
1397 2470 1430 2523 et
1451 2462 1598 2538 viventes,
1623 2465 1728 2543 quales

370 2551 482 2614 stellas
508 2550 590 2623 iacit,
616 2550 732 2629 pridem
756 2550 937 2611 refrixerunt
960 2551 1094 2630 adeoque
1117 2549 1260 2611 exstincti
1284 2559 1364 2611 suot.
1411 2548 1599 2613 Ostendetur
1622 2570 1726 2615 exem-

369 2640 470 2720 plum,
503 2638 552 2699 nbi
577 2639 674 2701 lumen
698 2641 746 2700 vel
769 2658 803 2699 re
827 2639 892 2719 ipso
920 2647 1007 2701 stans
1030 2640 1079 2703 vel
1102 2637 1141 2699 ab
1164 2637 1365 2699 illustratione
1399 2639 1522 2701 alterius
1555 2640 1727 2721 dependens

370 2727 507 2792 aaran
528 2726 666 2805 subjecto
690 2727 861 2798 materiato,
884 2738 1054 2808 corporato.
1091 2728 1181 2789 Dicet
1206 2727 1335 2788 fortasse
1358 2726 1518 2804 Patricius,
1543 2729 1605 2791 tale
1628 2732 1727 2793 lumen

369 2835 441 2879 esse
465 2814 592 2877 Solem?
620 2815 801 2896 Principium
824 2816 956 2895 petitur:
987 2817 1024 2878 de
1047 2816 1106 2878 illis
1132 2816 1161 2875 in
1185 2816 1283 2887 coelo,
1308 2834 1384 2895 qnae
1408 2836 1476 2878 sese
1500 2836 1558 2880 ooo
1581 2817 1728 2898 praebent

370 2904 600 2979 contrectanda,
626 2905 791 2985 disputatio
806 2914 873 2978 est;
898 2923 1009 2983 quaero
1028 2905 1197 2984 exemplum
1217 2904 1246 2965 in
1263 2904 1367 2967 Terra.
1399 2905 1491 2967 Dicet
1509 2905 1563 2968 illa
1581 2906 1728 2969 coelestia

369 3013 431 3057 non
455 3013 522 3054 esse
546 2993 658 3054 similia
680 2994 727 3055 his
749 2994 966 3054 terrestribus?
997 2991 1059 3055 Cur
1082 2989 1174 3073 igitur
1196 2993 1342 3071 disputat,
1367 2992 1430 3072 ipse
1454 2993 1543 3055 bomo
1567 2994 1604 3056 de
1623 2997 1727 3067 Terra,

370 3084 403 3146 in
427 3082 513 3161 cujus
538 3093 638 3144 mente
662 3083 734 3144 nihil
750 3090 807 3153 est,
832 3083 909 3161 quod
926 3100 983 3143 non
1001 3082 1091 3143 fuerit
1113 3083 1281 3159 ingressum
1304 3100 1358 3161 per
1379 3101 1520 3144 sensnum
1541 3083 1728 3146 terrestrium

369 3171 503 3252 portas?
535 3170 600 3232 Imo
623 3190 694 3232 vero
719 3172 772 3232 illa
795 3171 862 3250 ipsa
890 3171 1034 3231 coelestia
1063 3170 1175 3231 lumina
1198 3171 1235 3232 ad
1259 3189 1315 3232 nos
1345 3169 1531 3233 descendunt
1553 3172 1581 3234 in
1606 3172 1726 3235 Terras.

371 3258 528 3322 Ostendat
551 3260 643 3338 igitur
663 3260 763 3340 aliqn'o
783 3260 848 3320 loco
872 3260 970 3320 lumen
995 3260 1137 3333 coeleste,
1161 3258 1291 3338 speciem
1306 3256 1398 3334 Solis,
1414 3259 1518 3322 Lunae
1537 3269 1591 3321 aut
1608 3262 1725 3336 stellae,

370 3349 422 3411 obi
445 3347 528 3410 absit
550 3349 670 3430 aliquod
694 3348 862 3427 subjectum
885 3347 1075 3410 illustrabile.
1122 3347 1271 3428 Nuspiam
1293 3346 1439 3422 inveniet,
1468 3347 1522 3408 sed
1547 3359 1599 3410 ant
1621 3351 1726 3429 splen·

372 3438 476 3499 dorem
499 3437 527 3497 in
553 3444 642 3512 aere,
677 3437 794 3517 qnando
819 3437 846 3498 is
869 3437 958 3498 valde
982 3456 1104 3499 crassus
1129 3445 1196 3505 est,
1230 3445 1282 3497 aut
1305 3435 1334 3497 in
1363 3436 1460 3512 nube,
1491 3456 1567 3517 quae
1590 3438 1656 3517 jam
1679 3445 1728 3499 est

373 3544 480 3606 aquea,
505 3533 559 3586 aut
581 3527 611 3588 in
635 3527 767 3605 speculo.

460 3615 539 3676 Nam
572 3616 651 3695 quod
674 3616 703 3675 in
727 3614 810 3676 cavis
842 3613 972 3693 speculis
1005 3612 1152 3693 imagines
1184 3621 1374 3692 spectantem
1407 3611 1485 3674 inter
1513 3621 1545 3674 et
1572 3612 1726 3692 speculum

370 3703 540 3766 consistunt
576 3706 625 3777 (nt
649 3704 767 3765 videtur
794 3704 823 3764 in
854 3710 924 3764 aere
949 3711 980 3764 et
1003 3702 1089 3783 qnasi
1117 3702 1183 3763 sine
1211 3704 1365 3779 corpore),
1397 3700 1535 3782 deceptio
1559 3710 1608 3762 est
1630 3700 1724 3777 visua,

370 3803 405 3855 ut
425 3793 456 3855 in
481 3792 599 3871 Opticis
629 3793 816 3873 explicatum
849 3793 927 3853 unde
951 3801 982 3853 et
1005 3792 1043 3852 ab
1067 3789 1282 3870 imaginatione
1310 3789 1429 3869 accepit
1456 3808 1580 3863 nomen3
1612 3787 1644 3850 in
1667 3810 1728 3871 qna

370 3883 455 3945 locus
479 3882 598 3962 quidem
621 3882 652 3943 in
668 3888 739 3942 aere
762 3881 939 3959 concipitur,
963 3880 1082 3961 species
1104 3879 1173 3959 ipsa
1195 3878 1262 3940 visa
1285 3897 1343 3939 non
1367 3886 1416 3940 est
1439 3878 1521 3953 alibi,
1545 3878 1603 3940 nisi
1626 3877 1657 3940 in
1671 3896 1726 3941 sno

368 3971 492 4052 proprio
520 3971 658 4050 subjecto
682 3990 736 4031 cen
760 3970 852 4043 sonte,
882 3970 971 4049 inque
999 3969 1085 4031 oculo
1109 3966 1292 4048 spectantis,
1325 3966 1398 4029 licet
1424 3986 1532 4029 averso
1555 3986 1576 4028 a
1597 3986 1644 4042 re,
1673 3986 1728 4049 per

368 4059 603 4121 illustrationem
626 4082 645 4120 a
668 4060 789 4139 speculo
813 4075 1036 4137 repercussam,
1066 4067 1099 4118 ut
1122 4058 1151 4119 in
1176 4055 1295 4137 Opticis
1319 4055 1451 4118 docetur.
1496 4057 1542 4118 At
1565 4055 1652 4117 nobis
1676 4055 1724 4119 hio

363 4149 515 4230 jamnon
539 4158 588 4211 est
610 4148 748 4229 quaestio
772 4146 808 4207 de
833 4148 916 4219 loco,
946 4148 1001 4208 sed
1025 4146 1062 4207 de
1086 4165 1229 4226 corpore,
1264 4145 1343 4226 qnod
1369 4145 1515 4225 fulgorem
1542 4144 1645 4218 illum,
1669 4161 1727 4226 quo

368 4239 409 4300 de
431 4236 588 4318 loquimur,
612 4236 896 4317 repraesentaverit.
943 4234 1036 4297 Dicat
1057 4234 1220 4307 Patricius,
1243 4234 1269 4296 si
1293 4234 1407 4313 placet,
1433 4233 1525 4295 etiam
1547 4231 1610 4295 illic
1633 4234 1727 4296 luisse

367 4327 525 4407 speculum
549 4327 679 4408 aliquod,
705 4323 864 4387 dnmmodo
888 4343 996 4403 corpus
1019 4324 1153 4386 fateatur
1171 4341 1266 4403 neque
1289 4322 1507 4386 immateriatos
1530 4321 1617 4384 nobis
1640 4322 1726 4403 ignes

368 4415 524 4479 obtrudat.

459 4503 553 4566 Porro
577 4522 672 4583 neque
706 4511 877 4565 automatos
910 4500 996 4581 ignes
1018 4500 1097 4563 ullos
1126 4500 1288 4562 ostendere
1319 4506 1423 4580 potest
1452 4500 1530 4563 citra
1556 4498 1726 4564 materiam.

366 4594 518 4658 Planetse
542 4602 623 4655 certe
647 4610 751 4653 omnes
775 4591 971 4664 rotunditate,
996 4590 1133 4657 maculis,
1157 4589 1315 4663 coloribus,
1340 4588 1533 4651 incrementis
1557 4607 1596 4650 ox
1613 4606 1727 4668 appro-

366 4683 556 4765 pinquando,
581 4681 802 4761 parallaxibus,
828 4681 934 4761 quibus
957 4679 987 4740 in
1011 4679 1214 4757 cognitionem
1240 4678 1375 4739 venimus
1403 4693 1505 4739 earnm
1528 4686 1630 4739 certae
1653 4677 1727 4739 alti-

366 4771 493 4846 tndinis,
518 4779 684 4850 arguuntur
706 4788 776 4831 esse
800 4788 935 4848 corpora,
960 4786 1019 4828 non
1043 4765 1238 4829 immateriati
1261 4766 1365 4845 ignes;
1388 4775 1479 4846 atque
1498 4766 1601 4828 borum
1625 4766 1728 4846 aliqua

367 4862 447 4924 lixae
472 4879 539 4922 oum
560 4858 693 4940 planetis
716 4858 830 4919 babent
852 4854 1029 4919 communia.
1067 4855 1103 4917 In
1126 4854 1174 4916 bis
1192 4854 1294 4917 Terris
1316 4872 1389 4916 vero
1411 4854 1478 4935 quis
1497 4871 1628 4933 unquam
1651 4853 1729 4916 vidit

366 4952 489 5030 ignem,
521 4949 570 5011 eni
593 4965 652 5008 nou
675 4947 767 5009 luerit
793 4945 925 5027 corpus?
966 4945 1089 5026 Loquor
1110 4944 1147 5006 de
1175 4943 1266 5005 rebus
1295 4942 1508 5005 naturalibus·
1538 4942 1624 5005 Nibil
1646 4942 1727 5005 enim

367 5039 421 5101 bic
442 5056 543 5100 moror
565 5036 702 5118 spiritns,
726 5035 801 5098 nibil
819 5033 930 5098 lomina
944 5033 1057 5109 divina,
1081 5050 1158 5112 quae
1177 5031 1289 5105 vident,
1314 5030 1365 5111 qui
1378 5032 1428 5093 rel
1446 5032 1566 5093 arcanis
1589 5031 1727 5094 fruuntur

366 5127 513 5211 alloquiis
534 5126 585 5189 rel
607 5124 795 5188 maerenda
823 5122 998 5190 curiositate
1030 5122 1208 5184 daemonum
1236 5120 1372 5200 gaudent
1401 5118 1600 5184 commerciis.
1644 5119 1727 5194 Nara
