4584 6192
898 692 905 703 ι
953 582 1166 708 onena·
1655 535 1719 665 isa

373 798 464 882 quam
488 779 514 841 si
537 799 644 842 novam
676 788 790 843 sectam
819 780 989 842 suaderent.
1034 778 1176 841 Krahbus
1199 778 1277 840 dixit
1303 779 1428 840 eadem
1438 780 1475 841 de
1503 778 1617 841 oritura
1645 777 1720 841 reli-

329 947 331 952 *
372 870 464 950 gione
486 868 602 944 media,
626 870 681 931 sed
704 869 798 932 oculis
821 887 846 930 a
862 869 978 931 coelo
970 889 1001 931 ιι
1022 869 1138 952 Regem
1161 868 1290 949 aliquem
1311 867 1483 949 Europae
1475 886 1587 950 mque
1585 886 1720 931 mmores

372 958 536 1021 nonnullos
559 959 675 1021 aulicos
696 954 830 1020 retortis.

461 1049 648 1110 Mutatioues
671 1048 846 1127 contingent
867 1064 927 1109 non
950 1023 1153 1127 spernendae,
1182 1037 1410 1125 magistratibus
1433 1045 1482 1108 his
1504 981 1719 1120 intermortuis,

372 1136 437 1199 illis
451 1136 589 1198 diversae
604 1137 803 1218 professionis
826 1136 1054 1198 succedentibus
1070 1153 1200 1216 suasque
1216 1154 1318 1197 secum
1333 1135 1520 1198 trahentibus
1538 1134 1720 1248 provincias,

371 1234 404 1288 et
427 1245 503 1307 quae
525 1226 609 1305 prius
633 1226 704 1288 illae
727 1226 895 1288 didicerant
917 1225 1142 1288 deducentibus.

459 1317 544 1377 Haec
567 1316 667 1381 omnia
690 1317 733 1377 sic
756 1315 833 1390 dico,
856 1323 891 1376 ut
912 1314 1004 1397 isqui
1028 1314 1124 1376 sulam
1139 1320 1278 1376 naturam
1293 1313 1434 1375 intuetur.
1458 1309 1583 1375 Interim
1596 1312 1716 1380 divissa

369 1405 579 1484 providentiae
607 1425 667 1467 uon
699 1426 772 1467 sum·
790 1404 959 1474 immemor:
993 1423 1069 1484 quae
1092 1403 1119 1465 si
1141 1410 1250 1464 natura
1272 1402 1420 1465 interdum
1442 1404 1552 1476 utitur,
1576 1410 1721 1484 utquam

371 1494 471 1575 ipsam
492 1494 642 1574 providit,
666 1504 699 1556 at
721 1502 802 1557 certe
825 1515 845 1555 a
867 1502 975 1556 natura
997 1513 1056 1555 uon
1080 1492 1191 1572 accipit
1213 1491 1307 1571 leges,
1328 1511 1442 1572 poenas
1465 1490 1720 1565 misericordiam·

371 1603 430 1665 que
456 1603 540 1645 suam
564 1584 718 1646 intereos
742 1585 792 1665 qui
813 1584 955 1663 placuere
978 1581 1183 1663 dispensandi.
1583 1603 1586 1610 ·

419 1715 422 1722 -
464 1674 629 1734 ancarum
659 1674 778 1753 quidem
808 1672 963 1753 imperium
992 1691 1090 1733 rerum
1122 1670 1327 1749 intelligentes
1357 1670 1482 1734 multum
1513 1669 1550 1730 de
1581 1668 1721 1749 pristinis
1809 1717 1812 1721 »

370 1760 488 1824 viribus
512 1761 718 1842 deperdidisse
743 1762 934 1836 existimant;
965 1779 1019 1822 uec
1047 1780 1127 1822 esse·
1144 1760 1345 1839 impossibile,
1374 1760 1449 1822 illud
1479 1757 1734 1841 conspirantibus.

371 1851 442 1912 inde
465 1852 627 1913 Persarum
649 1852 718 1914 hinc
744 1851 984 1914 Christianorum
1007 1850 1120 1912 viribus
1144 1849 1250 1922 everti,
1278 1850 1303 1910 si
1327 1848 1441 1912 uostris
1463 1868 1518 1910 nos
1540 1846 1654 1910 viribus
1676 1846 1721 1909 uti

369 1940 621 2021 majestatemque
644 1942 803 2022 prudentia
825 1948 994 2020 temperare
1015 1958 1186 2019 pergamus.
1229 1939 1336 2020 Itaque
1363 1939 1412 2001 hic
1443 1957 1498 2019 per
1520 1937 1659 1999 accidens
1681 1936 1721 1998 iis

371 2029 542 2103 assentior,
576 2029 625 2110 qui
655 2049 692 2090 ex
716 2030 808 2092 astris
831 2029 877 2090 illi
899 2029 1024 2109 imperio
1046 2029 1223 2090 minitantur
1246 2028 1408 2091 interitum.
1454 2027 1504 2089 Illi
1531 2026 1650 2108 quidem
1681 2025 1721 2087 ad

370 2118 462 2180 inane
485 2118 564 2204 ignis
587 2138 694 2180 nomeu
719 2119 893 2199 respiciunt,
917 2118 1140 2191 existimantes,
1164 2135 1230 2177 cum
1253 2118 1362 2197 dogma
1384 2117 1441 2179 hoc
1464 2116 1519 2179 sub
1542 2134 1638 2197 aqueo
1660 2114 1741 2196 tri-¹

368 2226 450 2288 gono
475 2208 618 2287 coeperit,
643 2210 697 2269 sub
720 2209 808 2288 igneo
831 2207 1029 2281 interiturum,
1052 2225 1108 2268 neo
1130 2206 1327 2286 perpendunt,
1347 2207 1412 2286 jam
1436 2206 1529 2267 semel
1553 2204 1612 2266 suh
1630 2204 1719 2284 igneo

368 2297 508 2376 trigono,
539 2297 576 2357 ab
600 2317 648 2358 an.
675 2296 790 2359 Christi
813 2293 888 2360 800.
913 2296 944 2357 ιι
971 2294 1064 2359 1000.
1094 2313 1278 2376 pereunasso
1307 2305 1339 2359 et
1360 2294 1569 2358 convaluisse:
1604 2292 1721 2358 Christi

368 2405 444 2448 vero
467 2386 634 2447 doctrinam
663 2386 748 2465 ajunt
777 2386 832 2447 sub
864 2386 951 2464 igneo
981 2386 1133 2464 coepisse,
1163 2384 1213 2485 (ιιι
1243 2385 1349 2465 primis
1378 2381 1444 2447 200
1474 2384 1561 2446 annis
1575 2382 1720 2458 -dursvit,

368 2474 556 2555 eandemque
589 2476 643 2536 sub
671 2475 765 2537 hoc
758 2494 845 2556 igneo
876 2475 914 2535 ab
945 2494 1023 2536 anno
1058 2469 1152 2536 1000.
1184 2473 1214 2534 ιι
1240 2471 1334 2538 1800.
1365 2474 1457 2536 latius
1480 2472 1719 2554 propagandam:

372 2584 493 2626 rursum
521 2564 618 2638 obliti,
646 2565 724 2646 qnod
751 2584 805 2646 per
832 2564 888 2625 hos
918 2559 981 2626 100
1009 2583 1104 2625 anuos
1136 2561 1192 2624 sub
1224 2582 1319 2644 aqueo
1348 2564 1467 2643 trigono
1497 2562 1722 2642 navigationum

368 2652 482 2735 peritia
511 2653 630 2733 lougius
661 2673 716 2734 per
746 2654 848 2715 orbem
879 2649 1078 2714 disseminata
1106 2652 1147 2713 sit
1176 2653 1255 2731 quod
1282 2653 1384 2749 spatia
1409 2654 1570 2714 Terrarum
1588 2643 1721 2726 salust,

371 2761 463 2824 quam
486 2742 554 2804 iude
578 2764 596 2802 a
619 2742 715 2823 prima
738 2743 803 2822 ejus
828 2742 951 2843 origiue.

460 2832 526 2911 Ego
550 2832 608 2893 etsi
631 2841 663 2892 et
686 2840 756 2911 opto
780 2839 813 2892 et
835 2830 953 2893 omniuo
977 2829 1127 2903 existimo,
1149 2825 1215 2908 jam
1236 2847 1321 2890 ruere
1346 2793 1576 2894 ¹Othomanicse
1587 2829 1728 2892 familias.

369 2921 555 3023 potentiam:
587 2913 742 2982 naturales
771 2929 872 2983 tamen
896 2940 1004 2980 causas
1035 2938 1072 2979 ex
1095 2918 1213 2997 trigono
1241 2919 1329 2997 igneo
1359 2921 1458 2982 nullas
1481 2920 1586 2995 video,
1615 2919 1722 3001 quibus

370 3010 406 3083 ιι,
432 3010 481 3090 qni
505 3010 738 3072 Mahometicam
768 3010 935 3070 doctrinam
965 3007 1201 3087 amplectuutur,
1231 3016 1285 3087 pot
1286 3009 1332 3069 ius
1363 2966 1604 3073 Christianorum
1633 3027 1722 3091 quam

368 3098 533 3162 Persarum
557 3100 721 3170 dominatui
746 3097 896 3160 accessuri
919 3097 1091 3177 probentur.
1137 3098 1245 3159 Utrum
1273 3106 1373 3160 autem
1390 3099 1515 3181 ¹aliquid
1544 3098 1651 3162 melius
1680 3098 1722 3160 sit

372 3189 624 3267 exspectandum,
651 3197 810 3269 postquam
830 3188 894 3267 jam
917 3187 1007 3248 stella
1030 3205 1109 3247 nova
1131 3186 1258 3260 effulsit,
1288 3189 1392 3249 differo
1421 3189 1450 3250 iu
1475 3207 1601 3270 sequens
1632 3195 1722 3269 caput

370 3277 531 3338 disserere.
571 3278 670 3357 Saepe
680 3278 745 3357 jam
760 3276 880 3339 secundi
898 3293 1032 3338 rumores
1055 3276 1150 3337 auditi
1173 3284 1242 3337 suut
1262 3277 1299 3337 de
1311 3278 1409 3339 Persa
1426 3277 1599 3342 Christiano
1623 3277 1704 3339 laeto
1710 3297 1720 3351 3

371 3367 428 3430 sed
452 3365 473 3426 ii
496 3374 581 3427 tauta
606 3367 767 3428 oscitantia
791 3366 911 3445 scripti,
941 3372 1026 3426 tanta
1049 3364 1321 3427 verisimilitudinis
1344 3367 1544 3447 negligentia,
1577 3375 1610 3427 ut
1632 3366 1720 3427 facile

370 3464 533 3556 appareat,
563 3465 635 3516 rota
663 3457 763 3535 potius
795 3475 862 3515 esse
887 3454 1066 3535 simplicium
1089 3474 1177 3535 quam
1200 3456 1389 3519 narrationes
1413 3466 1611 3537 expertorum
1656 3456 1721 3519 Nec
1828 3481 1831 3487 ·

370 3545 452 3607 enim
485 3545 627 3619 interest,
659 3564 747 3645 quam
778 3543 881 3604 multis
920 3543 1033 3605 uostris
1064 3563 1116 3605 seu
1148 3542 1299 3645 religiosis
1332 3566 1384 3606 sen
1416 3545 1636 3607 secularibus
1628 3544 1720 3606 risin

370 3632 546 3713 regionibus
570 3634 743 3695 conversari
767 3633 873 3707 liceat,
897 3634 951 3694 sed
974 3652 1062 3716 quam
1085 3614 1188 3694 multis
1207 3651 1244 3692 ex
1259 3634 1493 3713 provincialibus
1510 3634 1625 3698 Christi
1647 3633 1722 3696 fides

370 3722 602 3805 persuadeatur.
647 3724 750 3824 Atque
773 3722 887 3784 utinam
910 3724 973 3797 ιιιι,
997 3722 1076 3804 quod
1100 3722 1229 3783 omnium
1252 3722 1333 3784 votis
1356 3723 1521 3804 expetitur:
1551 3731 1621 3784 tunc
1643 3740 1723 3784 nova

370 3811 448 3874 mihi
472 3811 636 3892 disputatio
660 3812 718 3873 erit
741 3830 807 3872 cum
831 3811 1005 3891 astrologis,
1029 3810 1134 3892 quibus
1157 3811 1215 3883 hoc
1237 3820 1339 3872 tamen
1362 3832 1428 3875 sum
1449 3821 1628 3892 negaturus,
1650 3817 1721 3874 tan-

371 3911 437 3963 tam
460 3901 590 3981 gratiam
612 3902 671 3964 Dei
695 3920 785 3981 super
816 3900 943 3974 miseras
971 3908 1076 3981 gentes
1106 3899 1304 3980 significatam
1332 3920 1400 3963 esse
1428 3922 1447 3963 a
1475 3902 1593 3981 trigono
1622 3900 1722 3981 igneo,

370 3990 459 4070 cujus
480 4009 589 4054 nomen
614 4009 739 4064 vanum,
771 4009 910 4051 recursus
940 4009 1012 4053 vero
1036 3998 1134 4053 status
1158 3997 1206 4050 est
1228 3998 1259 4051 et
1280 3989 1428 4054 naturalis
1451 3989 1510 4054 ιιι
1533 3989 1721 4075 arbitrarius,

369 4100 433 4143 non
455 4080 552 4142 aDeo
568 4088 745 4161 procuratus
764 4087 850 4140 extra
865 4079 1007 4142 ordinem.
1046 4071 1125 4150 Quin
1141 4078 1242 4160 potius
1264 4078 1354 4141 idad
1376 4081 1438 4143 alia
1461 4080 1547 4159 signa
1569 4089 1722 4144 nostram·

373 4187 432 4251 que
457 4168 577 4234 stellam
601 4188 666 4230 snm
689 4169 849 4245 relaturus,
872 4176 906 4229 ut
928 4168 1018 4249 paulo
1041 4176 1113 4247 post
1135 4168 1258 4231 dicetur.

467 4256 618 4328 Quantum
643 4258 733 4338 igitur
762 4258 801 4319 ad
833 4216 1001 4337 singulares
1030 4257 1170 4337 regiones
1202 4257 1325 4331 attinet,
1358 4276 1448 4338 super
1479 4278 1553 4340 quas
1584 4257 1721 4338 trigonus

370 4349 481 4429 igneus
505 4346 673 4427 significare
696 4346 819 4409 dicitur:
844 4346 902 4408 etsi
919 4354 990 4408 sunt
1010 4346 1112 4409 tenuia
1127 4347 1229 4427 aliqua
1248 4345 1437 4422 adminicula,
1460 4346 1598 4427 regiones
1621 4355 1721 4410 cenas

371 4434 552 4516 subjiciendi
584 4436 675 4504 certis
705 4435 801 4516 signis
833 4435 1032 4511 coelestibus,
1061 4444 1205 4518 quantum
1235 4436 1323 4516 hujus
1352 4454 1480 4515 geneses
1511 4436 1721 4518 imperantium

372 4523 495 4607 illisque
528 4525 750 4588 consentientes
782 4524 968 4587 subditorum
999 4534 1157 4607 praestare
1189 4534 1333 4607 possunt,
1366 4532 1466 4588 tamen
1497 4534 1529 4588 et
1559 4546 1597 4588 ex
1629 4524 1720 4588 dictis

373 4633 520 4696 apparere
542 4622 615 4695 puto
638 4623 670 4676 et
692 4623 762 4677 anto
784 4613 944 4676 triennium
968 4614 1128 4688 inculcavi,
1159 4614 1202 4677 ιιι
1225 4634 1293 4678 esse
1316 4613 1402 4677 nobis
1425 4634 1499 4696 opus
1522 4614 1605 4677 adire
1629 4622 1716 4676 cata-

370 4705 460 4783 logos
483 4703 599 4767 urbium
622 4712 654 4765 et
675 4704 838 4785 regionum,
862 4723 937 4806 quae
961 4705 1085 4770 subesse
1108 4704 1270 4767 creduntur
1286 4705 1405 4783 trigono
1422 4704 1518 4807 igneo,
1530 4702 1719 4767 ‘nominatim
1825 4718 1830 4729 ’

370 4813 444 4854 vero
462 4791 639 4895 Sagittario.
677 4794 809 4856 Primum
824 4794 913 4867 euim,
933 4793 982 4856 ubi
997 4793 1061 4854 alta
1076 4812 1146 4872 pas,
1166 4794 1206 4855 ibi
1221 4794 1335 4855 frustra
1349 4794 1536 4894 suspicamur
1554 4793 1720 4857 instantem

372 4883 410 4943 de
433 4881 598 4964 propinquo
627 4883 822 4945 mutationem
850 4881 1006 4961 rhsignem.
1052 4883 1116 4944 Nec
1145 4881 1224 4944 enim
1252 4882 1322 4945 novi
1350 4882 1507 4964 quicqum
1535 4883 1593 4945 huc
1623 4900 1717 4972 usque

371 4971 495 5034 obvenit
517 4971 712 5052 Stutgardiae
741 4981 794 5033 aut
815 4971 945 5034 Misuiae
975 4979 1028 5034 aut
1055 4970 1131 5052 ipsis
1153 4970 1325 5052 Hispaniis,
1356 4971 1414 5034 etsi
1441 4972 1496 5035 snb
1519 4957 1718 5053 Sagittarium

373 5060 552 5123 referuntur.
601 5060 716 5124 Contra
738 5080 809 5124 vero
838 5060 868 5122 iu
897 5080 929 5124 se
959 5062 1084 5143 quisque
1110 5062 1276 5131 descendat
1303 5079 1394 5144 seque
1424 5080 1566 5144 suamque
1587 5062 1727 5144 patriam

372 5150 527 5231 exploret,
554 5168 594 5212 an
616 5170 635 5211 a
656 5150 751 5211 multo
773 5157 904 5231 tempore
927 5158 1111 5231 compertum
1133 5149 1190 5225 sit,
1220 5149 1350 5230 gliscere
1371 5150 1500 5253 dissidia
1522 5151 1715 5239 frmdemque
1813 5227 1816 5233 Α
