4584 6192
573 1378 744 1453 NOBILI
770 1381 833 1453 ET
861 1382 1326 1464 EXCELLFMISSIMO
1354 1390 1553 1465 DOMINO

506 1533 1025 1637 osLILnEo
1099 1541 1617 1646 unu1nnso

839 1720 1017 1796 Pllslolo
1045 1722 1298 1818 FLORENTINO,

474 1870 738 1933 rsornssorsr
774 1872 1031 1937 uarusssos
1069 1879 1113 1938 ns
1151 1876 1375 1941 urrruasro
1417 1882 1647 1959 saravum,

784 2029 1019 2124 ltldlll
1056 2034 1335 2127 llrlltll

850 2182 883 2244 S.
909 2183 945 2247 (i.
971 2186 1013 2246 Μ.
1038 2186 1274 2250 Mathematicus

980 2323 1012 2386 S.
1037 2326 1072 2387 P.
1098 2326 1137 2387 D.

470 2461 540 2522 Jam
565 2463 679 2541 pridem
703 2463 782 2523 douri
807 2482 891 2523 meae
922 2466 1116 2527 consederam
1140 2467 1275 2536 otiosus,
1312 2467 1387 2529 nihil
1423 2468 1478 2528 nisi
1517 2476 1548 2529 te
1585 2471 1734 2550 cogitans,

382 2548 521 2611 Galilaea
544 2552 815 2629 praestantissime,
840 2561 967 2632 tuasque
1001 2554 1115 2614 literas.
1163 2555 1284 2617 Emisso
1308 2556 1384 2617 euim
1418 2557 1620 2634 superioribus
1653 2581 1732 2622 nuu-

379 2640 457 2702 dinis
481 2641 509 2700 in
534 2641 684 2718 publicum
717 2641 791 2701 libro
825 2660 910 2711 meo,
943 2640 1166 2704 Commentario
1198 2645 1235 2704 de
1269 2645 1397 2705 motibus
1430 2645 1539 2706 Martis
1575 2646 1731 2727 inscripto,

379 2731 538 2790 multorum
560 2748 702 2789 annorum
721 2729 832 2802 labore,
858 2748 952 2809 exque
969 2750 1003 2791 eo
1023 2740 1166 2810 tompore,
1182 2733 1268 2810 quasi
1283 2733 1332 2812 qui
1347 2733 1524 2793 difficillima
1538 2738 1730 2814 expeditione

379 2818 489 2878 bellica
511 2819 624 2895 gloriae
644 2819 720 2878 satis
737 2817 931 2896 peperissem,
957 2820 1115 2880 vacatione
1140 2821 1283 2881 nonnulla
1306 2821 1414 2881 studiis
1439 2821 1514 2882 meis
1538 2821 1728 2903 interposita,

379 2907 442 2967 fore
466 2907 619 2985 putabam,
644 2914 677 2965 ut
693 2906 772 2967 inter
795 2916 912 2967 ceteros
932 2914 963 2968 et
978 2905 1134 2968 Galilaeae
1159 2909 1286 2970 maxime
1310 2908 1442 2970 omnium
1465 2909 1590 2971 idoneus
1613 2932 1729 2976 mecum

377 2994 415 3054 de
439 3012 515 3054 novo
540 2987 742 3056 astronomiae
767 3014 819 3055 seu
842 2995 985 3075 physicae
1010 2996 1151 3056 eoelestis
1175 3016 1283 3074 genere
1316 2997 1507 3076 promulgato
1539 3018 1593 3078 per
1625 3002 1731 3063 literas

379 3082 532 3145 conferret
555 3083 815 3161 intermissumque
839 3083 877 3142 ab
901 3085 987 3144 annis
1015 3083 1054 3147 12
1080 3085 1251 3147 institutum
1275 3094 1450 3148 resumeret.

465 3172 545 3232 Ecce
578 3192 648 3233 vero
678 3172 732 3231 tibi
765 3190 802 3230 ex
830 3171 984 3248 inopinato
1017 3173 1098 3233 circa
1128 3174 1198 3232 ldus
1221 3175 1351 3235 Martias
1382 3175 1512 3235 celerum
1536 3192 1628 3252 opera
1652 3195 1731 3237 nnn·

376 3260 489 3321 cistam
513 3260 542 3320 iu
567 3259 763 3321 Germaniam
788 3257 920 3320 Galilaei
943 3261 1018 3333 mei,
1053 3279 1106 3339 pro
1142 3261 1270 3322 lectione
1294 3262 1386 3323 alieni
1411 3262 1480 3324 libri
1503 3264 1732 3342 occupationem

375 3348 527 3426 propriam
551 3346 776 3410 insolentissimi
800 3348 978 3426 argumenti,
1003 3349 1039 3408 de
1063 3345 1231 3427 dplauetis
1255 3360 1347 3412 autea
1372 3350 1534 3430 incognitis
1559 3354 1608 3423 (ut
1627 3360 1732 3415 cetera

376 3437 470 3497 libelli
506 3438 609 3515 capita
645 3438 847 3515 praeteream)
884 3456 939 3498 usu
977 3436 1141 3516 perspicilli
1178 3438 1322 3517 duplicati
1359 3438 1511 3499 inventis:
1551 3441 1630 3518 quod
1660 3459 1727 3503 cum

376 3524 509 3585 illustris
533 3525 565 3586 S.
598 3523 632 3586 C.
664 3526 707 3585 M.
742 3522 939 3584 Consiliarius
973 3534 1004 3586 et
1027 3525 1060 3587 S.
1084 3526 1252 3603 imperialis
1277 3525 1459 3589 Consistorii
1481 3527 1727 3600 Referendarius,

375 3612 413 3673 D.
437 3611 487 3675 Jo.
513 3614 727 3675 Matthaeus
751 3612 998 3673 Wackherius
1022 3634 1041 3673 a
1065 3614 1329 3674 Wakhenfelss
1363 3614 1399 3672 de
1436 3632 1525 3674 curru
1560 3616 1631 3675 mihi
1656 3623 1728 3677 ants

374 3701 591 3762 habitationem
616 3722 710 3763 meam
743 3701 934 3771 nunciasset,
969 3710 1057 3762 tanta
1089 3721 1135 3762 me
1169 3701 1293 3762 incessit
1326 3700 1485 3762 admiratio
1517 3703 1727 3764 absurdissimi

374 3791 556 3851 acroamatis
581 3788 837 3861 consideratione,
863 3789 941 3848 tanti
965 3789 1023 3850 orti
1048 3790 1212 3850 animorum
1236 3797 1334 3850 motus
1359 3788 1483 3868 (quippe
1507 3808 1545 3849 ex
1569 3790 1725 3869 inopinato

373 3877 477 3938 decisa
500 3879 623 3958 antiqua
646 3879 725 3940 inter
748 3896 801 3936 noa
826 3874 970 3951 liticnla),
996 3884 1030 3937 ut
1052 3877 1102 3938 ille
1127 3878 1254 3955 gaudio,
1280 3894 1336 3953 ego
1365 3876 1490 3950 rubore,
1516 3877 1577 3938 risu
1600 3887 1726 3958 uterque

372 3966 412 4027 ob
436 3966 602 4028 novitatem
626 3965 751 4038 confusi,
777 3965 827 4024 ille
851 3965 1010 4037 narrando,
1036 3984 1091 4044 ego
1115 3965 1262 4027 audiendo
1286 3965 1337 4026 vix
1356 3965 1571 4026 sufficeremus.
1618 3967 1726 4045 Ange·

372 4054 428 4114 bat
451 4062 601 4133 stuporem
625 4074 721 4115 meum
740 4050 915 4113 Waoklrerii
939 4053 1135 4128 asseveratio,
1161 4054 1241 4115 viros
1264 4072 1333 4114 esse
1357 4052 1551 4128 clarissimos,
1577 4053 1724 4130 doctriua,

371 4141 543 4220 gravitate,
579 4143 753 4204 constantia
785 4158 877 4217 supra
909 4142 1083 4219 popularem
1108 4141 1273 4203 vanitatem
1297 4141 1471 4219 longissime
1503 4152 1645 4217 evectos,
1677 4143 1728 4223 qui

370 4230 448 4291 haec
472 4230 508 4290 de
525 4229 664 4292 Galilaea
679 4228 878 4309 perscribant,
905 4229 1038 4309 adeoque
1059 4229 1124 4305 jam
1148 4230 1255 4292 librum
1279 4229 1334 4291 sub
1355 4229 1459 4308 praelo
1483 4232 1599 4292 versari
1621 4231 1726 4311 proxi·

373 4319 491 4397 misque
515 4318 649 4381 cursibus
673 4320 842 4379 affuturum.

377 4403 380 4408 ’
465 4408 525 4481 hle,
550 4417 582 4469 nt
604 4407 730 4486 primum
755 4406 792 4466 ab
817 4424 868 4464 ore
893 4403 1064 4465 Wacklrerii
1090 4404 1234 4477 discessi,
1261 4404 1393 4466 Galilaei
1416 4404 1607 4483 potissimum
1631 4402 1754 4467 morit'

371 4495 553 4570 auctoritas,
583 4495 687 4574 judicii
718 4492 898 4555 rectitudine
929 4492 1097 4571 ingeniique
1121 4493 1246 4555 solertia
1275 4500 1374 4571 parta.
1421 4494 1528 4572 Itaque
1560 4493 1725 4554 meditatus

328 4608 335 4615 ¹
370 4602 488 4646 mecum
512 4603 586 4656 aum,
613 4584 662 4663 qui
686 4584 784 4661 possit
807 4580 908 4659 aliqua
939 4580 1001 4640 fieri
1034 4579 1169 4641 accessio
1193 4581 1232 4641 ad
1255 4583 1443 4658 planetarum
1462 4599 1616 4643 numerum
1638 4582 1724 4642 salvo

369 4690 439 4734 meo
462 4672 609 4752 Mysterio
626 4666 892 4750 Cosmographico,
917 4668 994 4747 quod
1017 4676 1088 4729 ante
1111 4688 1208 4731 annos
1234 4665 1273 4730 13
1297 4668 1327 4729 in
1351 4669 1446 4730 lucem
1464 4669 1543 4745 dodi,
1568 4668 1598 4731 in
1622 4688 1679 4749 quo
1703 4666 1724 4733 5

368 4760 442 4822 illas
466 4762 600 4823 Euclidis
632 4762 763 4839 figurae,
798 4776 873 4836 quas
906 4756 1030 4817 Proclus
1054 4775 1092 4817 ex
1114 4757 1290 4837 Pythagora
1322 4764 1354 4817 et
1380 4757 1508 4820 Platone
1541 4759 1724 4820 cosmicss

368 4850 519 4929 appellat,
541 4851 684 4928 planetas
707 4850 788 4912 circa
811 4842 912 4907 Solem
936 4862 996 4904 non
1018 4844 1120 4923 plures
1142 4865 1198 4907 sex
1221 4844 1395 4907 admittunt.

460 4937 600 5017 Apparet
622 4946 725 5000 autem
747 4958 786 4999 ex
814 4932 1003 5012 praefatione
1034 4932 1116 4994 illius
1153 4932 1238 5006 libri,
1277 4940 1310 4994 et
1345 4951 1393 4994 me
1429 4941 1501 4995 tuno
1538 4932 1724 5013 quaesivisse

363 5024 472 5107 plures
495 5026 578 5089 circa
601 5025 704 5089 Solem
727 5027 877 5106 planetas,
902 5020 956 5082 sed
980 5019 1103 5083 frustra.
