4584 6192
802 598 889 652 literae
906 598 1010 667 Kapleri
1027 600 1179 669 aliorumque
1196 608 1305 655 rnntm
1662 598 1722 667 791

379 770 476 822 andern
494 773 726 839 nuvidarlcglichen
743 777 941 840 probationibus,
960 794 987 828 so
1005 778 1060 837 ich,
1083 793 1157 829 saun
1175 779 1216 830 ich
1235 794 1261 831 es
1280 782 1388 845 gorumi
1405 779 1490 839 hetto,
1519 793 1565 845 gar
1581 794 1643 846 gem
1661 780 1733 830 ilber-

381 842 512 893 schn‘eben
530 844 612 895 hsben
630 846 720 895 welloe.
799 841 805 852 ’

470 914 551 966 Dshei
569 916 628 966 aher
646 918 713 968 volit
730 919 770 968 ich
787 934 848 984 garn
866 921 891 970 in
911 927 986 971 etwas
1006 922 1180 985 expostuliren,
1199 922 1257 971 oder
1275 920 1339 971 doch
1357 923 1405 972 deu
1418 921 1498 971 Herm
1516 922 1661 979 stimulireu,
1679 922 1735 972 veil

380 985 417 1035 Er
434 986 526 1037 sionni
544 987 610 1037 dieas
628 984 863 1057 παραδοξοτατον
888 993 956 1041 vahr
973 995 1026 1042 sein
1045 994 1184 1050 befunden,
1202 1008 1295 1043 vuum
1314 994 1347 1043 Er
1364 996 1402 1043 uit
1424 993 1490 1047 such
1508 994 1551 1044 der
1569 994 1663 1045 andern
1682 1001 1732 1044 tra·

382 1057 469 1107 ditioni
488 1057 519 1108 de
532 1058 631 1109 Venere
650 1076 693 1124 per
705 1060 853 1113 Mercurium
873 1064 993 1127 eclipsata
1010 1065 1128 1131 gedeukt,
1147 1065 1186 1115 rel
1204 1066 1293 1128 potius,
1313 1067 1348 1114 nti
1362 1066 1436 1115 rerhs
1454 1072 1552 1127 sonant,
1572 1065 1636 1131 quod
1648 1067 1736 1115 summi

379 1125 494 1180 miraculi
511 1131 590 1180 instar
607 1130 719 1182 habitum
737 1135 830 1190 merab,
849 1136 990 1186 Luciferum
1007 1139 1032 1185 in
1051 1137 1118 1186 coelo
1136 1151 1186 1186 non
1205 1138 1384 1200 comparuisse,
1404 1137 1477 1201 idque
1486 1151 1561 1193 ,anno
1580 1136 1668 1187 asch.
1688 1136 1734 1187 IV.

380 1200 416 1249 Es
434 1207 499 1252 vitre
517 1202 580 1252 wohl
598 1202 677 1254 haurd
695 1206 850 1263 ansuhbren,
878 1207 943 1271 quod
960 1205 1095 1257 Mercurius
1113 1210 1190 1271 possit
1218 1209 1363 1258 obumbrare
1380 1208 1528 1272 particulam
1546 1207 1624 1266 Solis,
1643 1215 1669 1258 et
1686 1224 1736 1258 non

382 1272 462 1322 inulto
480 1276 560 1339 magis
579 1274 675 1323 stellam
688 1275 800 1326 Veneris.
826 1277 859 1330 So
878 1280 909 1327 ist
928 1279 968 1328 die
986 1279 1122 1329 observatio
1135 1278 1250 1329 Mercurii
1268 1278 1384 1329 snh·Sole
1402 1280 1476 1329 allein
1495 1293 1512 1328 s
1524 1279 1737 1343 privato'homine

384 1343 482 1409 erfolga
501 1360 553 1395 sss
572 1346 632 1396 aher
650 1347 681 1397 dc
693 1347 791 1400 Venere
810 1350 914 1400 tradiert
932 1351 1038 1411 worden,
1057 1351 1102 1400 das
1120 1351 1166 1401 hat
1183 1365 1248 1416 ganz
1261 1351 1324 1402 Rom
1338 1351 1473 1411 (damulam
1492 1352 1538 1400 tria
1557 1366 1583 1401 es
1598 1352 1624 1400 in
1641 1366 1736 1402 summo

383 1415 445 1465 dore
462 1431 577 1482 genesen
594 1417 645 1467 und
663 1420 724 1469 coeli
747 1421 929 1471 ohservationes
956 1423 1052 1485 publice
1070 1424 1096 1471 in
1114 1438 1161 1472 usu
1178 1420 1304 1488 genesen)
1321 1438 1364 1487 pro
1389 1424 1494 1472 maximo
1518 1428 1614 1473 ostento
1633 1429 1659 1473 et
1676 1438 1733 1488 pro-

384 1487 452 1555 digio
470 1488 595 1553 gahaitam
632 1489 687 1542 Das
705 1491 754 1541 hah
772 1493 813 1542 ich
831 1494 906 1544 allein
924 1508 955 1544 ox
968 1496 1110 1544 curiositate
1129 1495 1177 1543 den
1196 1494 1276 1545 Herm
1295 1496 1410 1544 omnnem
1426 1494 1522 1545 vellen.

474 1559 546 1611 lileib
563 1560 616 1613 lme
633 1562 768 1634 beiuebens
787 1578 924 1629 sngeneme
942 1563 1033 1615 Dienst
1050 1566 1100 1618 und
1126 1566 1192 1615 auch
1218 1566 1280 1617 alles
1297 1565 1371 1632 Liabs
1393 1566 1444 1617 und
1470 1572 1542 1632 guets
1560 1580 1592 1617 sn
1610 1580 1735 1629 ersayssn

385 1644 514 1697 ΝΟΜ·
1067 1633 1071 1646 ’
1204 1637 1207 1644 ’
1494 1651 1497 1656 ’
1576 1653 1579 1663 “

474 1702 569 1755 Datum
586 1702 714 1756 Miinthen
732 1706 756 1756 d.
776 1704 800 1754 5.
819 1706 878 1757 lun.
901 1704 977 1757 1669.

1364 1779 1388 1830 J.
1417 1781 1447 1830 G.
1468 1742 1646 1832 ⁸llervsrt.

473 1863 594 1916 Libellum
611 1863 712 1932 Lipsiae
730 1868 916 1932 imprimendum
935 1870 1029 1918 curarit
1045 1867 1069 1918 J.
1089 1868 1259 1925 Tenelius.
1280 1868 1319 1919 cni
1337 1868 1460 1934 chlerus
1478 1868 1503 1919 d.
1527 1867 1566 1919 12
1585 1866 1648 1933 Msji
1667 1865 1736 1921 1668

385 1941 478 2014 (comp.
496 1942 517 2013 i,
536 1961 561 2010 p.-
580 1942 644 2010 375)
666 1947 731 1999 haec
749 1948 810 1999 dcc:
833 1940 966 2001 Libellos
991 1960 1073 2002 meos
1098 1942 1212 2002 ercude
1230 1947 1265 2002 ut
1283 1941 1338 2003 vis.
1376 1941 1412 2003 Iu
1431 1941 1619 2022 praefatione
1633 1941 1735 2004 Phae·

384 2027 503 2091 uomeni
527 2029 705 2109 singularis:
732 2030 882 2105 „Veneris
902 2038 933 2091 et
951 2030 1113 2111 Mercurii‘f
1140 2031 1256 2111 scripsi,
1282 2030 1370 2112 debui
1395 2029 1496 2107 „Solis
1520 2039 1551 2093 et
1573 2031 1734 2096 Mercurii“

382 2136 506 2197 ponere.
535 2118 626 2180 Mitte
649 2119 786 2199 pagellas
811 2119 992 2181 successive.
1367 2147 1375 2157 ··

472 2205 529 2255 Non
555 2205 593 2257 ita
619 2209 732 2274 expedite
759 2210 906 2272 processisse
932 2207 1111 2272 typographum
1139 2214 1243 2271 apparet
1269 2222 1299 2259 cx
1320 2207 1368 2256 hac
1387 2207 1492 2257 Tauckii
1519 2210 1676 2273 responsione
1695 2207 1735 2259 die

385 2276 428 2327 26.
442 2277 505 2327 Mor.
525 2278 586 2328 data
605 2279 637 2328 ad
654 2277 740 2329 literas
752 2280 854 2344 chlen'
872 2280 1021 2342 deperditas,
1041 2293 1104 2343 quaa
1122 2280 1195 2328 modo
1213 2280 1359 2342 praemissas
1378 2281 1485 2342 proxime
1503 2280 1650 2330 subsecutae
1668 2287 1734 2330 suut.

475 2348 588 2399 Salutem
615 2358 641 2400 et
668 2365 775 2401 amorem
802 2352 955 2415 officiolaqne
982 2352 1155 2413 promtissima.
1193 2350 1296 2400 Tardius
1324 2350 1356 2400 ad
1374 2350 1455 2407 Tuas,
1483 2350 1528 2400 Vn
1551 2350 1690 2402 Clarissima
1708 2358 1735 2401 et

384 2419 609 2478 Praestantissime.
629 2423 772 2486 respondeo.
797 2424 939 2488 aegerrime
959 2437 1045 2485 nempe
1064 2423 1116 2477 tuli.
1137 2423 1201 2486 quod
1220 2436 1236 2470 a
1254 2421 1416 2486 Typographo
1435 2422 1533 2472 deluam
1551 2423 1586 2472 fui
1603 2423 1733 2481 munos,

382 2492 425 2556 qui
444 2499 510 2541 certo
528 2495 647 2557 promisit,
667 2510 693 2544 se
711 2495 841 2546 editionem
858 2495 934 2543 libelli
953 2497 988 2547 tui
1001 2502 1189 2543 maturatumm.
1216 2493 1265 2542 Sed
1283 2494 1341 2558 quid
1354 2492 1400 2541 lit?
1419 2493 1529 2544 Excusat
1546 2509 1582 2551 se,
1601 2494 1665 2559 quod
1680 2497 1734 2557 lam

383 2564 511 2613 excuderit
522 2564 686 2633 Μετεωρον.
712 2565 762 2616 Sed
779 2567 850 2615 mitto
868 2566 991 2615 hominem
1010 2572 1035 2614 et
1054 2565 1084 2614 de
1103 2565 1262 2629 typographis
1280 2565 1346 2614 idern
1363 2567 1525 2628 pronunciare
1543 2580 1650 2629 possum,
1668 2565 1733 2630 quod

382 2635 505 2699 losephus
524 2636 651 2702 Scaliger:
672 2636 780 2695 „nullam
797 2638 924 2687 nationem
943 2651 996 2687 esse
1015 2638 1044 2685 iis
1063 2636 1270 2686 mendaciorem*⁴
1295 2635 1383 2685 lunior
1400 2636 1498 2685 Grotius
1517 2638 1650 2687 editionem
1668 2638 1734 2687 brari
1809 2642 1813 2648 '

382 2707 498 2770 parabit3
517 2710 569 2772 typi
587 2709 626 2758 vel
645 2709 739 2774 figurae
757 2717 815 2759 snut
833 2711 859 2757 in
871 2709 938 2774 ligno
955 2710 1048 2758 incisae
1062 2715 1087 2757 et
1099 2710 1181 2758 omnia
1193 2709 1219 2756 in
1236 2714 1340 2771 promtu,
1359 2701 1431 2757 nouo
1450 2709 1616 2773 typographus
1633 2722 1734 2759 manuus

382 2785 481 2827 nutum
501 2779 638 2830 admoveat
664 2780 714 2831 Sed
732 2796 797 2831 nunc
816 2782 881 2830 hreri
900 2781 1047 2830 admovebit.
1074 2780 1216 2829 Ferendum
1230 2780 1304 2845 igitur
1321 2779 1385 2845 quod
1403 2793 1450 2830 nec
1467 2788 1555 2831 tuneo
1573 2795 1620 2847 ogo
1637 2787 1737 2830 mutue

382 2850 541 2913 potuerimus.
1072 2891 1079 2902 .
1730 2891 1734 2901 .

472 2919 537 2972 Hine
562 2924 653 2972 transit
671 2922 794 2973 Tanckius
814 2923 846 2972 ad
866 2921 1191 2988 „Physiologico·Medica“,
1211 2921 1244 2970 sd
1261 2919 1363 2985 Kepleri
1388 2923 1546 2986 quaestiones
1571 2921 1732 2987 respondeus,

383 2992 451 3058 quod
463 3007 493 3042 cs
504 2992 541 3042 hia
554 2994 658 3044 Tauckii
671 2994 749 3044 verbis
768 2995 960 3045 concludendum
975 3002 1028 3043 est:
1048 2993 1218 3044 Ventriculum
1236 2993 1290 3042 ollis
1309 3007 1444 3056 comparas.
1459 3019 1493 3030 -
1511 2994 1541 3044 Iu
1560 3008 1589 3044 eo
1608 3002 1663 3046 ste
1680 3010 1731 3045 non

384 3065 511 3125 dissentio,
530 3060 593 3128 quod
613 3066 643 3115 de
662 3074 734 3129 epate
753 3067 877 3125 affirmem·
889 3070 994 3129 probant
1012 3066 1037 3114 id
1049 3065 1134 3113 scirrhi
1151 3062 1352 3128 hydropicorum:
1373 3066 1490 3115 Muentio
1508 3081 1564 3115 raro
1581 3071 1635 3116 ste
1652 3068 1679 3116 in
1692 3081 1731 3124 eo,

384 3136 450 3201 quod
468 3135 525 3185 lleni
544 3138 664 3186 attribuis.
701 3137 827 3187 Carbones
845 3153 895 3188 uon
913 3138 1093 3195 subministrat,
1117 3139 1198 3199 potius
1216 3138 1266 3185 suis
1284 3136 1359 3186 radiis
1376 3138 1471 3203 frigidis
1490 3145 1586 3194 aestum
1604 3138 1733 3188 ventriculi

384 3208 565 3257 emendat...
594 3208 763 3273 Magneticam
790 3210 838 3258 rim
866 3222 973 3273 agnosco
992 3209 1018 3257 in
1035 3206 1169 3257 renmculo
1195 3208 1381 3272 putrefactionis
1406 3208 1471 3270 chyli
1494 3210 1607 3267 ratione,
1635 3210 1675 3273 qui
1694 3215 1733 3259 ast

384 3276 515 3350 Archous:
534 3295 584 3329 nou
596 3295 653 3329 vero
670 3289 792 3345 quatenus
811 3281 860 3329 lien
872 3281 954 3329 radios
972 3295 1029 3328 suos
1047 3280 1122 3327 mittit
1141 3280 1174 3328 ad
1185 3279 1346 3329 ventriculum
1364 3279 1473 3329 calidos:
1492 3282 1540 3330 uisi
1553 3280 1614 3330 forte
1632 3281 1732 3346 frigidos

382 3364 482 3400 mecum
501 3365 543 3400 cos
561 3366 616 3401 esse
634 3352 755 3401 ralis...
785 3352 856 3412 Quae
875 3352 1047 3401 destructura
1065 3350 1138 3400 affers
1162 3351 1305 3408 ventriculi,
1330 3351 1374 3402 ills
1391 3366 1440 3400 non
1465 3359 1553 3401 contra
1570 3367 1609 3402 ure
1627 3351 1670 3402 sed
1689 3366 1731 3417 pro

381 3436 434 3479 me,
453 3423 511 3486 quia
529 3422 572 3472 illa
589 3429 688 3487 propter
704 3424 874 3480 ventriculum.
893 3438 942 3472 non
961 3429 1058 3486 propter
1075 3421 1280 3485 putrefactionem
1298 3422 1364 3484 chyli
1377 3423 1419 3485 ¹rel
1438 3424 1578 3474 coctionem
1591 3421 1637 3474 dc.

473 3492 560 3545 Mirem
578 3502 722 3544 montanam
740 3496 811 3545 simul
830 3496 863 3544 ad
882 3502 907 3544 tc
924 3496 995 3542 mitto
1005 3506 1013 3557 ;
1033 3508 1089 3543 eam
1107 3494 1251 3557 liquefaciat
1268 3501 1294 3543 et
1312 3494 1337 3543 in
1356 3508 1447 3558 squam
1464 3495 1580 3544 resolvas.

472 3564 521 3615 Die
540 3564 644 3630 denique
665 3565 705 3615 ll.
724 3569 782 3631 Apr.
805 3564 879 3616 1609.
897 3566 961 3616 haec
980 3565 1024 3614 dat
1041 3564 1168 3614 Tanckius
1185 3566 1306 3629 Kaplero:
1327 3564 1391 3615 cur.
1410 3566 1463 3623 Vir.
1483 3567 1562 3616 amice
1579 3566 1729 3626 honorande.

380 3636 498 3700 suspicer
515 3652 555 3686 ure
574 3637 672 3700 decepit
690 3638 835 3702 bibliopola,
861 3639 925 3703 quod
942 3637 1094 3701 promissioni
1113 3650 1163 3685 non
1181 3637 1284 3687 steterit.
1323 3635 1422 3687 Sumtus
1440 3637 1500 3687 facit
1516 3639 1542 3687 iu
1561 3637 1731 3701 exsculpenda

381 3709 470 3773 figuris
489 3709 607 3758 omnihus.
634 3708 801 3759 Phsasomeni
819 3712 919 3760 suntin
938 3706 1122 3772 typographeio.
1148 3707 1266 3772 Reliquas
1285 3705 1330 3769 (ad
1347 3708 1388 3757 lih.
1407 3707 1439 3758 de
1456 3708 1559 3759 Cometa
1576 3711 1635 3760 suni
1649 3706 1730 3770 1607)
1816 3727 1818 3730 ·

382 3779 420 3831 ad
437 3793 477 3829 ms
495 3781 576 3843 recepi
595 3786 621 3829 et
638 3783 732 3830 serrari
751 3780 817 3844 apud
835 3797 874 3831 me
893 3778 971 3832 donec
998 3786 1129 3842 repeteres.
1167 3777 1302 3829 Minoribus
1329 3781 1448 3829 sumubus
1472 3795 1538 3831 nunc
1563 3780 1629 3846 apud
1647 3782 1731 3830 nossi

380 3851 469 3918 placet
486 3858 568 3915 potest
585 3853 679 3901 excudi.
717 3852 817 3901 Interim
835 3868 875 3902 me
893 3857 1036 3902 excusatum
1053 3850 1161 3907 habeas,
1181 3850 1336 3900 voluntatem·
1351 3865 1459 3916 agnosce
1476 3866 1519 3917 pro
1537 3851 1666 3902 facultate.
1703 3850 1731 3901 Si

381 3936 425 3973 res
436 3936 509 3973 ureae
521 3922 642 3979 tulissent,
658 3926 710 3985 jam
724 3923 852 3987 aliquoties
865 3925 962 3973 animus
973 3924 1027 3977 fuit,
1039 3929 1133 3970 sumtus
1145 3922 1227 3970 faeere
1241 3937 1271 3970 ex
1282 3924 1376 3986 proprio
1393 3924 1515 3987 marsupio
1533 3922 1730 3989 typographioos.

382 3993 438 4045 Sed
455 4008 520 4043 nunc
540 3996 642 4059 agnovi,
662 4009 744 4044 rerum
763 4009 817 4043 esso
834 3995 894 4045 illud
912 3995 1011 4044 Domini
1030 3992 1165 4057 Scaligeri:
1195 3993 1303 4061 „nullam
1329 3994 1454 4043 naconem
1478 3994 1668 4045 mendaciorem.
1676 4009 1731 4045 esse

381 4064 544 4129 typographis
572 4072 597 4115 ct
623 4065 784 4128 bibliopolis.“
822 4064 872 4115 Sed
896 4066 987 4115 valeas.
1025 4064 1165 4114 'lulautem
1183 4063 1320 4114 Tenelium
1343 4072 1413 4114 tuurn
1440 4079 1524 4115 aurare
1549 4081 1598 4115 non
1621 4065 1730 4117 desinaa

382 4136 452 4187 Vale
471 4143 497 4186 at
514 4135 602 4195 Salve,
629 4138 663 4185 mi
689 4136 806 4201 Keplere.
843 4139 957 4201 Accipies
981 4143 1052 4199 typos
1075 4142 1195 4201 quatuor:
1223 4143 1292 4186 urum
1309 4135 1358 4187 huc
1381 4137 1482 4188 ωἱωιιω
1502 4150 1621 4203 maguum
1638 4144 1664 4190 et
1680 4144 1731 4189 tres

382 4221 483 4274 perros,
501 4222 561 4274 quoa
580 4223 626 4275 ego
644 4208 767 4260 delineari
784 4222 814 4259 ex
830 4214 873 4259 tuo
892 4224 972 4273 opera.
1272 4209 1275 4213 ’
