4584 6192
537 567 604 640 Ἀθ
1009 567 1199 633 Paralipomena
1215 569 1242 618 in
1260 568 1427 621 Vitellionenr.

539 749 643 824 sectio,
668 747 850 828 geometrice
883 745 1042 827 designare
1073 744 1250 825 desperavi:
1284 764 1396 824 quaeso
1419 755 1451 808 te
1474 746 1588 821 lector,
1614 746 1663 809 hic
1685 766 1734 809 me
1757 744 1895 826 adjuves.

539 837 612 912 (Dic
631 838 737 918 quibus
754 837 786 899 in
806 835 937 916 punctis,
960 842 992 896 et
1011 833 1070 896 eris
1088 834 1162 895 mihi
1177 853 1303 913 maguus
1317 835 1525 913 Apollonius.)
1561 836 1680 897 lolinite
1701 855 1760 899 non
1781 836 1897 897 distare

538 933 669 1005 constat.
706 926 787 989 Nam
801 944 855 1005 per
869 920 900 987 8.
921 923 1009 1003 hujus
1034 922 1169 1002 probavi,
1194 942 1298 984 omnes
1317 924 1367 985 axi
1387 924 1550 1004 parallelos
1574 924 1694 1003 gemina
1715 924 1897 987 retractione

540 1016 624 1078 facta
648 1033 823 1077 concurrere
847 1033 913 1075 cum
929 1031 995 1075 axe.
1036 1011 1098 1074 Cur
1120 1020 1221 1073 autem
1245 1031 1304 1073 non
1329 1012 1539 1094 dispergantur
1563 1012 1680 1092 lougius
1695 1014 1770 1075 baec
1785 1023 1899 1092 puncta

539 1122 747 1177 cenomanum,
772 1104 826 1164 sed
850 1101 987 1163 conferta
1010 1102 1115 1163 sintin
1140 1101 1197 1162 line
1216 1121 1252 1162 ac
1275 1121 1351 1181 pene
1366 1121 1454 1165 unum
1478 1102 1671 1181 plurimarum
1695 1102 1898 1164 radiationnm

540 1192 592 1255 axi
622 1191 805 1254 vicinarum:
841 1189 1084 1271 qualitercunque
1117 1190 1332 1254 demonstrabo
1357 1210 1394 1252 ex
1424 1190 1628 1270 propositione
1651 1188 1683 1253 9.
1716 1191 1897 1271 praemissa.

539 1280 619 1342 Nam
642 1280 770 1360 primum
793 1279 1001 1351 retractiones,
1026 1288 1061 1340 ut
1078 1298 1163 1358 prop.
1181 1275 1212 1352 8,
1226 1278 1284 1340 IV.
1300 1279 1409 1357 capitis
1425 1281 1672 1348 demonstratum,
1687 1280 1777 1358 plane
1792 1279 1897 1340 insen-

539 1368 627 1431 sibile
651 1379 713 1443 est,
742 1368 813 1449 quin
836 1367 1100 1447 proportionentur
1132 1366 1304 1429 incidentiis
1327 1387 1420 1447 prope
1451 1368 1729 1447 perpendicularem
1752 1368 1783 1429 in
1808 1367 1897 1429 incli-

541 1457 664 1520 natione
687 1476 791 1538 parva.
830 1455 931 1528 Quare
955 1456 1097 1519 refractio
1122 1456 1292 1518 remotioris
1316 1458 1354 1517 ab
1374 1476 1431 1517 axe
1455 1456 1625 1535 (proximae
1649 1467 1750 1518 tamen
1774 1476 1829 1536 per
1847 1458 1898 1529 se)

539 1545 756 1609 insensibiliter
779 1553 828 1607 est
850 1546 947 1627 major
975 1564 1063 1625 quam
1093 1546 1235 1607 retractio
1263 1546 1411 1625 propioris
1439 1556 1579 1625 respectu
1602 1565 1673 1607 suae
1702 1545 1897 1607 incidentiae.

540 1635 574 1696 ln
598 1634 740 1696 lemmate
764 1651 904 1714 veropr.
929 1630 960 1698 9.
985 1633 1077 1696 etiam
1103 1631 1184 1696 CEB
1208 1641 1275 1707 (lig.
1295 1638 1342 1704 78)
1374 1633 1590 1697 insensibiliter
1614 1642 1662 1722 est
1687 1633 1784 1697 minor
1808 1653 1897 1713 quam

538 1722 632 1785 BEA.
663 1723 745 1801 Ergo
767 1724 891 1785 retracti
911 1723 1046 1801 proxime
1064 1730 1332 1800 repraesentantur
1352 1724 1383 1785 in
1405 1741 1513 1803 magna
1532 1722 1756 1802 propinquitate
1777 1744 1797 1783 a
1811 1723 1899 1785 lineis

538 1810 606 1885 ΑΕ,
617 1811 681 1880 ΒΕ,
698 1812 735 1872 ad
751 1812 830 1873 idem
845 1831 922 1891 pene
937 1818 1078 1890 punctum
1094 1811 1341 1873 concurrentibus
1356 1820 1387 1871 et
1399 1811 1451 1873 ΟΡ
1467 1812 1621 1891 (proxima
1635 1812 1686 1873 axi
1702 1811 1775 1883 ΔΕ)
1792 1812 1897 1873 insen-

539 1899 668 1962 sibiliter
681 1900 817 1980 superins
831 1899 950 1962 secabit
963 1900 1021 1962 ΑΕ
1036 1919 1125 1980 quarn
1139 1901 1205 1977 BE,
1223 1901 1267 1962 sic
1284 1910 1317 1962 ut
1332 1900 1402 1969 Ρ,Ε
1417 1901 1480 1961 sint
1493 1900 1629 1980 proxime
1647 1899 1725 1962 idem
1741 1908 1897 1979 punctum.

627 1988 848 2069 Propositio
866 1989 954 2051 XVI.
994 1988 1143 2065 Pauori,
1169 1991 1305 2069 quoda
1327 1990 1485 2069 sphaera
1508 1989 1660 2068 longius
1683 1997 1899 2051 remoratur

539 2096 645 2158 qnam
668 2077 824 2139 ultimus
857 2077 1164 2140 intersectionum
1198 2078 1390 2152 terminus,
1423 2078 1660 2139 radiationes
1684 2096 1810 2140 omnes
1833 2095 1897 2156 ge-

539 2167 636 2227 mina
674 2166 904 2228 refractione
945 2166 1050 2229 facta
1088 2185 1167 2230 cum
1201 2187 1267 2228 axe
1300 2175 1536 2229 concurrunt.
1592 2167 1825 2229 Demonstratur
1857 2165 1896 2226 ad

466 2331 469 2339 Ι
540 2255 660 2317 modum
687 2252 738 2317 13.
762 2256 948 2334 praemissae
973 2264 1005 2317 et
1028 2274 1066 2317 ex
1089 2256 1300 2319 antecedenti:
1325 2275 1381 2317 nec
1403 2255 1503 2316 verbis
1527 2273 1603 2333 opus
1627 2264 1684 2317 est.

632 2343 710 2404 Hinc
734 2343 868 2405 existunt
886 2345 961 2407 haec
985 2344 1154 2408 corollaria.
1205 2344 1233 2407 l.
1258 2341 1334 2406 Cum
1354 2345 1468 2406 infinite
1488 2342 1586 2404 distat
1603 2352 1745 2424 puuctum
1764 2342 1900 2413 radians,

542 2430 662 2494 termini
685 2433 934 2495 intersectionem
957 2441 990 2494 et
1012 2433 1101 2512 globo
1126 2444 1158 2495 et
1181 2434 1239 2495 sibi
1262 2432 1338 2513 ipsis
1362 2441 1433 2494 sunt
1455 2431 1593 2512 proximi.

627 2518 659 2582 2.
698 2518 774 2582 Cum
799 2521 933 2600 proxime
957 2521 1093 2583 ultimum
1117 2522 1362 2585 intersectiouum
1388 2523 1423 2594 (a
1444 2521 1600 2601 parallelis
1629 2519 1900 2582 determinatarum

538 2627 593 2688 per
619 2608 669 2672 15.
693 2610 907 2689 praemissam)
931 2610 1089 2673 terminum
1118 2612 1285 2674 accesserit
1316 2620 1459 2689 puuctum
1486 2610 1624 2682 radians,
1657 2608 1778 2671 termini
1800 2607 1899 2670 inter-

539 2697 705 2760 sectionum
730 2698 768 2759 ab
797 2697 844 2759 his
872 2699 958 2761 novis
989 2717 1047 2761 nou
1077 2701 1231 2778 parallelis
1263 2700 1367 2778 puncti
1399 2698 1617 2760 radiationibus
1650 2699 1800 2760 factarum
1824 2705 1857 2758 et
1880 2717 1899 2756 a

538 2785 630 2865 globo
656 2795 687 2847 et
714 2806 733 2847 a
756 2805 789 2846 se
816 2794 918 2848 mutuo
940 2788 1114 2868 longissime
1139 2789 1308 2851 discedunt.

628 2871 659 2937 3.
695 2874 841 2938 Paralleli
864 2876 985 2955 globum
1016 2878 1164 2940 densioris
1189 2876 1279 2939 medii
1308 2875 1501 2938 dimetientes
1516 2874 1734 2953 'refringantur
1757 2873 1898 2952 utrinque

541 2970 661 3025 etcum
686 2982 743 3026 axe
767 2975 957 3041 concurrunt,
982 2966 1118 3029 terminis
1142 2965 1387 3028 intersectionum
1411 2965 1580 3044 aequaliter
1602 2963 1740 3042 utrinqne
1765 2982 1784 3022 a
1807 2962 1898 3042 globo

540 3052 734 3116 distantibus.
746 3049 781 3125 *l
893 3065 897 3081 ·

637 3267 662 3334 *l
683 3270 712 3323 Si
727 3269 868 3322 desideras
882 3267 1023 3322 corollarii
1036 3270 1060 3322 l.
1076 3266 1345 3329 demonstrationem,
1360 3265 1464 3335 inspice
1478 3268 1591 3322 schema
1605 3268 1649 3322 77.
1679 3271 1774 3325 Distet
1787 3273 1900 3327 radians

541 3350 568 3403 in
587 3351 641 3403 ΔΙ)
669 3366 766 3403 versus
787 3349 814 3402 D
840 3349 945 3402 infinito
975 3349 1067 3417 spatio
1096 3349 1130 3400 ad
1159 3364 1281 3410 sensum,
1313 3346 1459 3401 irradiabit
1487 3347 1574 3419 igitur
1602 3351 1727 3417 proxime
1758 3350 1899 3423 integrum

541 3428 774 3497 hemisphaerium
796 3429 889 3491 MBG,
921 3436 950 3481 et
976 3427 1179 3482 radiationibus
1208 3427 1315 3497 quidem
1336 3426 1402 3491 KB,
1428 3428 1477 3481 LG
1503 3427 1629 3497 proxime
1657 3432 1818 3497 parallelis,
1850 3450 1900 3501 per

542 3509 715 3577 postulatum
736 3507 847 3561 secundi
868 3507 976 3577 capitis.
1017 3510 1094 3580 Ergo
1115 3524 1167 3577 per
1183 3506 1228 3561 13.
1250 3506 1333 3577 hujus
1357 3507 1369 3559 l
1389 3515 1433 3561 est
1453 3508 1612 3560 intersectis
1633 3510 1749 3563 omnium
1771 3512 1900 3580 proxima

540 3590 636 3659 globo,
659 3604 730 3657 quae
753 3595 939 3656 potestesse.

629 3668 683 3721 Sed
704 3673 735 3720 et
756 3668 831 3719 alter
851 3666 1077 3721 intersectionem
1098 3666 1266 3721 terminusF
1286 3674 1331 3721 est
1351 3666 1468 3720 omnium
1488 3667 1638 3736 proximus.
1671 3669 1804 3724 Transfer
1825 3688 1900 3726 nann-

541 3766 593 3818 que
615 3747 800 3819 cogitationes
822 3747 849 3799 in
879 3753 986 3816 partem
1015 3747 1163 3800 schematis
1195 3747 1379 3816 superiorem,
1411 3753 1441 3799 et
1464 3747 1541 3818 finge
1566 3747 1677 3800 radians
1708 3758 1843 3817 punctum
1864 3772 1900 3806 ex

540 3828 644 3883 intinito
675 3826 825 3880 intervallo
857 3826 1093 3896 appropinquare,
1125 3826 1196 3880 radii
1223 3826 1284 3896 ejus
1313 3844 1422 3896 semper
1451 3843 1612 3896 semperque
1638 3844 1731 3881 omnes
1757 3848 1820 3885 cum
1846 3816 1901 3886 axe

540 3915 714 3970 concurrent,
746 3909 832 3959 donec
862 3906 986 3975 proxime
1007 3908 1029 3959 F
1049 3906 1160 3968 veniat,
1191 3923 1242 3976 per
1266 3906 1310 3959 13.
1351 3909 1415 3960 Jaru
1436 3908 1473 3959 ab
1495 3908 1517 3959 F
1544 3908 1677 3977 quaedam
1701 3926 1755 3962 non
1781 3912 1901 3982 amplius

539 3995 717 4043 concurrunt.
747 3991 786 4039 At
806 4004 866 4040 curu
888 4005 924 4040 ex
945 3985 1105 4039 secantibus
1120 3986 1202 4040 lineis
1216 3987 1286 4040 liunt
1306 3987 1446 4056 paralleli,
1469 3986 1556 4040 sectio
1571 3986 1599 4040 in
1620 3987 1755 4041 infinitum
1777 3993 1901 4046 excurrit

540 4070 699 4139 priusquam
730 4067 756 4121 in
788 4066 941 4135 parallelos
972 4066 1090 4120 desinat.
1140 4068 1217 4136 Ergo
1247 4067 1376 4119 radiante
1406 4074 1509 4135 puncta
1539 4069 1574 4120 ad
1604 4068 1719 4136 globum
1750 4073 1901 4126 accedente

539 4165 627 4219 usque
649 4150 683 4200 ad
705 4146 939 4218 propinquitatem
960 4148 996 4208 F,
1026 4144 1112 4199 sectio
1143 4147 1243 4199 ultima
1263 4146 1291 4199 in
1321 4146 1454 4200 infinitum
1486 4147 1591 4217 effugit.
1635 4148 1715 4201 Prius
1743 4166 1810 4203 vero
1841 4170 1900 4206 cum

539 4227 642 4281 induite
664 4226 782 4280 distaret
803 4227 917 4279 radians
947 4234 1096 4296 punctum,
1126 4226 1223 4279 ultima
1248 4226 1334 4280 sectio
1354 4242 1440 4295 supra
1460 4227 1482 4279 F
1502 4228 1587 4296 paulo
1614 4228 1676 4296 plus
1697 4229 1902 4285 semidiametro

538 4306 633 4378 globi,
665 4306 703 4358 nil
733 4307 851 4376 amplius
882 4306 980 4359 abhrit.
1032 4306 1109 4375 Ergo
1138 4323 1199 4359 cunr
1227 4306 1355 4360 continue
1389 4323 1493 4360 causae
1530 4315 1696 4360 excrescant
1725 4310 1762 4361 ab
1792 4311 1903 4366 infinita

538 4385 674 4439 radiantis
705 4386 839 4439 distantia
870 4389 904 4439 ad
935 4384 1141 4439 brevissimam:
1173 4389 1300 4439 effectum
1331 4403 1438 4457 quoque
1468 4405 1517 4440 seu
1549 4387 1783 4457 propinquitatem
1815 4392 1901 4445 inter·

538 4465 667 4519 sectionis
697 4466 812 4519 ultimae
835 4484 853 4518 a
874 4465 1037 4519 brevissima
1058 4468 1092 4518 ad
1121 4466 1253 4519 infinitam
1285 4483 1409 4519 crescere
1438 4467 1566 4519 continue
1598 4474 1725 4535 oportet,
1758 4487 1812 4523 non
1834 4490 1901 4527 vero

537 4545 707 4614 interrumpi.
740 4545 786 4599 Sic
807 4563 876 4616 ergo
896 4544 974 4598 initio
995 4543 1049 4597 erit
1070 4546 1187 4600 omnium
1209 4546 1337 4616 proxima
1356 4547 1451 4616 globo,
1473 4550 1542 4616 quod
1565 4555 1627 4600 erat
1648 4550 1900 4607 demonstrandum.

630 4625 812 4679 corollarium
841 4627 989 4678 secundum
1010 4642 1047 4678 ex
1067 4634 1149 4696 parte
1172 4626 1234 4695 jam
1254 4635 1299 4681 est
1318 4627 1505 4689 declaratum,
1534 4629 1604 4697 quod
1626 4628 1731 4682 attinet
1755 4632 1901 4687 terminum

536 4706 759 4760 intersectionum
780 4705 914 4759 ultimum.
958 4705 1034 4767 Quod
1056 4715 1193 4776 superest,
1216 4706 1368 4759 clarissime
1390 4706 1510 4760 cernitur
1532 4707 1559 4759 in
1582 4707 1724 4761 schemate
1745 4709 1793 4764 80.
1828 4714 1900 4767 Nam

535 4802 588 4856 quo
609 4785 699 4857 magis
721 4785 927 4854 appropinquat
947 4787 986 4848 D,
1008 4785 1060 4838 hou
1081 4786 1169 4856 magis
1191 4786 1264 4856 fugit
1286 4791 1319 4839 Α.
1362 4787 1399 4838 Et
1421 4786 1448 4839 in
1476 4788 1618 4841 schemate
1641 4788 1689 4841 tt.
1719 4791 1848 4845 radiante
1871 4794 1897 4846 in

535 4866 650 4921 termino
672 4868 706 4919 ad
727 4867 749 4918 F
775 4865 927 4926 collocato,
959 4865 1129 4918 radiationes
1160 4882 1252 4917 omnes
1284 4873 1467 4919 concurrunt:
1498 4885 1531 4919 co
1557 4867 1672 4920 iniraF
1703 4871 1898 4934 descendente,

534 4955 700 5000 concurrunt
729 4952 837 4997 tantum
868 4945 1036 5007 exteriores,
1069 4961 1139 5014 quac
1166 4944 1273 4998 scilicet
1299 4953 1363 5014 post
1391 4947 1506 5015 globum
1537 4946 1688 5016 designant
1708 4949 1751 5001 sui
1772 4952 1898 5006 sectione

535 5026 679 5080 terminum
709 5025 838 5078 citimum.
881 5024 1006 5094 Denique
1037 5023 1164 5077 radiante
1191 5023 1252 5077 iul
1279 5026 1431 5087 collocato,
1463 5025 1518 5092 jam
1549 5027 1634 5079 etiarn
1665 5029 1753 5082 ultimi
1784 5038 1898 5086 cessant

533 5104 702 5160 intersecare
724 5110 754 5157 et
783 5104 869 5158 sectio
900 5104 1000 5175 elingit
1025 5102 1054 5156 in
1083 5102 1234 5157 infinitum:
1268 5111 1300 5157 at
1326 5106 1350 5157 sl
1379 5105 1491 5159 radians
1513 5124 1550 5161 ex
1581 5107 1674 5160 altera
1704 5117 1787 5179 parts
1817 5112 1896 5182 globi
