4584 6192
1033 600 1065 652 de
1083 598 1165 653 Stella
1181 599 1260 651 Nora
1760 595 1826 669 589

467 778 602 829 nutritione
621 782 711 841 egent,
731 774 822 826 hustre
839 776 967 828 laboratur
984 777 1016 828 de
1034 782 1246 829 excrementorum
1264 777 1322 828 iude
1348 778 1548 842 consurgentium
1574 784 1660 828 exortu
1679 783 1724 828 aut
1741 792 1826 843 repur-

468 850 580 916 gatione.
607 847 708 897 Interim
728 862 777 897 non
795 862 867 913 nego.
887 863 1005 914 maguam
1025 864 1079 900 esse
1092 849 1184 899 Telluri
1203 851 1377 913 cognationem
1397 848 1578 911 complanatis
1597 856 1622 899 et
1641 850 1728 899 ceterls
1748 849 1827 914 globis

468 921 617 974 mundanis3
644 934 693 966 uon
712 918 810 982 quidem
828 925 950 983 quatenus
968 920 1013 969 illa
1030 920 1166 985 generandi
1193 920 1341 970 facultatem
1359 920 1449 979 habet,
1467 919 1511 969 sed
1529 926 1652 984 quatenus
1671 926 1697 969 et
1714 922 1769 984 ipsa
1787 926 1828 969 est

468 992 555 1058 globus
572 990 721 1046 mundanus,
741 996 767 1039 et
785 991 931 1040 facultatem
949 990 1026 1041 habet
1043 993 1226 1057 magneticam,
1246 1005 1297 1055 qua
1313 991 1440 1040 mediante
1459 990 1655 1041 conformitatem
1675 991 1769 1055 adepta
1788 997 1828 1041 est

470 1078 526 1113 cum
545 1061 615 1111 coelo
636 1075 680 1109 seu
697 1075 778 1110 rerum
796 1063 976 1119 uuiremitate;
994 1070 1023 1111 ut
1035 1062 1240 1126 quemadmodum
1257 1064 1283 1109 in
1296 1063 1365 1112 coelo
1383 1063 1419 1110 ita
1432 1068 1458 1110 et
1470 1062 1495 1110 in
1508 1061 1611 1111 Telluris
1630 1062 1711 1127 globo,
1730 1069 1829 1126 praeter

468 1134 572 1199 figuram
591 1132 732 1188 rotundam,
751 1132 842 1182 similes
862 1147 906 1181 seu
926 1132 1027 1198 analogi
1045 1136 1200 1197 reperiantur
1216 1135 1315 1182 termini
1335 1132 1452 1191 situales,
1472 1131 1522 1194 poli
1540 1132 1597 1188 duo.
1618 1135 1686 1189 axis,
1706 1140 1827 1191 centrum,

467 1203 612 1261 meridiani,
642 1210 762 1266 aequatur
780 1209 807 1253 et
831 1203 961 1267 paralleli;
990 1219 1050 1268 quos
1068 1219 1124 1254 rere
1143 1210 1170 1253 et
1187 1204 1287 1253 realiter
1306 1205 1328 1254 ei
1351 1205 1432 1252 inesse
1452 1202 1481 1251 (i.
1503 1202 1626 1252 Gilbertus
1655 1203 1829 1266 praeclareat

469 1274 565 1325 erudite
593 1274 747 1323 demonstrat
763 1273 789 1322 iu
807 1289 851 1323 suo
878 1274 939 1324 libro
958 1274 989 1323 de
1007 1274 1135 1341 Magnete.
1184 1273 1294 1324 Similem
1320 1290 1377 1339 ergo
1406 1275 1604 1323 conformitatem
1632 1288 1689 1324 cum
1715 1276 1784 1324 coelo
1802 1280 1829 1325 et

469 1346 575 1400 Tellure,
595 1359 626 1394 ac
644 1344 745 1407 proinde
764 1351 880 1394 naturam
899 1347 1057 1410 magneticae
1077 1347 1211 1410 analogum
1236 1346 1343 1409 planetis
1362 1360 1457 1409 quoque
1476 1346 1557 1394 inesse
1575 1347 1638 1394 ratio
1658 1346 1752 1401 dictat.
1772 1360 1829 1395 cum

467 1417 493 1466 hi
513 1431 598 1465 omues
617 1417 668 1463 siut
685 1415 752 1480 globi
770 1417 889 1465 mundani
907 1431 1046 1480 perennes,
1071 1424 1097 1467 et
1114 1424 1198 1480 partes
1217 1419 1291 1466 totius
1316 1417 1501 1473 universitatis,
1520 1430 1577 1479 pars
1596 1422 1681 1465 autem
1698 1417 1830 1480 participet

468 1493 585 1536 naturam
604 1488 689 1534 totius.
724 1486 790 1536 Hinc
810 1488 914 1536 fortasse
932 1488 1061 1538 harmonia
1079 1488 1123 1537 illa
1140 1494 1221 1536 motus
1239 1488 1396 1550 planetarum
1415 1501 1470 1536 cum
1492 1486 1558 1543 Sole,
1577 1493 1606 1535 ut
1623 1487 1828 1550 quemadmodum

467 1558 613 1622 magnetica
631 1570 734 1619 corpora
751 1560 817 1607 iuter
835 1573 862 1606 se
882 1560 1038 1621 conspirant.
1067 1565 1162 1608 utnon
1181 1564 1278 1608 tautum
1297 1558 1613 1622 seinvicemsequautnr,
1643 1558 1782 1607 sedetiam
1801 1564 1830 1607 ut

468 1629 573 1678 alterum
592 1641 647 1676 sese
666 1627 778 1677 obvertat
797 1629 868 1678 alteri
887 1631 956 1693 eique
979 1644 1006 1679 se
1024 1630 1195 1679 accommodet
1222 1629 1356 1679 secuudum
1379 1628 1546 1685 dimotionem,
1565 1630 1739 1686 rusticitatem,
1757 1628 1828 1679 inell-

468 1700 599 1748 uationem
612 1704 638 1747 et
649 1700 740 1747 similes
760 1699 932 1763 dispositiones
950 1703 1106 1764 magneticas
1118 1707 1224 1750 naturae
1238 1714 1298 1750 suae
1317 1701 1500 1757 couvenientes,
1519 1701 1557 1749 ita
1568 1700 1686 1763 planetae
1700 1699 1733 1749 ad
1745 1698 1829 1749 Solem

469 1785 517 1819 ceu
545 1784 629 1834 regem
657 1770 783 1833 globorum
810 1773 955 1833 perenuium
982 1786 1037 1821 sese
1067 1778 1214 1820 convertant
1233 1777 1259 1820 et
1284 1772 1473 1821 accommodent
1498 1778 1566 1819 motu
1594 1772 1695 1834 quisque
1723 1772 1829 1834 proprio,

468 1842 586 1904 illumque
606 1841 718 1889 ambient
736 1848 762 1889 et
781 1843 929 1891 comitentur
946 1842 1034 1896 libere.
1055 1845 1144 1892 virtute
1163 1844 1238 1891 iusita
1256 1844 1414 1907 magneticae
1434 1841 1555 1906 analoga,
1576 1841 1648 1891 nullis
1668 1841 1765 1890 orbibus
1784 1847 1829 1891 aut

468 1912 572 1961 vinculis
601 1913 683 1960 tracti.
720 1910 756 1960 Ut
782 1927 832 1960 uon
860 1914 892 1960 sit
919 1928 978 1976 opus
1007 1915 1097 1962 circulo
1126 1928 1204 1963 aeneo
1232 1910 1317 1977 (quem
1346 1914 1459 1976 princeps
1477 1913 1585 1961 Hassiao
1603 1913 1628 1960 in
1653 1912 1829 1982 hypothesibus

469 1981 638 2045 Tychouiauis
667 1981 825 2032 desiderabat
852 1982 892 2032 lib.
913 1983 932 2031 I.
961 1984 1037 2046 Epist.
1063 1984 1173 2046 'l'ychom
1202 1984 1243 2032 fol.
1271 1981 1342 2043 129.)
1370 1984 1485 2046 planetas
1512 1989 1568 2047 post
1596 1981 1678 2032 Solem
1704 1982 1828 2033 trahente.

467 2053 554 2103 Libuit
573 2055 632 2106 ista.
652 2066 717 2117 quae
734 2068 765 2103 ex
785 2054 814 2101 G.
835 2052 942 2103 Gilberto
961 2054 1048 2109 hausi,
1076 2055 1115 2105 hic
1136 2056 1270 2119 attingere,
1295 2056 1354 2118 quia
1371 2055 1404 2103 ad
1422 2056 1544 2117 penitiora
1561 2054 1729 2117 philosophiae
1748 2054 1829 2104 coele·

467 2126 544 2173 stium
565 2124 644 2185 adyta
662 2126 727 2173 riam
746 2132 882 2174 monstrare
901 2125 959 2174 mihi
983 2127 1112 2183 ridentur,
1131 2134 1160 2175 ut
1179 2128 1200 2174 si
1218 2126 1283 2175 idern
1302 2126 1346 2175 o'bi
1369 2125 1482 2181 ridetur,
1509 2139 1594 2173 sumas
1612 2126 1768 2174 occasionem
1786 2140 1829 2190 pro

466 2196 563 2260 ingenii
584 2197 619 2243 tui
639 2196 763 2255 acumine,
784 2211 831 2259 quo
849 2205 875 2246 te
893 2197 1032 2259 praeditum
1052 2205 1097 2246 tua
1114 2198 1207 2260 scripta
1225 2204 1358 2252 testantur,
1378 2196 1409 2245 de
1427 2198 1457 2245 iis
1476 2195 1549 2244 altius
1569 2196 1703 2259 cogitandi.
1724 2243 1728 2250 ,

558 2264 608 2314 Sed
626 2273 654 2315 ut
673 2266 706 2315 ad
725 2266 822 2315 stellam
840 2282 930 2316 novam
948 2267 1086 2328 redeamus,
1105 2275 1172 2317 recte
1190 2275 1218 2315 tu
1236 2268 1338 2317 tandem
1357 2273 1383 2316 et
1400 2268 1440 2330 pie
1460 2280 1563 2316 causam
1581 2281 1679 2316 omnem
1696 2265 1773 2316 refers
1793 2265 1827 2315 ad

467 2336 568 2386 Deum:
587 2338 613 2385 iu
632 2353 680 2400 quo
698 2337 758 2386 mihi
780 2345 862 2386 tecum
888 2340 1011 2387 convenit.
1048 2338 1114 2387 Nam
1134 2354 1190 2387 cum
1208 2340 1233 2387 iu
1254 2338 1408 2387 naturalibus
1436 2338 1517 2387 causis
1546 2336 1703 2402 assignandis
1721 2341 1768 2386 uec
1787 2337 1831 2386 alil

467 2422 517 2457 nec
535 2409 588 2469 ipse
606 2408 665 2457 mihi
684 2409 853 2468 satisfaciam,
873 2409 901 2457 fit
919 2415 947 2457 ut
964 2409 1038 2472 pleno
1057 2410 1166 2465 credam,
1190 2410 1301 2459 mhaculi
1320 2410 1377 2473 quid
1394 2408 1435 2457 hio
1460 2410 1620 2458 concurrisse.
1659 2407 1725 2468 Quia
1742 2413 1828 2457 umen

468 2493 500 2528 ex
519 2477 625 2527 hirtoms
643 2481 721 2528 sacris
749 2486 868 2542 apparet,
887 2478 969 2528 Deum
986 2488 1042 2544 post
1060 2480 1186 2530 conditum
1211 2481 1330 2530 muudum
1347 2482 1373 2528 iu
1391 2480 1515 2529 miraculis
1542 2479 1679 2529 efficiendis
1698 2492 1752 2528 esse
1771 2493 1829 2542 par·

468 2550 601 2608 cissimum,
621 2552 658 2600 ita
676 2556 704 2598 ut
721 2549 863 2613 plerumque
888 2550 1007 2599 adhibeat
1024 2552 1107 2601 media
1130 2552 1271 2609 naturalia,
1300 2558 1420 2615 quantum
1438 2549 1462 2598 id
1481 2551 1534 2600 fieri
1552 2557 1643 2614 potest,
1667 2550 1722 2599 ideo
1740 2550 1829 2612 proba·

470 2620 545 2670 bilem
561 2620 644 2683 judico
658 2635 742 2670 eorum
760 2623 920 2677 seutentiam,
940 2623 980 2685 qui
994 2621 1097 2672 Stellam
1110 2624 1204 2672 nonde
1223 2638 1285 2671 novo
1304 2628 1415 2671 creatam
1428 2636 1458 2671 ex
1476 2621 1561 2677 nihilo,
1580 2621 1625 2670 sed
1637 2635 1666 2669 ex
1679 2622 1720 2670 via
1736 2620 1830 2678 lactea,

470 2693 579 2740 materia
597 2692 694 2742 scilicet
710 2692 902 2755 praeexistente,
922 2692 1056 2742 condatum
1074 2694 1192 2743 tradunt:
1221 2702 1273 2742 tum
1291 2695 1350 2758 quia
1367 2692 1430 2742 haec
1454 2694 1509 2754 ipsa
1533 2699 1622 2754 suapte
1640 2697 1732 2741 natura
1748 2691 1830 2741 lucem

467 2763 612 2825 participat,
632 2769 707 2827 atque
727 2769 788 2825 apta
806 2770 845 2811 est
863 2769 891 2811 ut
909 2779 952 2826 per
971 2764 1189 2813 condensatiouem
1209 2766 1234 2813 in
1253 2779 1340 2827 corpus
1358 2764 1512 2826 splendidum
1538 2765 1681 2827 redigatur,
1699 2771 1753 2811 tum
1771 2762 1830 2826 quia

468 2840 574 2897 unaque
593 2834 667 2883 stella
685 2847 757 2892 nore,
777 2840 829 2882 ιιω
847 2833 911 2884 haec
929 2837 1052 2884 recentior
1069 2850 1142 2899 quam
1156 2836 1200 2885 illa
1219 2837 1277 2884 anui
1294 2832 1360 2882 1572
1373 2831 1449 2899 (quae
1467 2834 1564 2897 quidem
1582 2834 1641 2883 mihi
1660 2834 1734 2898 louge
1751 2836 1830 2896 major

468 2912 495 2952 et
514 2903 630 2952 illustrior
648 2918 722 2969 quam
740 2904 803 2953 haec
821 2904 918 2961 ulfima,
938 2913 1051 2954 attamen
1070 2908 1171 2955 sirecte
1187 2907 1287 2955 memini
1305 2906 1386 2954 miuus
1404 2905 1538 2954 scintillare
1557 2906 1610 2953 risa
1622 2902 1671 2965 est)
1690 2907 1716 2953 iu
1729 2904 1831 2968 galaxia

467 2976 543 3024 situm
561 2974 656 3024 habuit
683 2974 770 3037 Neque
784 2990 840 3024 rero
853 2976 893 3025 hic
911 2976 1070 3026 metuendum
1084 2984 1130 3032 est,
1150 2991 1181 3025 ue
1194 2992 1238 3040 per
1250 2977 1396 3026 crebriorem
1414 2974 1553 3039 hujusmodi
1573 2975 1699 3024 stellarum
1719 2981 1829 3025 oxomum

467 3054 495 3096 et
515 3046 684 3095 incensionem
703 3046 805 3095 tandem
825 3046 928 3103 coelum,
948 3047 1063 3111 quicquid
1080 3048 1159 3096 habet
1170 3048 1253 3105 lactis,
1272 3047 1297 3096 id
1308 3053 1387 3095 totum
1406 3047 1501 3110 perdat.
1528 3045 1594 3096 Nam
1612 3048 1716 3110 primum
1727 3046 1830 3096 flamma

466 3132 519 3166 non
538 3117 635 3181 indiget
653 3131 758 3180 corpus,
777 3125 806 3165 ut
823 3118 869 3167 fiat
887 3120 1062 3180 conspicuum,
1088 3119 1153 3182 quod
1171 3132 1218 3168 sua
1235 3124 1326 3167 natura
1343 3118 1399 3166 lucc
1418 3125 1444 3167 et
1462 3118 1591 3181 splendore
1615 3116 1754 3181 praeditum
1773 3123 1828 3175 est;

467 3188 559 3237 deiude
577 3189 707 3236 materiam
725 3188 857 3252 galeriae,
885 3202 949 3252 quae
968 3191 1038 3250 jussu
1057 3189 1105 3239 Dei
1124 3191 1290 3238 condensetur
1308 3196 1334 3239 et
1351 3190 1376 3237 iu
1399 3190 1503 3239 formam
1530 3189 1619 3238 stellae
1645 3189 1725 3237 subito
1753 3190 1829 3239 mira-

467 3259 551 3310 culose
571 3258 740 3323 conglobatur.
760 3266 848 3322 postea
865 3260 977 3308 mandati
996 3262 1072 3309 diriui
1089 3260 1186 3309 vinculo
1205 3261 1327 3318 solutam,
1346 3260 1448 3309 liberam
1468 3268 1494 3309 et
1512 3265 1617 3309 naturae
1635 3273 1698 3308 suae
1715 3258 1830 3309 relictam

467 3329 598 3393 paullatim
618 3330 738 3393 dissipari,
759 3330 870 3379 diffluere
890 3338 915 3378 et
934 3338 1079 3380 consuetum
1097 3333 1153 3381 viae
1172 3331 1270 3381 lacteae
1292 3332 1377 3381 sedem
1396 3336 1507 3394 repetere
1526 3330 1654 3379 vemsimile
1674 3337 1728 3388 est;
1748 3333 1784 3380 ita
1802 3338 1830 3379 ut

466 3400 530 3450 uibil
549 3402 670 3449 materiae
688 3400 739 3449 illic
759 3401 874 3450 decedat.
910 3400 997 3464 Neque
1021 3403 1094 3451 stella
1120 3417 1185 3451 nora
1204 3403 1309 3451 Fabricii
1338 3408 1408 3451 extra
1434 3402 1560 3467 galeriam
1577 3402 1603 3450 iu
1623 3398 1672 3450 26⁰
1690 3401 1717 3463 Υ
1737 3409 1762 3451 et
1783 3398 1830 3450 16⁹

466 3472 513 3521 lat.
534 3480 611 3520 austr.
632 3478 731 3534 reperta
755 3472 821 3520 banc
849 3474 999 3521 seutentiam
1027 3473 1181 3522 labefactare
1208 3481 1307 3537 potest,
1335 3474 1455 3537 siquidem
1473 3475 1509 3520 vir
1527 3473 1568 3522 ille
1588 3472 1706 3535 deceptus
1734 3473 1830 3523 ridetur

467 3541 544 3591 stella
558 3541 613 3591 Ceti
626 3541 716 3599 XXIV,
735 3558 799 3607 quae
813 3543 862 3591 illic
881 3544 992 3606 praecise
1011 3545 1094 3593 sedem
1107 3545 1192 3602 habet,
1213 3551 1238 3593 et
1252 3558 1269 3593 a
1280 3544 1378 3605 Bayero
1390 3545 1452 3592 Tab.
1465 3543 1578 3593 XXXIV.
1598 3551 1699 3593 notatur
1711 3544 1784 3592 litera
1797 3558 1827 3601 o;

469 3620 512 3662 est
532 3614 599 3662 euim
619 3620 690 3662 retus
709 3614 791 3663 stella.
831 3613 881 3663 Sed
900 3623 965 3675 esto,
994 3615 1068 3664 fuerit
1085 3630 1165 3672 nora,
1193 3615 1251 3681 quid
1270 3615 1327 3664 inde
1346 3615 1520 3678 consequitur,
1548 3616 1595 3663 nisi
1617 3613 1682 3677 quod
1705 3615 1830 3677 portiones

467 3684 593 3749 quaedam
613 3686 735 3733 materiae
761 3684 877 3750 galeriae
905 3686 996 3734 similes
1015 3688 1090 3736 edam
1114 3692 1184 3736 extra
1210 3686 1336 3750 galaxiam
1364 3684 1537 3748 reperiantur?
1565 3699 1629 3748 quae
1648 3691 1733 3733 tamen
1751 3686 1829 3733 risum

468 3754 603 3820 effugiunt,
623 3756 681 3820 quia
700 3769 800 3819 sparsae
814 3764 872 3805 sunt
885 3764 911 3806 ct
922 3758 1035 3814 rariores,
1054 3773 1104 3806 non
1123 3759 1285 3807 continuatae
1298 3762 1323 3804 et
1337 3756 1408 3818 copia
1426 3760 1590 3817 exuperantes
1602 3762 1631 3802 ut
1643 3756 1667 3802 in
1680 3755 1720 3803 ria
1737 3753 1828 3804 lactea

559 3842 664 3906 Spectat
681 3843 719 3892 his
737 3844 895 3910 Brenggerus
914 3859 954 3902 eu,
974 3859 1038 3908 quae
1057 3845 1180 3909 Keplerus
1200 3843 1272 3894 affert
1290 3845 1315 3892 iu
1334 3843 1383 3893 tine
1402 3844 1491 3906 capitis
1508 3841 1586 3892 XXII.
1614 3841 1685 3902 Quae
1702 3842 1830 3892 Fabricius

468 3914 581 3977 Keplero
606 3914 711 3964 dederat
729 3915 759 3965 de
777 3915 826 3965 hac
845 3931 861 3965 a
879 3931 906 3965 se
924 3917 1028 3978 primum
1055 3922 1145 3965 notata
1171 3915 1244 3964 stella
1270 3914 1381 3963 variabili
1406 3915 1432 3963 iu
1458 3914 1645 3963 constellatione
1665 3913 1737 3969 Ceti,
1765 3914 1832 3965 iufra

465 3987 585 4050 leguntur
602 3987 628 4034 iu
646 3987 724 4035 literis
743 3988 849 4036 Fabricii
868 3987 891 4036 d.
912 3988 935 4036 d.
957 3985 999 4033 22.
1019 3986 1094 4036 Mart.
1116 3983 1193 4035 1609.
1230 3986 1260 4034 Iu
1279 3985 1372 4049 Opticis
1392 3983 1429 4048 (p.
1450 3982 1513 4046 278)
1537 3986 1623 4048 paucis
1647 3984 1713 4035 hauc
1731 3983 1830 4035 stellam

467 4058 531 4106 dicit
547 4056 680 4120 Keplerus,
700 4058 735 4105 sio
753 4059 779 4105 iu
798 4057 872 4120 Resp.
894 4058 926 4107 ad
945 4058 1097 4114 Roeslinum.
1117 4058 1138 4115 I,
1158 4054 1218 4106 504.
1238 4082 1273 4092 -

557 4126 718 4190 Keplerus
738 4144 759 4177 o.
779 4128 854 4178 tinem
873 4127 934 4191 Cap.
948 4128 1038 4178 XXIV.
1058 4143 1140 4192 pauca
1153 4129 1183 4177 de
1196 4128 1260 4178 oculi
1278 4134 1403 4177 structura
1414 4126 1494 4185 aflert,
1514 4140 1563 4174 uon
1575 4124 1649 4189 plane
1668 4124 1831 4177 cohaerentia

466 4214 526 4248 cum
545 4213 573 4247 re
592 4199 693 4261 abipso
712 4198 762 4248 illic
781 4200 915 4261 disputata,
938 4200 984 4258 ,dc
998 4199 1122 4249 efficiente
1140 4201 1197 4248 nori
1215 4198 1326 4247 sideris.“
1351 4198 1567 4263 Brenggerus,
1585 4212 1692 4262 pergens
1709 4198 1735 4246 iu
1753 4198 1830 4249 literis

468 4270 532 4326 suis,
549 4282 601 4318 rem
620 4269 764 4333 aggreditur
780 4271 903 4320 medicum
922 4285 1009 4335 agens,
1029 4277 1054 4319 et
1072 4271 1165 4319 refutat
1183 4271 1323 4333 opinionem
1341 4269 1450 4333 Kepleri.
1488 4269 1561 4318 Haec
1579 4275 1606 4317 et
1623 4282 1688 4333 quae
1706 4268 1833 4331 Keplerus.

466 4340 614 4403 respoudit,
641 4341 758 4405 leguntur
785 4343 947 4391 annotatione
970 4340 1001 4391 N.
1024 4337 1066 4389 35.
1103 4341 1211 4404 Reliqua
1235 4340 1322 4389 harum
1349 4340 1486 4405 Brenggeri
1513 4339 1652 4398 literarum,
1681 4353 1746 4403 quae
1772 4354 1830 4390 cunr

466 4410 569 4461 stellam
588 4424 676 4460 noram
694 4413 720 4460 in
739 4410 839 4476 Cygno,
860 4419 912 4462 tum
931 4412 1119 4476 chronologica,
1144 4419 1197 4460 tum
1217 4411 1331 4475 Opticam
1350 4413 1467 4465 attIuent,
1491 4409 1529 4459 bis
1549 4410 1704 4473 adjunximus
1722 4410 1829 4473 scriptis.

560 4481 691 4544 Kepleri
717 4498 860 4547 responsum
889 4484 921 4532 ad
945 4484 991 4533 has
1013 4482 1150 4548 Brenggeri
1177 4483 1275 4538 literas,
1302 4482 1326 4531 d.
1347 4478 1389 4530 30.
1409 4481 1471 4531 Nor.
1492 4478 1574 4538 1607,
1601 4489 1720 4546 exparte
1742 4494 1829 4544 propo·

466 4553 565 4602 suimus
583 4554 609 4601 in
627 4554 781 4616 praefatione
800 4554 832 4602 ad
852 4551 966 4617 Opticam
984 4568 1043 4619 pag.
1063 4550 1095 4601 53
1109 4569 1141 4602 ss.
1181 4551 1252 4613 Quae
1270 4553 1319 4602 huc
1341 4554 1481 4617 pertinent,
1499 4552 1563 4603 haec
1581 4559 1648 4602 suut.
1685 4552 1829 4602 Pmemissis

466 4624 560 4689 paucis
579 4623 611 4672 ad
629 4637 690 4686 opus
709 4638 780 4674 suum
800 4625 829 4674 de
848 4625 930 4674 Marte
949 4626 1137 4689 pertinentibus,
1156 4626 1191 4674 alc
1209 4626 1306 4689 pergit:

559 4695 656 4767 Nunc,
681 4696 719 4756 ad
743 4696 858 4775 priores
883 4697 987 4757 literas
1009 4697 1115 4756 venio:
1137 4697 1298 4776 jucundam
1321 4695 1430 4775 quippe
1454 4693 1622 4767 materiam,
1646 4712 1714 4754 cum
1737 4692 1830 4755 solita

465 4782 657 4846 humanitate
682 4792 840 4864 tantopere
865 4804 910 4844 me
936 4785 1081 4846 dilaudas.

561 4871 692 4934 Primum
716 4895 734 4934 e
757 4883 787 4935 te
812 4873 959 4935 dissentio
984 4872 1014 4934 iu
1038 4892 1089 4949 eo,
1123 4892 1181 4953 quo
1205 4881 1237 4934 tu
1262 4871 1419 4935 adduceris
1449 4877 1484 4932 ut
1506 4889 1621 4932 mecum
1644 4868 1829 4934 consentiae.

467 4961 686 5039 Magnetum
704 4962 790 5025 ,euim
813 4962 986 5043 sympathia
1016 4980 1072 5023 nou
1102 4961 1243 5024 consistit
1270 4962 1298 5022 in
1327 4961 1383 5022 hoc
1410 4978 1520 5040 genere
1550 4978 1657 5021 seusus
1680 4976 1734 5017 seu
1756 4976 1829 5037 per·

467 5048 635 5129 ceptiouis,
665 5068 723 5129 qua
746 5052 841 5111 Terra
867 5051 996 5130 percipit
1028 5060 1171 5131 aspectus
1203 5052 1363 5111 coelestes.
1418 5050 1547 5127 Magnes
1580 5048 1660 5109 enim
1692 5055 1829 5108 movetur

468 5160 489 5201 a
513 5156 641 5218 corpore
664 5149 787 5219 quanto,
811 5159 865 5201 seu
888 5140 927 5202 ab
950 5140 1016 5220 ejus
1035 5140 1166 5212 effluvio,
1191 5138 1329 5201 similiter
1352 5145 1479 5219 quanto:
1504 5137 1598 5200 Terra
1615 5142 1752 5199 movetur
1774 5154 1829 5197 seu
