4584 6192
897 593 929 644 re
945 593 1013 646 roos
1032 592 1187 648 sternutus
1205 590 1251 645 ts
1684 593 1751 666 48³

344 797 347 801 ·
397 769 445 850 qni
470 770 709 849 flagitationibus
734 771 796 832 suis
820 771 903 833 oneri
926 778 998 833 sunt
1020 770 1122 844 nobis,
1152 770 1264 831 nullum
1287 770 1400 833 lucmrn
1424 791 1462 833 ex
1485 772 1647 852 scriptione
1672 793 1747 856 cap-

396 858 540 931 tantibus,
567 860 698 921 tenuiter
721 860 900 933 viventibus,
925 860 1007 921 tenui
1031 858 1143 920 salario
1159 858 1304 921 subnixis.
1345 860 1414 922 Nisi
1433 861 1522 923 iallor
1546 862 1584 923 ad
1608 862 1748 925 trientem

397 948 482 1010 nnius
510 948 614 1009 lloreni
648 968 667 1008 a
699 968 754 1010 me
779 967 832 1027 pro
864 948 909 1009 bis
948 950 1008 1010 tuis
1039 947 1136 1009 literis
1168 947 1295 1009 redditis
1328 956 1502 1027 exegerunt.
1551 948 1624 1011 Cum
1656 951 1748 1029 igitur

395 1044 568 1109 metuerem,
593 1056 640 1109 ne,
664 1038 742 1115 quod
766 1055 857 1115 saepe
881 1036 953 1097 mihi
977 1036 1099 1105 accidit,
1126 1035 1230 1097 literas
1255 1036 1302 1096 vel
1326 1055 1382 1097 non
1407 1039 1575 1115 perferrent
1596 1038 1746 1102 Ratisbo-

394 1144 463 1187 nam
487 1125 535 1185 vel
559 1125 600 1186 ibi
625 1126 703 1187 male
736 1126 998 1198 commendarent,
1032 1124 1179 1186 nundinas
1213 1124 1363 1185 instantes
1394 1128 1599 1203 expectandae
1632 1127 1746 1202 censui,

394 1225 428 1275 ut
451 1214 650 1275 mercatorum
674 1233 766 1294 opera
789 1215 922 1293 gratuita
946 1215 988 1274 uti
1012 1231 1143 1292 possem.

484 1303 724 1382 Propositionem
750 1322 838 1382 quam
861 1303 940 1380 petis
965 1310 998 1363 ut
1012 1303 1224 1374 demonstrem,
1250 1320 1399 1381 nunqnam
1419 1320 1473 1380 ego
1490 1303 1745 1376 demonstravero,

396 1410 454 1452 non
479 1391 506 1452 si
528 1391 595 1470 ipsa
620 1390 795 1452 Geometria
819 1391 944 1469 genibus
968 1391 1111 1451 advoluta
1141 1409 1206 1450 cum
1230 1388 1342 1467 Optica
1371 1390 1434 1451 filia
1466 1392 1569 1452 oculos
1600 1390 1682 1469 ipsos
1716 1392 1745 1452 in

392 1480 532 1561 lacrgrnis
557 1480 748 1541 absumentes
765 1479 993 1540 intercederent.
1026 1477 1166 1542 ¹Causam
1183 1478 1298 1538 videbis
1313 1478 1342 1539 in
1357 1478 1576 1558 prolegomenis
1591 1478 1743 1557 Epheme-

392 1568 499 1634 ridum‚
523 1587 598 1647 qnae
622 1587 698 1628 nunc
723 1575 793 1629 sunt
815 1567 1005 1628 Francofurti
1028 1566 1167 1635 venales,
1192 1566 1243 1626 fol.
1263 1563 1312 1628 17.
1337 1586 1415 1628 num.
1440 1561 1476 1638 4,
1500 1566 1550 1628 ubi
1573 1586 1627 1645 pro
1654 1567 1743 1641 „uni-

392 1656 494 1717 cales“
516 1656 582 1734 lege
599 1656 784 1730 „unicales“.
827 1656 895 1716 Non
911 1664 1013 1734 potest
1031 1656 1110 1716 enirn
1128 1655 1158 1715 in
1178 1654 1260 1715 hisce
1276 1653 1405 1716 maxima
1421 1655 1571 1733 designari
1587 1655 1742 1731 distantia,

394 1754 425 1804 ut
439 1744 468 1803 in
485 1745 615 1823 sphaera
629 1745 775 1805 maximus
789 1744 929 1818 circulus,
946 1745 998 1805 sed
1010 1745 1098 1804 datur
1108 1750 1141 1803 ut
1152 1743 1181 1802 in
1198 1742 1391 1821 longitndine,
1407 1744 1479 1804 ntin
1496 1762 1682 1804 numerorum
1693 1744 1743 1805 in-

392 1833 552 1893 crementis
562 1833 734 1911 progressio
744 1832 770 1892 in
783 1825 937 1892 infinitum.
955 1831 1098 1894 Sumatur
1109 1832 1186 1892 enim
1196 1831 1233 1891 ad
1242 1850 1347 1892 manus
1355 1831 1477 1893 scbema
1485 1832 1523 1892 ad
1531 1848 1614 1910 prop.
1627 1830 1742 1894 CXIV.

391 1920 564 1998 Dioptrices
589 1940 673 1981 meae
698 1921 789 1992 (hanc
814 1922 891 1980 enim
906 1921 1065 1998 Augustae
1081 1920 1175 1981 Vind.
1200 1920 1378 1998 impressam
1406 1939 1482 1981 annu
1509 1916 1589 1982 1611
1616 1927 1646 1979 te
1669 1927 1743 1998 puto

392 2009 578 2087 intelligere,
604 2028 669 2069 cum
696 2007 913 2087 ,Opticorum“
937 2028 1070 2070 meorum
1095 2008 1170 2068 lacis
1203 2008 1408 2081 mentionem).
1457 2008 1490 2068 ln
1523 2027 1558 2068 eo
1587 2007 1740 2069 schemate

392 2106 460 2159 sunt
486 2097 530 2157 IK
543 2105 573 2158 et
590 2095 649 2158 GH
672 2115 805 2158 concava
829 2098 986 2176 aequalia,
1019 2096 1074 2157 sed
1097 2096 1171 2164 DE,
1204 2096 1261 2156 AB
1296 2104 1367 2156 sunt
1396 2114 1531 2158 convexa
1559 2096 1741 2175 inaequalia,

391 2185 567 2246 circulorum
596 2186 688 2246 etiam
720 2186 940 2264 inaequalium,
972 2187 1097 2247 effectus
1128 2185 1158 2245 in
1188 2186 1229 2253 F,
1264 2182 1288 2245 C
1320 2184 1417 2259 idem,
1451 2186 1508 2246 hoc
1541 2204 1599 2246 uno
1632 2186 1741 2257 demto,

392 2274 470 2353 quod
495 2274 521 2333 si
545 2275 601 2335 AB
626 2294 683 2334 non
709 2283 825 2335 tantum
849 2293 886 2333 ex
910 2273 1019 2335 circulo
1044 2272 1150 2350 majori
1172 2272 1266 2333 luerit
1284 2272 1444 2352 descripta,
1470 2273 1524 2334 sed
1545 2275 1637 2335 etiam
1652 2273 1743 2335 fuerit
1781 2294 1783 2300 ’
1807 2342 1810 2347 ,

389 2370 474 2422 tanto
509 2362 598 2423 latior
622 2363 686 2423 lens
720 2382 807 2442 quam
830 2363 896 2435 DE,
922 2371 1031 2442 quanto
1065 2361 1160 2440 major
1190 2369 1239 2422 est
1270 2360 1398 2422 circulus
1422 2362 1477 2423 AB
1502 2382 1590 2442 quam
1614 2363 1742 2424 circulus

388 2450 464 2511 DE:
490 2459 560 2511 ωηο
584 2451 620 2510 de
645 2471 702 2511 nno
727 2451 860 2532 quolibet
882 2460 992 2528 puncto
1016 2450 1060 2511 rei
1083 2449 1212 2511 visibilis
1235 2450 1302 2527 plus
1322 2451 1472 2512 radiorum
1488 2452 1527 2512 ad
1543 2450 1567 2513 C
1583 2453 1742 2529 (punctum

388 2539 522 2616 picturae
547 2539 575 2599 in
600 2539 744 2600 retilormi
769 2540 953 2617 respondens
987 2546 1098 2619 puncto
1132 2537 1260 2599 visibilis
1283 2539 1343 2610 rei)
1376 2539 1545 2617 colligitur,
1580 2559 1669 2619 qnam
1702 2539 1742 2600 ad

386 2636 527 2705 punctum
551 2629 585 2689 F.
632 2628 711 2690 Nam
739 2628 892 2707 proportio
926 2626 1065 2689 diametri
1096 2626 1188 2687 lentis
1218 2626 1274 2687 AB
1308 2627 1346 2688 ad
1369 2627 1548 2690 diametrum
1572 2628 1661 2689 lentis
1684 2626 1741 2689 DE

387 2715 479 2795 dupla
502 2724 558 2789 est,
585 2726 618 2776 ut
641 2736 713 2777 area
737 2717 893 2778 circularis
917 2717 973 2777 AB
998 2717 1037 2776 ad
1061 2734 1163 2777 aream
1187 2714 1363 2776 circularem
1386 2716 1462 2789 DE;
1491 2718 1535 2777 sic
1560 2716 1652 2779 etiam
1675 2717 1739 2778 for·
1767 2785 1770 2792 ¹

386 2804 483 2864 titudo
507 2804 625 2864 luminis
659 2805 689 2865 in
722 2803 811 2866 Cad
845 2805 1053 2866 fortitudinem
1085 2803 1204 2865 luminis
1237 2804 1266 2865 in
1290 2806 1325 2867 F.
1378 2803 1635 2875 Quemadmodum
1670 2823 1741 2884 ergo

386 2892 475 2952 datur
503 2892 580 2953 onrni
605 2893 714 2953 circulo
738 2894 795 2953 AB
819 2893 916 2971 major
939 2893 967 2954 in
991 2892 1158 2967 infinitum,
1192 2892 1235 2952 sic
1260 2894 1349 2954 datur
1373 2894 1465 2954 etiam
1490 2894 1569 2955 omni
1594 2893 1742 2955 distantia

387 2978 447 3042 GA
472 2981 567 3059 major
591 2981 620 3042 in
644 2981 798 3043 inlinitum.
846 2982 889 3043 Ut
913 2990 1013 3042 antem
1037 2982 1106 3060 plus
1130 2981 1221 3042 etiam
1245 2981 1375 3042 scribam
1399 3001 1488 3061 qnam
1516 2982 1650 3063 petiisti,
1683 2982 1740 3043 hoc

385 3070 424 3129 ad
449 3070 593 3147 majorem
617 3070 857 3131 informationem
881 3070 1031 3150 pertinere
1056 3070 1191 3141 videtur,
1222 3077 1256 3130 nt
1278 3070 1396 3149 positus
1420 3070 1507 3149 hujus
1531 3070 1560 3131 in
1584 3070 1742 3150 proposita

383 3158 479 3235 figura
504 3159 642 3218 ellectum
665 3159 799 3237 pluribus
825 3159 983 3237 explicem.
1029 3160 1153 3220 Habent
1175 3158 1245 3232 DE,
1270 3159 1326 3220 AB
1351 3166 1463 3238 puncta
1485 3178 1647 3221 concursus
1671 3179 1739 3221 om-

383 3246 464 3306 nium
489 3246 633 3308 linearum
657 3247 791 3325 proxime
815 3266 906 3326 supra
928 3248 953 3307 F
978 3256 1008 3308 et
1032 3246 1076 3320 C,
1102 3266 1284 3321 concursus,
1310 3248 1449 3328 iuquam,
1474 3248 1570 3319 illius,
1595 3247 1644 3328 qui
1668 3256 1739 3311 ωηο

383 3340 467 3393 esset
495 3335 619 3409 iuturus,
644 3336 670 3396 si
694 3336 739 3396 lK
762 3342 794 3395 et
818 3334 877 3396 GH
905 3336 994 3414 plane
1023 3355 1199 3397 concursum
1230 3337 1416 3415 appellemus
1449 3336 1585 3398 liberum.
1641 3342 1696 3407 (Sic
1713 3347 1739 3395 in

381 3421 517 3471 Hanscbio.
554 3422 580 3472 Si
609 3424 681 3473 verbo
711 3423 816 3486 ,plane“
837 3424 1028 3489 adjungeremus
1047 3425 1136 3474 rerba:
1159 3424 1296 3481 „abessent
1301 3442 1308 3483 ς
1327 3424 1393 3475 bunc
1412 3430 1574 3476 concursnm“
1596 3432 1659 3484 eta,
1679 3431 1739 3477 tnnc

381 3501 422 3550 hic
440 3515 528 3564 passus
546 3504 690 3567 perspicuus
712 3504 796 3561 asset).
839 3495 873 3557 Si
897 3496 936 3556 ad
961 3497 1034 3556 haec
1058 3505 1171 3574 puncta
1200 3498 1323 3575 propius
1356 3498 1572 3559 admoveantur
1604 3516 1739 3558 concava

382 3581 438 3652 IK,
456 3579 525 3654 Gll,
551 3592 620 3643 tunc
644 3592 807 3663 sequentur
826 3593 887 3644 tres
912 3585 1108 3646 alterationes
1132 3585 1274 3646 effectus:
1299 3586 1395 3663 prima
1409 3595 1466 3660 est,
1483 3586 1561 3666 quod
1576 3604 1737 3646 concursus

382 3670 447 3748 ipse
471 3671 601 3732 actualis
626 3672 774 3733 radiorum
799 3674 885 3735 unius
909 3674 1012 3753 puncti
1035 3673 1163 3735 visibilis
1194 3673 1339 3734 ascendet
1367 3674 1489 3753 propius
1522 3692 1626 3734 versus
1660 3692 1735 3736 con-

380 3777 499 3819 cursum
524 3759 668 3821 liberum:
702 3762 835 3823 secunda
858 3770 916 3836 est,
950 3763 1028 3841 quod
1052 3781 1110 3823 non
1135 3761 1248 3822 serviet
1270 3761 1336 3839 jam
1367 3762 1494 3840 amplius
1519 3762 1615 3823 eidem
1639 3762 1735 3838 oculo,

379 3847 435 3907 sed
455 3847 515 3921 alii,
541 3850 656 3928 quires
680 3850 856 3929 longinquas
881 3851 1011 3931 simplici
1035 3852 1101 3912 visu
1120 3849 1203 3911 videt
1227 3850 1352 3923 clarius3
1376 3851 1468 3912 tertia
1491 3858 1548 3925 est,
1573 3850 1651 3930 quod
1670 3851 1738 3928 jam

379 3934 475 3997 minor
499 3953 570 4013 pars
595 3938 630 3997 de
655 3958 686 3998 re
711 3939 820 4000 visibili
844 3958 898 4017 per
923 3940 978 4001 boc
1002 3940 1232 4001 instrumentum
1257 3938 1391 4001 venitin
1416 3939 1543 4001 oculum.
1580 3939 1646 4000 Hoc
1661 3940 1736 4001 ulti-

377 4043 459 4085 mum
483 4026 640 4104 explicabo
664 4027 808 4105 pluribus
857 4027 1012 4097 Quamdiu
1034 4028 1153 4089 scilicet
1176 4047 1339 4090 concavum
1371 4035 1419 4088 est
1451 4028 1531 4089 intra
1560 4046 1738 4092 concursum

379 4113 523 4187 liberum,
554 4116 674 4194 propius
699 4134 740 4178 sc.
766 4135 919 4189 convexo,
952 4135 1070 4195 semper
1093 4117 1160 4194 plus
1185 4117 1267 4178 cerni
1291 4125 1394 4196 potest
1418 4117 1507 4178 dere
1532 4116 1643 4178 visibili
1666 4118 1735 4180 lon-

377 4202 498 4280 ginqua,
525 4222 612 4282 quarn
638 4213 780 4283 quantum
802 4205 866 4265 lens
886 4206 952 4285 ipsa
973 4224 1108 4267 convena
1122 4213 1250 4284 tegeret,
1275 4206 1301 4266 si
1318 4206 1523 4285 applicaretur
1545 4206 1588 4267 rei
1611 4206 1743 4271 visibili,

376 4294 424 4351 At
446 4291 471 4351 si
497 4310 658 4353 concavum
683 4294 826 4355 fueritin
851 4294 915 4373 ipso
939 4302 1049 4373 puncto
1074 4313 1235 4355 concursus
1259 4294 1354 4363 liberi,
1378 4303 1448 4355 tunc
1468 4314 1526 4356 non
1550 4295 1618 4374 plns
1632 4304 1736 4375 potest

375 4398 431 4459 per
455 4379 685 4442 instrumentum
708 4382 788 4443 intro
819 4383 928 4463 recipi,
961 4403 1050 4462 qnam
1074 4391 1217 4463 quantum
1241 4384 1305 4462 tegi
1327 4390 1431 4462 potest
1464 4383 1500 4444 de
1525 4403 1557 4445 re
1579 4382 1692 4446 visibili
1717 4406 1736 4447 a

376 4470 460 4529 lente
484 4488 627 4544 convexa,
654 4470 679 4531 si
700 4471 737 4531 ad
756 4480 926 4534 contactum
951 4473 1129 4551 applicetur.
1167 4472 1273 4552 Neque
1298 4480 1398 4533 tamen
1422 4472 1466 4532 sic
1490 4470 1633 4534 distincte
1654 4473 1735 4534 cerni

375 4565 480 4636 potest
502 4558 556 4618 illa
577 4559 728 4637 particula
757 4560 800 4622 rei
830 4560 957 4621 visibilis
985 4568 1108 4640 propter
1136 4560 1211 4621 duas
1235 4580 1362 4623 causas:
1402 4559 1435 4633 1)
1459 4569 1582 4640 propter
1605 4561 1733 4636 oculum,

375 4646 447 4726 quia
485 4646 560 4708 radii
597 4647 711 4709 habent
748 4648 878 4710 alienam
916 4649 954 4709 ab
992 4649 1078 4711 oculo
1119 4650 1365 4729 convergentiam
1404 4649 1454 4710 vel
1496 4648 1732 4727 divergentiam3

374 4731 412 4807 2)
437 4743 559 4814 propter
590 4736 795 4797 confusionem
827 4737 1002 4799 lucularum.
1049 4736 1214 4808 Quodlibet
1246 4737 1325 4799 enirn
1356 4746 1498 4817 punctum
1530 4736 1609 4799 illius
1632 4737 1730 4817 parti-

374 4824 462 4884 culae
485 4824 530 4884 rei
554 4825 681 4886 visibilis
705 4826 803 4905 pingit
827 4832 939 4887 certum
965 4826 1083 4906 quidem
1106 4834 1248 4906 puuctum
1272 4826 1412 4899 concavi,
1442 4836 1475 4887 at
1502 4826 1632 4904 trajecto
1655 4845 1729 4887 con-

373 4931 451 4974 cavo
475 4913 573 4991 pingit
596 4913 721 4975 eandem
751 4915 927 4993 particulam
960 4914 1125 4977 retiformis
1159 4916 1187 4976 in
1216 4915 1302 4976 oculo
1332 4907 1422 4995 quain
1454 4923 1485 4976 et
1515 4914 1605 4977 aliud.
1654 4912 1730 4977 Cum

373 5000 478 5080 itaque
501 5002 663 5064 retiformis
689 5003 791 5064 tunica
814 5002 891 5065 oculi
913 5000 1056 5082 pingatur
1079 5002 1184 5065 eadem
1208 5002 1253 5064 sni
1277 5012 1364 5084 parte
1388 5003 1426 5064 ab
1451 5002 1586 5065 omnibus
1608 5004 1729 5084 punctis

374 5088 420 5151 rei
442 5088 589 5163 visibilis,
613 5091 656 5163 nt,
679 5098 713 5151 ut
727 5091 835 5154 sortior
849 5092 900 5153 lux
922 5091 1024 5172 puncti
1042 5092 1129 5155 unius
1145 5091 1286 5155 obliteret
1309 5091 1483 5154 debiliorem
1501 5099 1555 5155 ant
1568 5092 1728 5159 miscean-

1456 5192 1517 5250 ³1*
