4584 6192
475 600 518 670 38
891 603 990 654 Literae
1010 604 1111 668 Kepleri
1131 602 1280 665 aliorumque
1299 611 1401 651 mutuae

473 782 534 833 culis
560 784 597 831 ita
623 796 650 831 se
679 782 785 838 habere,
813 797 884 830 nemo
913 789 951 829 est
977 783 1017 844 qni
1043 786 1126 844 neget,
1146 779 1244 827 etiamsi
1264 780 1295 827 ab
1323 780 1409 841 opticis
1432 780 1457 828 id
1481 794 1530 828 uon
1555 778 1705 828 sufficienter
1733 780 1766 828 sit
1784 780 1828 830 da·

474 860 645 908 monstratum,
666 868 714 902 nec
732 856 785 915 ejus
799 867 876 901 cansa
895 854 955 901 satis
975 854 1006 900 sit
1025 852 1162 914 perspicua.
1201 849 1314 899 Euclides
1333 852 1358 898 iu
1376 849 1539 914 catoptritis,
1559 849 1597 899 vel
1616 850 1722 914 quisquis
1742 858 1830 903 auctor

474 933 513 975 eat
530 924 595 973 illius
614 924 690 974 libelli
710 922 849 985 (Euclidem
868 925 932 972 euim
952 930 1004 972 tam
1023 923 1126 985 turpiter
1144 920 1241 983 lapsum
1260 937 1309 970 non
1329 919 1413 982 credo)
1433 936 1535 971 causam
1553 922 1628 970 relert
1645 923 1671 970 iu
1689 923 1828 984 portionem

475 996 568 1058 speculi
588 994 620 1051 C,
640 996 674 1044 rei
693 997 761 1043 visae
780 995 921 1043 normaliter
939 995 1088 1056 subjectam:
1108 991 1152 1041 sed
1171 991 1276 1047 fallitur,
1296 999 1324 1040 ιιι
1342 1000 1409 1042 recte
1423 1008 1508 1042 mones
1526 994 1550 1041 iu
1564 993 1760 1055 Paralipomenis
1779 995 1829 1043 tuia

475 1067 549 1131 (Cap.
568 1066 615 1116 ΙΙΙ.
636 1064 672 1126 l).
710 1068 762 1115 Etsi
783 1068 847 1115 euim
866 1067 1001 1129 portionem
1019 1064 1110 1127 speculi
1131 1063 1175 1111 CD
1195 1070 1274 1111 totam
1291 1079 1372 1128 usque
1391 1064 1423 1113 ad
1442 1063 1465 1112 D
1485 1064 1599 1119 auferas,
1624 1065 1720 1113 intacto
1738 1064 1829 1113 saltem

475 1137 561 1188 relicto
574 1145 665 1200 puncto
680 1138 817 1186 reflexionis
829 1136 867 1194 Ι),
888 1138 1042 1185 nihilominus
1062 1136 1144 1183 firmus
1164 1141 1249 1183 manet
1267 1135 1335 1183 locus
1354 1138 1515 1198 apparentiae
1528 1135 1556 1183 E.
1584 1134 1659 1184 Patet
1678 1149 1744 1198 crgo,
1764 1135 1829 1198 quod

476 1215 574 1271 praeter
601 1215 719 1272 punctum
744 1208 768 1257 D
797 1209 890 1272 reliqua
919 1208 1011 1270 speculi
1040 1206 1182 1269 superficies
1206 1206 1266 1253 nihil
1293 1206 1325 1253 ad
1343 1207 1408 1254 hanc
1434 1222 1485 1255 rem
1504 1207 1623 1255 conferat.
1660 1205 1725 1254 Tota
1745 1212 1829 1255 autem

475 1280 613 1329 reflexionis
632 1281 667 1328 ris
686 1279 811 1342 dependet
829 1295 845 1328 a
863 1286 954 1342 puncto
974 1278 1112 1327 reflexionis
1130 1276 1154 1324 D
1175 1284 1200 1326 et
1218 1277 1391 1339 perpendiculo
1410 1276 1474 1338 DK,
1502 1278 1625 1325 stantibus
1644 1263 1742 1339 punctis
1761 1279 1784 1326 Δ
1803 1283 1831 1325 et

476 1351 497 1399 B
516 1350 625 1415 legitime
644 1351 774 1413 dispositis.
800 1354 881 1415 Atque
900 1350 937 1399 his
956 1350 1067 1399 omnibus
1087 1347 1174 1396 eodem
1193 1348 1264 1395 modo
1278 1363 1306 1397 se
1323 1348 1486 1404 habentibus.
1506 1364 1550 1398 seu
1568 1350 1594 1396 in
1607 1348 1693 1397 eodem
1712 1349 1761 1396 situ
1774 1363 1829 1411 per-

476 1422 644 1478 manentibus,
664 1437 766 1471 necesse
785 1430 837 1479 est,
867 1423 1022 1471 reileriouem
1042 1420 1094 1469 fieri
1112 1420 1257 1469 uniformem
1281 1427 1305 1469 et
1318 1421 1398 1470 locurn
1416 1421 1531 1483 imaginis
1543 1435 1640 1482 semper
1651 1433 1752 1469 manere
1766 1434 1827 1469 cuu-

990 1539 997 1547 ,
1322 1494 1386 1541 dem.
1430 1492 1489 1539 Esto
1517 1492 1592 1554 igitur
1619 1493 1672 1552 jam
1699 1490 1827 1551 speculum

831 1548 883 1611 Fig.
905 1545 947 1592 ²⁰·
1322 1578 1455 1611 convexum
1481 1561 1564 1619 GDL,
1593 1569 1699 1624 tangens
1725 1561 1827 1624 planum

1324 1634 1389 1681 CDl'
1412 1636 1436 1681 in
1464 1641 1555 1695 puncto
1574 1633 1610 1687 Ι),
1640 1632 1734 1695 reliqna
1760 1647 1826 1687 roro,

1322 1712 1384 1768 puta
1403 1708 1439 1758 A,
1459 1703 1497 1758 D,
1518 1706 1553 1759 Β,
1582 1704 1621 1751 CF
1639 1711 1666 1750 ut
1684 1704 1750 1765 prius
1778 1705 1828 1752 sint

1323 1778 1447 1838 disposita.
1479 1775 1527 1823 Hic
1546 1776 1609 1824 ratio
1623 1774 1715 1830 dictat,
1735 1775 1825 1837 imagi-

1322 1862 1379 1896 nem
1407 1853 1435 1894 ut
1463 1847 1528 1909 prius
1557 1846 1723 1908 apparituram
1752 1846 1777 1891 in
1796 1844 1825 1899 E,

1323 1920 1381 1982 quia
1408 1920 1491 1966 omnia
1519 1917 1551 1965 ad
1569 1917 1726 1965 reflexionem
1745 1916 1825 1978 requi·

1323 1991 1372 2037 sita
1396 1991 1528 2037 immutata
1554 1988 1681 2049 pristinum
1705 1987 1825 2045 obtinent,

1323 2059 1519 2123 quandoquidem
1546 2064 1664 2121 punctum
1688 2058 1827 2106 reflexionis

1324 2130 1346 2180 D
1365 2132 1473 2195 speciem
1490 2130 1575 2192 puncti
1594 2132 1616 2177 A
1636 2144 1684 2177 non
1704 2128 1777 2177 aliter
1795 2127 1827 2177 ad

1324 2204 1399 2251 risum
1412 2203 1433 2251 B
1447 2201 1541 2250 deleme
1559 2206 1653 2263 potest,
1674 2214 1747 2262 quam
1760 2200 1827 2262 prius

1321 2274 1416 2322 iecerat
1433 2273 1459 2320 in
1472 2271 1572 2334 speculo
1580 2271 1663 2333 plano.
1689 2270 1735 2318 Est
1742 2278 1827 2318 autom

1322 2344 1345 2392 D
1364 2350 1482 2406 puuctum
1500 2342 1566 2391 idem
1584 2341 1649 2405 quod
1667 2343 1749 2403 prius,
1769 2342 1827 2404 quia

1208 2413 1215 2420 ’
1321 2416 1465 2478 supponitur
1492 2419 1611 2476 puuctum
1641 2419 1773 2470 contactus
1801 2418 1827 2459 et

1228 2537 1236 2543 ,
1321 2487 1416 2549 utrique
1443 2484 1580 2547 superficiei
1609 2484 1698 2546 planae
1723 2489 1750 2532 et
1768 2497 1825 2532 cou-

1320 2571 1397 2606 rexae
1416 2570 1553 2606 commune.
1591 2554 1637 2603 His
1654 2562 1740 2603 tamen
1757 2561 1826 2617 post·

1320 2628 1424 2683 habitis,
1449 2627 1524 2691 optici
1541 2626 1622 2675 locum
1641 2626 1756 2689 imaginis
1772 2628 1826 2686 jam

1321 2715 1370 2747 nou
1389 2699 1492 2761 amplius
1511 2698 1606 2746 iaciunt
1625 2697 1660 2754 E,
1688 2697 1733 2745 sed
1758 2696 1826 2744 illum

1321 2775 1485 2832 transponunt
1498 2770 1522 2816 in
1532 2767 1572 2827 hl,
1592 2773 1691 2831 propter
1702 2775 1827 2817 mutatum

1321 2842 1449 2890 cathetum
1467 2839 1619 2888 incidentiae
1636 2838 1679 2887 ΔΙ.
1707 2838 1825 2887 Similiter

1320 2914 1344 2959 in
1364 2911 1465 2973 speculo
1479 2924 1587 2959 coucaro
1600 2909 1683 2965 NDP‚
1703 2915 1826 2973 tangente

1321 2983 1420 3046 planum
1451 2981 1516 3029 CDl'
1544 2983 1568 3029 iu
1593 2988 1685 3044 puncto
1704 2979 1742 3036 Ι),
1769 2980 1824 3029 reli·

1321 3055 1374 3117 quis
1392 3053 1527 3102 immutatis
1550 3067 1651 3103 necesse
1679 3058 1718 3101 est
1735 3052 1825 3115 imagi·

1321 3139 1378 3173 nem
1396 3124 1434 3173 rel
1453 3132 1564 3172 centrum
1592 3124 1706 3187 imaginis
1724 3136 1824 3185 reprae-

1322 3197 1414 3244 sentari
1433 3202 1461 3243 ut
1480 3196 1511 3243 ab
1525 3196 1593 3242 initio
1607 3196 1631 3241 iu
1644 3194 1698 3242 loco
1712 3194 1741 3249 Ε,
1761 3193 1825 3257 quod

1323 3274 1410 3315 contra
1428 3267 1548 3314 rationem
1562 3266 1635 3327 optioi
1655 3264 1789 3312 detrudunt
1801 3265 1826 3311 in

1322 3338 1460 3400 (lpropter
1479 3336 1605 3385 cathetum
1625 3334 1678 3383 AN.
1711 3335 1748 3383 Ex
1772 3336 1825 3398 qui-

1321 3410 1364 3457 bus
1378 3409 1489 3457 omnibus
1508 3408 1597 3462 iniero.
1616 3408 1697 3455 locum
1710 3406 1826 3470 imaginis

1320 3496 1368 3528 uon
1389 3494 1442 3528 esse
1455 3481 1480 3527 in
1499 3479 1599 3527 catheto
1618 3478 1777 3533 incidentiae,
1797 3486 1826 3527 ut

1320 3552 1353 3600 illi
1367 3557 1489 3599 statuunt.
1514 3549 1601 3613 Neque
1620 3549 1753 3612 quidquam
1764 3551 1825 3611 juris
1862 3598 1868 3605 ,

469 3623 508 3671 hic
527 3621 603 3671 habet
622 3623 750 3677 cathetus,
770 3622 807 3671 rel
827 3623 846 3670 si
866 3621 922 3684 quid
942 3621 1032 3676 habet,
1051 3622 1128 3670 habet
1147 3622 1178 3670 ab
1198 3624 1288 3687 angulo
1308 3629 1390 3683 recto,
1418 3636 1489 3685 quern
1509 3622 1637 3669 constituit
1656 3635 1710 3668 cum
1730 3620 1825 3683 speculi

469 3693 613 3757 superficie,
635 3708 715 3758 aquo
735 3700 843 3742 meretur
861 3695 941 3741 vocari
962 3693 1084 3741 cathetus.
1113 3695 1147 3740 ht
1163 3696 1215 3754 jam
1235 3695 1376 3743 obstensnur
1390 3701 1440 3751 est,
1460 3692 1613 3755 superficiem
1632 3691 1700 3740 illam
1718 3691 1756 3740 vel
1770 3707 1824 3755 por·

469 3767 563 3813 tionem
583 3765 677 3827 speculi
695 3764 733 3813 lD
754 3765 790 3813 rel
809 3763 857 3812 Μ)
877 3764 926 3812 huo
945 3763 979 3811 nil
999 3765 1122 3820 conferre,
1153 3778 1229 3827 quare
1257 3780 1303 3814 uec
1323 3765 1428 3829 angulus
1447 3770 1528 3812 rectus
1550 3762 1624 3819 all),
1643 3777 1690 3811 uec
1709 3763 1826 3811 cathetus

470 3836 513 3884 ul.
552 3834 605 3884 Imo
625 3838 683 3898 quia
702 3842 756 3884 tota
774 3836 810 3883 ris
828 3836 966 3884 reflexionis
986 3836 1109 3898 dependet
1123 3850 1138 3883 a
1150 3844 1242 3897 puncto
1262 3837 1399 3885 reflexionis
1419 3833 1441 3882 D
1462 3843 1488 3883 et
1505 3833 1678 3896 perpendiculo
1692 3832 1752 3889 DK,
1772 3836 1825 3897 qui·

469 3908 514 3955 bus
532 3906 592 3954 nihil
611 3908 704 3970 negotii
724 3914 762 3955 est
781 3922 837 3955 curu
856 3907 956 3955 catheto
975 3905 1009 3954 Al
1028 3906 1065 3954 vel
1085 3906 1148 3967 AN,
1169 3909 1293 3970 sequitur,
1324 3907 1382 3955 nihil
1402 3908 1426 3953 in
1446 3906 1577 3954 reflexione
1597 3920 1666 3968 esse,
1696 3904 1761 3967 quod
1779 3905 1825 3954 sibi

470 3978 596 4027 vindicare
615 3979 692 4039 possit
711 3977 833 4027 cathetus.
871 3978 977 4026 Videtur
994 3978 1053 4025 mihi
1073 3978 1180 4026 oificinnr
1199 3980 1282 4040 puncti
1296 3978 1319 4027 D
1334 3993 1403 4033 esse,
1423 3985 1451 4024 ut
1468 3977 1576 4039 spetiem
1594 3976 1684 4038 objecti
1702 3975 1735 4023 ad
1746 3977 1826 4024 risum

469 4050 596 4097 reflectat:
615 4048 781 4111 perpendiculi
801 4063 857 4097 vero
870 4048 936 4102 DK,
956 4057 984 4096 ut
1002 4050 1135 4113 imaginem
1154 4064 1199 4111 per
1217 4051 1373 4098 reflexionem
1393 4046 1557 4097 exhibendam
1576 4048 1666 4111 dirigat
1686 4053 1712 4095 et
1730 4046 1828 4096 ordinet

470 4134 501 4168 ao
521 4119 630 4184 legitime
651 4120 762 4182 collocet.
800 4120 865 4169 Nam
894 4122 926 4169 ad
945 4119 1016 4181 huius
1044 4122 1221 4183 praescriptum
1249 4123 1350 4186 erigitur
1375 4118 1515 4182 superficies
1533 4119 1672 4167 reflexionis
1690 4117 1825 4168 AEDBK:

469 4191 541 4252 hujus
560 4191 636 4240 ductu
655 4207 750 4255 quoque
770 4199 838 4240 recta
857 4192 989 4240 intrarem
1009 4193 1085 4239 visam
1105 4192 1247 4254 deprimitur
1260 4194 1340 4256 imago
1355 4193 1387 4247 E,
1407 4194 1443 4238 ita
1461 4197 1489 4238 ut
1507 4189 1573 4238 linea
1586 4190 1630 4237 ΑΕ
1649 4186 1725 4254 (quae
1742 4189 1826 4252 paral·

468 4261 518 4309 lela
537 4263 715 4324 apparentiae,
745 4265 769 4311 in
790 4276 838 4325 qua
856 4263 952 4312 scilicet
971 4270 996 4310 ot
1014 4278 1052 4311 res
1071 4265 1125 4324 ipsa
1143 4271 1169 4310 et
1189 4264 1270 4329 imago
1289 4268 1342 4327 eJ'us
1361 4268 1479 4326 apparet,
1506 4276 1555 4309 non
1578 4262 1661 4324 inepte
1679 4261 1761 4310 vocari
1780 4275 1825 4324 po·

468 4328 529 4392 test)
559 4334 592 4379 sit
620 4335 642 4380 ei
665 4334 848 4397 aequidistans,
877 4348 940 4397 quae
969 4335 1106 4382 necessario
1134 4335 1159 4381 in
1188 4335 1341 4396 superficiem
1370 4334 1506 4382 reflexionis
1529 4333 1617 4380 incidit
1639 4339 1665 4382 et
1683 4346 1740 4380 cum
1758 4331 1827 4382 linea

468 4403 606 4463 relictionis
619 4405 645 4452 in
663 4413 754 4467 puncto
774 4404 938 4454 Econcurrit.
964 4404 996 4452 Et
1015 4406 1124 4469 quamvis
1142 4406 1168 4452 in
1187 4406 1292 4468 speculis
1311 4406 1390 4469 planis
1409 4405 1491 4468 imago
1509 4404 1530 4451 E
1548 4405 1574 4451 iu
1593 4404 1693 4453 catheto
1711 4402 1825 4453 inciden-

469 4475 520 4522 tiae
541 4477 665 4532 cernitur,
684 4477 709 4524 id
728 4483 812 4525 tamen
832 4492 881 4525 uon
901 4476 943 4531 fit,
963 4477 1021 4538 quia
1041 4476 1108 4523 ΔΗΕ
1129 4483 1166 4524 est
1186 4477 1313 4533 cathetus,
1333 4477 1377 4525 sed
1395 4477 1453 4539 quia
1472 4476 1504 4523 ad
1523 4477 1699 4538 praescriptum
1718 4489 1825 4539 perpeu·

469 4545 543 4594 diculi
563 4545 613 4594 KD
633 4547 709 4596 ducta
727 4549 749 4596 ei
770 4554 808 4596 est
835 4546 962 4609 parallelo.
1000 4547 1028 4595 lu
1050 4549 1163 4596 connexis
1190 4557 1273 4597 autem
1293 4556 1319 4597 et
1337 4548 1451 4597 concavis
1470 4546 1576 4610 speculis
1595 4546 1657 4596 alius
1677 4552 1716 4595 est
1737 4546 1824 4596 cathe-

460 4619 507 4664 'tus
527 4632 543 4665 a
560 4618 688 4680 paralion,
708 4634 788 4683 neque
808 4618 908 4667 ductum
927 4621 1036 4682 sequitur
1053 4619 1228 4682 perpendiculi.
1261 4619 1320 4668 ideo
1338 4622 1421 4683 imago
1439 4633 1489 4666 non
1515 4622 1619 4681 apparet
1636 4619 1661 4667 in
1687 4632 1730 4678 eo,
1760 4616 1826 4683 quod

468 4689 540 4736 variis
560 4688 639 4736 modis
659 4691 810 4751 experientia
834 4690 977 4748 confirmat,
1005 4690 1113 4738 adhibito
1132 4691 1231 4753 speculo
1251 4706 1359 4739 concavo
1381 4692 1464 4751 justae
1484 4690 1639 4752 quantitatis.
1677 4688 1738 4738 Esto
1758 4689 1826 4738 enim

468 4760 519 4808 tale
538 4760 664 4823 speculum
683 4760 753 4809 BHG
773 4760 826 4825 (fig.
838 4757 898 4820 21),
919 4764 987 4823 cujus
1008 4760 1154 4812 centrumD
1174 4770 1200 4810 et
1218 4763 1295 4823 stylus
1314 4762 1351 4811 vel
1370 4760 1473 4809 bacillus
1492 4760 1635 4809 normaliter
1653 4767 1752 4809 erectus
1765 4759 1825 4816 flu.

469 4832 540 4892 cuius
560 4837 694 4879 extremum
714 4832 790 4881 cadat
807 4833 832 4880 in
853 4839 962 4881 centrum
982 4832 1082 4895 speculi.
1109 4831 1202 4881 Oculus
1221 4849 1277 4881 rero
1296 4834 1329 4881 sit
1346 4836 1371 4881 in
1391 4834 1425 4887 A,
1445 4846 1475 4880 ex
1493 4846 1540 4894 quo
1560 4831 1643 4880 radius
1662 4832 1764 4880 visualis
1782 4832 1825 4881 de-

468 4900 589 4950 scendeus
609 4902 652 4949 ΑΕ
679 4904 711 4951 sit
729 4903 862 4965 parallelus
881 4903 969 4954 bacillo
989 4903 1052 4963 ΒΗ,
1081 4909 1107 4951 et
1124 4905 1268 4953 reflectatur
1286 4907 1311 4953 iu
1330 4906 1357 4953 T.
1397 4903 1477 4951 Cadet
1495 4902 1516 4951 T
1534 4911 1653 4963 punctum
1677 4916 1825 4967 properus·

469 4971 535 5020 dium
553 4972 634 5021 bacilli
654 4974 780 5030 inlocum,
800 4989 872 5037 quern
894 4974 1185 5037 erParalipomeuistuis
1197 4985 1309 5025 mutuato
1329 4977 1427 5025 uomiue
1446 4974 1526 5023 locuni
1546 4974 1685 5037 appellabo,
1704 4974 1826 5041 siquidem

466 5043 529 5091 radii
549 5042 612 5091 Solis
630 5044 743 5108 paralleli
761 5046 786 5092 in
805 5045 899 5107 speculi
916 5045 1038 5107 sphaerici
1064 5052 1205 5094 sextantem
1223 5049 1360 5097 incidentes
1384 5047 1416 5095 ibi
1436 5046 1583 5110 colliguntur
1601 5052 1628 5094 et
1645 5048 1670 5094 in
1690 5052 1827 5112 angustum

467 5115 784 5180 spatium‘contrabuutur,
804 5124 831 5163 ut
849 5130 901 5164 rem
918 5115 975 5165 illuc
994 5118 1100 5180 positam
1119 5117 1233 5167 adurant.
1262 5118 1368 5169 Notetur
1386 5116 1535 5181 punctum'l'
1554 5123 1695 5172 atramento
1714 5116 1825 5171 vaiecra
