4584 6192
473 627 538 697 686
953 630 993 681 Da
1011 630 1091 681 Stella
1106 629 1179 681 Non
1197 628 1348 696 Serpentsrll

469 808 580 873 meriut
603 815 675 871 aute
689 808 786 871 lucem
811 818 993 889 susceptam,
1018 809 1047 871 id
1061 807 1201 872 Fabricio
1225 808 1366 887 theologo
1389 805 1557 887 ceterisque
1574 805 1713 888 physicis
1737 807 1829 870 reliu-

469 904 565 982 quuut
587 897 824 981 expendendum.
871 897 937 976 Ego
965 899 1079 978 pridem
1108 900 1187 959 hanc
1217 896 1372 978 physicam
1396 915 1432 957 ex
1456 895 1644 958 astronomia
1674 896 1828 977 ingressus

468 985 720 1067 disquisitionem,
745 994 872 1066 quatuor
893 987 1025 1049 Fabricii
1048 988 1190 1061 rationes,
1215 985 1322 1068 quibus
1345 1003 1453 1065 corpus
1476 984 1583 1046 sideris
1607 984 1742 1063 probare
1765 985 1827 1048 mit

469 1094 589 1156 semper
612 1075 782 1148 exstitisse,
807 1076 984 1154 expendam.
1038 1077 1138 1138 Primo
1168 1076 1283 1137 Lunam
1322 1073 1366 1134 ait
1392 1091 1484 1152 saepe
1509 1073 1676 1152 exstingui,
1711 1081 1828 1136 retento

470 1182 620 1244 corpure;
652 1163 709 1224 hoc
732 1164 812 1224 idem
835 1182 907 1242 ergo
931 1172 962 1225 et
986 1166 1023 1225 de
1047 1165 1178 1225 insolitis
1201 1163 1298 1226 stellis
1322 1162 1474 1225 credibile.
1512 1162 1600 1241 h'ego
1624 1161 1682 1224 tibi
1700 1161 1828 1238 Fabrici,

469 1250 760 1315 verisimilitudinem
780 1252 818 1312 ab
836 1252 894 1314 hoc
918 1254 1053 1333 exemplo
1077 1254 1181 1333 sequi;
1205 1252 1393 1333 possibilitas
1408 1251 1451 1311 rei
1470 1251 1658 1312 solummodo
1681 1250 1825 1332 sequitur,

470 1341 496 1403 si
520 1341 640 1402 aliunde
671 1341 863 1416 conjecturae
895 1350 1073 1421 suppetant,
1108 1361 1184 1420 quae
1207 1361 1269 1403 rem
1298 1341 1393 1420 ipsam
1426 1339 1584 1401 suadeant.
1632 1339 1705 1402 Non
1739 1339 1827 1420 igitur

470 1437 676 1510 argumentum
700 1430 800 1504 affers,
825 1430 879 1491 sed
898 1431 1068 1510 scmpulum
1091 1431 1183 1506 tollis,
1208 1431 1233 1491 si
1254 1448 1330 1509 quae
1350 1430 1427 1490 iorte
1447 1436 1626 1507 argumenta
1645 1439 1826 1510 sequautur:

470 1517 518 1578 siu
540 1517 653 1590 minus,
683 1537 721 1578 ne
744 1518 902 1597 scmpulus
926 1519 1044 1598 quidem
1067 1519 1141 1593 erit3
1174 1519 1322 1580 neminem
1347 1518 1424 1577 enim
1454 1517 1610 1596 scmpulus
1635 1525 1743 1596 urget,
1775 1513 1827 1579 nisi

469 1606 647 1668 calceatum.
695 1606 834 1668 Altemm
857 1616 1064 1685 argumentum
1088 1608 1171 1668 ducit
1194 1628 1212 1667 a
1236 1615 1317 1668 rnatu
1346 1615 1548 1667 cometamm:
1578 1605 1607 1666 iu
1635 1623 1695 1685 quo
1720 1605 1827 1668 mora·-

470 1695 545 1757 tatis
569 1693 682 1774 aliquid
705 1694 820 1755 invenit
843 1695 940 1756 simile
970 1696 1101 1775 planetis
1131 1696 1330 1775 perennibus,
1359 1703 1393 1757 ut
1416 1703 1464 1755 est
1486 1694 1599 1768 statio,
1629 1703 1826 1770 retrocearus,

469 1783 597 1845 intentio
621 1767 653 1844 ei
680 1782 815 1844 remissio
848 1791 958 1844 motus.
1005 1786 1112 1864 Itaque
1144 1795 1233 1864 putat
1263 1793 1295 1845 et
1326 1801 1452 1864 corpora
1483 1792 1671 1845 cometamm
1705 1791 1826 1865 propter

469 1872 546 1933 hauc
570 1871 759 1933 divinitatem
783 1890 850 1932 esse
873 1873 1025 1953 perennia,
1052 1893 1106 1935 nec
1130 1892 1196 1934 cum
1221 1874 1336 1952 fulgore
1355 1893 1409 1933 suo
1432 1871 1582 1935 exstincto
1607 1872 1717 1934 statim
1742 1871 1826 1934 auni-

469 1959 568 2022 hilari.
614 1957 732 2030 Quodsi
754 1968 889 2022 cometae
914 1962 1007 2032 tales,
1039 1981 1164 2041 pronum
1188 1962 1281 2041 igitur
1303 1961 1440 2032 credere,
1474 1968 1506 2020 et
1528 1979 1608 2022 nora
1631 1960 1739 2023 sidera
1760 1977 1825 2022 esse

469 2049 555 2111 talia.
592 2048 708 2111 Umbra
732 2067 787 2110 uos
810 2050 882 2111 ieris
905 2050 1070 2124 oFabrici,
1097 2051 1182 2111 utin
1207 2051 1387 2112 sententiam
1412 2057 1494 2109 tuam
1519 2049 1562 2111 ire
1585 2067 1694 2129 cogas,
1719 2047 1825 2130 perita

469 2154 590 2217 pecora.
637 2137 718 2199 Nam
741 2136 811 2217 quid
834 2138 927 2199 motui
951 2147 1134 2201 cometarum
1159 2159 1225 2201 cum
1248 2138 1458 2200 immobilitate
1482 2137 1570 2218 hujus
1593 2139 1705 2200 Novae
1728 2137 1825 2202 aaut

360 2227 365 2236 '
470 2223 505 2288 si
528 2244 566 2287 ex
588 2234 673 2288 motu
704 2233 888 2288 cometarum
919 2227 1127 2297 divinitatem,
1159 2248 1198 2289 ex
1220 2229 1278 2289 hac
1301 2226 1521 2308 perennitatem
1554 2227 1693 2289 astruis:
1727 2233 1827 2290 nom

469 2314 562 2395 igitur
585 2315 676 2376 sideri
699 2322 812 2376 motum
836 2315 981 2391 adimens,
1006 2316 1196 2378 divinitatem
1220 2318 1310 2378 etiam
1335 2324 1366 2377 et
1388 2335 1448 2377 uua
1471 2316 1719 2396 perpetuitatem,
1743 2331 1825 2398 quam

470 2411 605 2466 astruere
628 2404 778 2477 volueras,
801 2404 946 2483 eripuisti.
993 2404 1125 2480 Deinde,
1150 2426 1225 2488 quos
1248 2413 1281 2466 tu
1304 2412 1492 2466 retrocessus
1521 2404 1684 2466 admiraris
1707 2406 1738 2467 in
1760 2403 1826 2486 pls·

469 2492 549 2554 netis
574 2511 707 2573 quasque
731 2491 880 2554 stationes
905 2501 937 2553 et
960 2512 1034 2573 quas
1062 2503 1195 2556 motuum
1224 2493 1478 2574 inaequalitates:
1511 2512 1565 2554 eae
1589 2493 1742 2555 hacteuus
1765 2501 1829 2554 tun-¹

469 2588 574 2642 serant
595 2580 737 2662 physicos
757 2582 825 2660 jure
849 2581 966 2653 merito,
989 2590 1023 2643 ut
1041 2601 1091 2644 res
1115 2581 1344 2663 trajectionibus
1363 2582 1475 2643 nostris
1499 2581 1716 2643 sublunaribus
1740 2579 1824 2644 fami·

469 2670 570 2743 liares,
595 2669 705 2731 divinis
724 2669 784 2730 illis
802 2677 835 2731 et
848 2670 1028 2749 perennibus
1052 2672 1225 2751 corporibus
1248 2672 1437 2750 planetarum
1461 2688 1566 2748 pamm
1582 2679 1687 2750 aptae.
1721 2671 1825 2752 Itaque

468 2757 583 2819 inventi
606 2765 677 2819 sunt
699 2755 884 2838 Copemicus
907 2777 946 2820 ex
968 2761 1175 2821 vetustissimo
1198 2760 1377 2822 Aristarcho
1401 2777 1505 2833 nurus,
1531 2768 1563 2820 et
1586 2760 1693 2840 Tycha
1717 2759 1823 2828 Brahs.

469 2846 518 2926 qui
542 2846 715 2909 turbulenta
740 2846 839 2908 istae
864 2848 947 2908 coelo
970 2855 1126 2910 tentarent
1150 2850 1276 2911 tollere:
1306 2848 1383 2929 quod
1409 2846 1582 2909 felicissime
1610 2847 1736 2928 quidem
1758 2867 1823 2910 suc·

469 2934 572 2997 cessit.
618 2936 727 3016 Itaque
748 2955 803 3017 per
825 2935 966 3017 planetas
994 2938 1113 3018 quidem
1140 2937 1226 2999 nobis
1250 2945 1298 2999 est
1328 2936 1490 3015 integrum,
1520 2943 1659 2998 cometas
1680 2946 1753 3001 tuos
1775 2935 1823 2999 sub

468 3023 587 3085 Lunam
610 3024 769 3087 detrudere
793 3033 825 3087 et
848 3025 1009 3086 mutationi
1037 3026 1185 3106 subjicere
1218 3027 1323 3087 eodem
1356 3032 1546 3104 argumento,
1580 3045 1639 3106 quo
1666 3033 1699 3087 tu
1724 3026 1826 3088 eaden

469 3110 576 3174 niteris
600 3113 773 3175 aeternitati
797 3133 994 3176 consecrare:
1023 3115 1081 3176 uisi
1105 3115 1196 3177 etiam
1219 3115 1257 3177 ab
1281 3113 1327 3175 his
1351 3115 1457 3175 eadem
1485 3114 1672 3177 dexteritate
1695 3116 1822 3198 phanta-

469 3200 532 3262 sias
560 3200 637 3264 istas
669 3201 833 3263 stationum
857 3212 890 3263 et
916 3204 1209 3282 retrogradatiouum
1241 3203 1421 3277 abstuleris,
1452 3222 1577 3284 eumque
1609 3211 1749 3280 motum,
1782 3199 1824 3285 qui

469 3289 653 3368 superfuerit
683 3290 757 3371 ipsis
789 3292 915 3352 cometis
945 3310 998 3370 per
1025 3311 1092 3354 sese
1125 3294 1300 3355 enucleatus
1324 3292 1362 3353 ab
1391 3292 1448 3353 hac
1472 3292 1674 3373 apparentia,
1710 3293 1823 3375 penitus

472 3377 649 3440 circularem
672 3379 914 3460 deprehenderis.

557 3469 603 3530 At
635 3468 769 3530 liberabo
803 3477 832 3528 te
864 3469 976 3530 labore.
1023 3467 1152 3529 Tentavi
1186 3488 1247 3530 rem
1281 3468 1346 3548 ipse
1379 3486 1510 3548 quoque,
1546 3476 1580 3529 ut
1611 3468 1703 3530 vides
1735 3489 1779 3531 me
1800 3468 1823 3528 iu

424 3559 427 3563 ’
469 3553 589 3635 Opticis
611 3559 790 3638 professum.
838 3557 943 3637 ltaque
967 3564 1081 3617 remoto
1105 3557 1156 3617 illo
1180 3567 1276 3630 motu,
1303 3557 1351 3637 qui
1375 3558 1501 3617 cometis
1533 3557 1771 3634 consiliabatur,
1793 3557 1822 3618 ob

469 3644 620 3726 Tychonis
650 3655 683 3707 et
711 3644 869 3725 Caperuici
902 3646 1004 3707 orbem
1036 3664 1182 3721 aunuum,
1217 3645 1441 3728 relinquebatur
1472 3663 1531 3706 non
1563 3645 1744 3722 circularis,
1776 3645 1821 3708 sed

468 3733 587 3795 omuino
618 3742 719 3796 rectus
747 3743 780 3794 ut
808 3734 968 3814 plurimum
993 3744 1024 3796 et
1052 3735 1264 3814 trajectiouum
1288 3734 1455 3795 simillimus
1487 3743 1597 3795 motus.
1648 3735 1721 3800 Nisi
1753 3731 1821 3818 quod

470 3821 549 3883 idem
572 3841 627 3902 per
651 3823 737 3902 plura
765 3823 865 3884 media
892 3825 954 3886 fieri
983 3832 1105 3904 potest:
1134 3825 1212 3884 unde
1235 3824 1371 3884 Braheus
1395 3832 1428 3883 et
1450 3823 1636 3885 Maestliuus
1659 3824 1691 3885 in
1717 3831 1823 3888 eomeb

469 3911 540 3973 anni
569 3909 665 3974 1577.
690 3911 782 3972 etiam
806 3912 934 3974 circulos
958 3912 1166 3974 diversissima
1190 3913 1307 3993 quidem
1331 3913 1447 3973 ratione
1471 3912 1698 3991 excogitarunt.
1735 3915 1823 3994 Atqu·

469 4017 536 4079 ego,
562 4000 619 4061 nisi
644 4000 707 4061 alia
729 4000 869 4062 haberem
894 4011 1086 4081 argumenta,
1111 4002 1217 4081 quibus
1242 4001 1367 4062 cometis
1390 4003 1505 4062 coelum
1529 3999 1670 4080 assigno,
1703 4023 1759 4086 par
1778 4003 1823 4065 hot

468 4095 553 4150 tuum
584 4096 791 4169 argumentum
821 4089 890 4151 illos
922 4091 1010 4152 facile
1044 4089 1099 4150 sub
1129 4089 1217 4151 Luna
1248 4090 1394 4152 diversari
1426 4099 1556 4170 paterer.
1615 4090 1706 4155 Haec
1737 4095 1823 4173 itaqu

468 4177 601 4238 secunda
624 4177 853 4240 verisimilitudo
878 4178 932 4240 tibi
956 4177 1064 4241 recidit
1085 4177 1115 4238 in
1139 4179 1333 4242 contrarium.

558 4265 692 4327 Tertiam
707 4265 1002 4329 Fabricius'iudicat
1024 4269 1237 4347 conjecturam,
1262 4268 1340 4348 quod
1355 4267 1456 4328 hiatus
1481 4266 1668 4330 successerit
1692 4268 1724 4331 in
1742 4269 1824 4331 loon

466 4353 536 4416 novi
569 4353 698 4429 sideris,
729 4356 808 4434 quod
838 4356 997 4417 effulserat
1024 4375 1101 4417 anno
1137 4355 1230 4419 1572.
1264 4356 1504 4435 exstinctumque
1535 4364 1585 4416 est
1622 4375 1706 4419 auno
1742 4349 1823 4423 1574.

467 4443 587 4505 Braheo
607 4451 688 4504 teste
708 4444 759 4505 iol.
776 4440 840 4507 795
865 4455 1170 4527 progymnasmatum.
1207 4446 1294 4508 Hunc
1313 4446 1428 4507 hiatum
1444 4443 1601 4506 Fabricius
1626 4455 1724 4525 putat
1742 4447 1824 4528 ipsu

467 4532 578 4593 stellae
603 4549 725 4611 corpus,
757 4532 918 4613 spoliatum
945 4534 1064 4596 lumine.
1112 4532 1145 4595 Si
1170 4535 1227 4595 hoc
1250 4533 1379 4595 credidit
1401 4532 1574 4607 Fabricius,
1608 4533 1732 4599 hiatum
1754 4534 1825 4600 illm

466 4639 535 4681 esse
559 4638 668 4700 corpus
691 4621 820 4682 stellae:
841 4623 957 4701 justam
983 4625 1080 4685 fateor
1103 4622 1244 4684 habuisse
1269 4642 1390 4685 causam
1415 4620 1561 4683 condendi
1582 4623 1656 4685 nori
1684 4621 1825 4708 dogmat·

465 4726 521 4788 per
542 4729 576 4772 se
600 4708 718 4789 quidem
742 4709 885 4772 informis.
931 4709 1008 4782 Quis
1032 4712 1111 4774 enim
1135 4712 1230 4774 oculis
1259 4711 1462 4793 obloquatur?
1494 4711 1539 4772 At
1561 4729 1672 4792 spero,
1705 4734 1752 4777 me
1772 4713 1824 4777 Fa·

466 4796 561 4859 bricio
584 4797 740 4877 ingenioso
763 4799 875 4861 homini
900 4810 1071 4881 erepturum
1099 4801 1191 4862 istam
1218 4801 1453 4881 persuasionem.
1499 4799 1635 4864 Primum
1661 4804 1750 4867 addit
1770 4803 1824 4884 ipss

466 4887 667 4966 quantitatem
691 4886 758 4961 loci,
793 4889 950 4968 aequalem
973 4890 1077 4951 Lunae
1101 4889 1296 4970 semiplenae.
1344 4889 1444 4952 Stella
1470 4908 1542 4950 vero
1573 4890 1643 4970 ejus
1675 4893 1748 4956 anni
1769 4905 1824 4955 οιΙ

466 4973 545 5035 omui
569 4974 721 5036 radiorum
745 4977 947 5056 explicatione
967 4980 1059 5059 (quae
1082 4979 1163 5040 solet
1185 4997 1358 5057 procurrere
1379 4978 1557 5042 adsensum
1583 4981 1670 5042 ultra
1694 4982 1826 5046 tammo·

466 5065 641 5141 corporum)
665 5063 723 5124 luit
745 5064 841 5128 minor
866 5066 995 5127 Venere.
1042 5067 1085 5130 Ut
1108 5066 1181 5128 uihil
1201 5067 1265 5146 jam
1294 5068 1409 5141 dicam,
1433 5068 1562 5148 quodsi
1588 5069 1705 5133 stellae
1729 5085 1826 5151 corp!

465 5149 594 5226 ridetur,
617 5152 784 5231 perlumen
809 5154 900 5237 igitur
923 5154 1062 5218 videatur
1069 5175 1080 5232 ;
1103 5156 1196 5218 stella
1214 5156 1305 5238 igitur
1321 5157 1452 5218 nondum
1476 5157 1634 5221 exstincta
1655 5159 1719 5224 sit:
1742 5171 1824 5240 neq·
1867 5165 1868 5172 ’
