4584 6192
468 579 544 660 744
562 525 580 566 1
953 578 993 631 De
1012 579 1092 631 Stella
1106 578 1179 632 Nora
1196 543 1347 643 Sarpeirtarii

474 765 620 832 Pellimur
641 761 680 824 ab
703 758 817 826 oriente
828 757 871 818 ‘in
894 756 1088 831 occidentem,
1111 756 1154 836 ibi
1175 776 1232 818 nos
1255 773 1385 817 oceanus
1408 751 1537 832 excipit,
1561 759 1640 816 sunt
1662 753 1710 816 ad
1731 773 1843 819 manus

475 864 559 921 artes
581 858 613 913 et
634 847 795 928 navigandi
817 846 927 926 peritia
950 847 1107 925 stupenda,
1131 854 1164 907 ot
1185 846 1378 907 crebrescens
1400 842 1432 904 in
1446 842 1514 904 dies
1538 842 1684 906 studium
1708 844 1844 910 adeundi

415 930 419 939 ¹
474 963 571 1009 novas
594 939 719 1018 Indiae,
753 936 817 998 Nec
840 935 950 1002 desunt
970 934 1116 1015 exempla
1138 954 1176 995 ex
1197 932 1396 1013 antiquitate,
1424 929 1578 1012 quomodo
1611 940 1732 1012 gentes
1752 932 1843 996 aliae

476 1034 554 1099 alias
592 1024 775 1109 expulerint,
811 1025 983 1105 plerumque
1022 1023 1183 1105 Scythicae
1217 1023 1411 1102 Europaeas,
1446 1020 1629 1102 plerumque
1670 1022 1843 1086 orientales

478 1121 630 1193 occiduas.
669 1111 751 1187 Quid
769 1113 795 1175 si
820 1131 891 1193 ergo
913 1114 1020 1193 ingens
1043 1112 1145 1193 aliqua
1166 1112 1262 1178 instat
1284 1109 1400 1173 ἀποικια
1422 1128 1460 1171 ex
1481 1108 1633 1172 universa
1656 1111 1793 1194 Europa
1813 1112 1845 1175 in

475 1212 547 1276 illos
570 1202 718 1270 seriarum
745 1210 881 1275 tractus,
912 1210 944 1263 et
964 1202 1147 1282 propagatio
1174 1200 1242 1276 fidei
1267 1199 1461 1284 Christianae
1488 1199 1572 1274 inter
1605 1199 1788 1277 barbaros,
1815 1209 1846 1264 et

475 1289 626 1363 traductio
649 1292 767 1356 illorum
789 1290 829 1352 ad
858 1290 1050 1365 civilitatem,
1073 1297 1106 1352 et
1126 1309 1186 1352 non
1208 1288 1386 1370 parentium,
1409 1296 1444 1349 nt
1466 1287 1538 1350 olim
1563 1286 1842 1368 chananaeorum,

476 1397 612 1459 extrema
626 1379 828 1461 exstirpatio?
852 1378 1004 1450 Quorsum
1017 1380 1143 1459 digitum
1161 1377 1291 1441 intendit
1305 1396 1343 1440 ex
1356 1377 1544 1440 astronomia
1559 1378 1706 1441 circulus
1722 1380 1843 1455 stellae,

464 1496 515 1541 ex
537 1469 705 1549 astrologia
727 1468 888 1548 Sagittarii
910 1468 1027 1548 signum
1051 1477 1083 1529 et
1103 1468 1242 1548 trigonus
1264 1467 1384 1547 igneus,
1412 1486 1500 1548 quem
1527 1468 1694 1548 astrologi
1718 1470 1845 1533 credunt

475 1567 578 1630 favere
609 1558 747 1638 religioni
761 1556 983 1645 Christianae,
1012 1564 1100 1644 utet
1128 1557 1242 1637 spicam
1264 1555 1418 1637 Virginis,
1448 1574 1516 1618 cum
1543 1576 1629 1637 qua,
1656 1566 1697 1620 ut
1725 1559 1844 1622 notavit

473 1654 630 1724 Bidinus,
654 1646 709 1711 Sel
732 1647 818 1708 stetit
839 1646 894 1707 sub
917 1656 1023 1708 exortu
1046 1646 1154 1708 stellae
1177 1645 1280 1708 sextili
1301 1646 1473 1708 illustratus
1495 1666 1515 1705 a
1537 1646 1663 1708 stella?
1695 1646 1843 1714 Penimns

474 1744 599 1826 quippe,
627 1740 726 1801 Deum
755 1735 804 1797 his
832 1734 878 1796 uti
909 1735 1103 1817 conceptibus
1134 1735 1356 1819 astrologorum
1383 1735 1431 1820 ad¹
1449 1734 1695 1813 significandum
1729 1736 1841 1820 ahquid

456 1828 658 1898 ,hominibus
1662 1891 1665 1900 ,

564 1924 822 1992 circumferuntur
856 1920 971 2002 passim
1006 1921 1151 1985 vaticinia
1182 1923 1479 1996 llahumetanorum,
1521 1940 1562 1982 ex
1600 1923 1724 2004 quibus
1758 1924 1839 1990 multi

474 2019 613 2082 evincere
633 2012 750 2087 volunt,
773 2011 830 2072 hoe
848 2028 916 2072 esse
938 2018 1067 2093 tempus,
1090 2031 1147 2093 quo
1167 2012 1209 2073 sit
1229 2011 1389 2074 interitura
1410 2010 1545 2093 ipsorum
1568 2012 1710 2093 religio:
1736 2014 1838 2095 quibus

474 2106 618 2191 placebit,
640 2104 738 2167 Deum
760 2100 816 2172 hoc
838 2099 936 2179 ipsum
958 2100 1091 2162 indicare
1113 2100 1261 2176 voluisse,
1275 2177 1278 2183 .
1293 2101 1417 2162 incensa
1445 2120 1525 2163 nova
1549 2101 1652 2186 stella
1676 2104 1711 2165 in
1737 2103 1837 2184 Sagit-

476 2197 566 2271 tario,
589 2211 665 2275 quae
688 2185 737 2253 est
757 2188 921 2272 triplicitas
940 2188 1022 2252 Solis
1042 2199 1073 2251 et
1086 2191 1208 2265 Martis,
1231 2191 1337 2262 domus
1359 2189 1467 2264 Jovis;
1491 2209 1560 2251 curn
1584 2190 1648 2254 Sol
1668 2201 1706 2254 et
1722 2193 1837 2274 Jupiter

477 2283 660 2350 Christianis
697 2278 799 2341 favere
838 2277 954 2340 dicatur
985 2279 1023 2342 ab
1059 2279 1222 2359 astrologis
1255 2282 1395 2361 (quorum
1430 2279 1633 2359 conceptibus
1673 2284 1766 2364 Dens
1799 2281 1836 2345 uti

474 2374 620 2457 ponitur),
644 2372 730 2434 Mars
751 2385 824 2429 vero
847 2367 962 2429 Turcis.
998 2369 1041 2430 Et
1061 2368 1182 2450 quidem
1205 2368 1297 2431 stella
1318 2368 1415 2450 magis
1439 2386 1506 2429 cum
1528 2370 1612 2432 Jove
1638 2371 1836 2434 concordavit

474 2464 507 2527 in
528 2460 698 2526 latitudinis
718 2456 826 2537 plaga,
848 2458 934 2518 Mars
957 2476 1030 2519 vero
1053 2458 1111 2520 fuit
1132 2457 1164 2519 in
1183 2457 1316 2520 maxima
1344 2456 1503 2520 latitudine
1527 2460 1683 2536 australi,
1710 2461 1764 2543 qui
1785 2461 1834 2523 bat

473 2553 541 2639 vice
564 2570 632 2615 esse
654 2546 753 2630 potuit
775 2546 936 2625 depressus
954 2545 1054 2626 igitur.
1091 2548 1171 2609 Hinc
1193 2548 1320 2609 victoria
1341 2546 1498 2626 religionis
1514 2546 1728 2612 Christianae
1752 2568 1834 2630 supra

474 2643 632 2726 'lhrcictm
654 2633 837 2713 astrologice
855 2636 1054 2698 concluditur.
1102 2635 1219 2707 Quodsi
1246 2636 1422 2698 hodiernum
1446 2635 1705 2701 Christianorum
1729 2639 1833 2714 cultum

473 2731 634 2814 inspicias,
662 2743 814 2806 nunqnam
836 2724 914 2785 forte
942 2724 1082 2787 meliores
1113 2723 1288 2787 occasiones
1310 2744 1400 2806 qnam
1422 2724 1531 2787 hodie:
1562 2730 1749 2808 perpendat
1775 2745 1831 2791 ren

472 2816 569 2885 lecto'r
592 2837 693 2882 secum
716 2815 789 2895 ipse.
835 2813 885 2876 An
905 2822 953 2875 est
975 2814 1161 2896 impossibile
1179 2816 1254 2891 Deo,
1279 2833 1318 2876 ex
1340 2815 1388 2890 his
1410 2824 1473 2876 tam
1495 2814 1729 2895 multiplicibus
1750 2827 1829 2880 tene-

472 2909 536 2972 bris
560 2918 592 2971 et
620 2901 861 2988 contentionibus
885 2902 1127 2984 Christiauitatis
1156 2904 1282 2966 educere
1305 2904 1402 2966 lucem
1433 2903 1594 2984 aliquam?
1629 2909 1687 2969 An
1712 2916 1764 2969 est
1786 2906 1829 2969 iu·

473 2997 633 3072 credibile,
663 2998 743 3058 inter
766 3009 884 3068 causas,
909 2992 947 3055 ob
970 3013 1045 3075 quas
1078 2994 1220 3055 haereses
1246 2994 1468 3075 permittuntur,
1498 3012 1593 3054 unam
1627 2996 1729 3059 etiarn
1759 2996 1828 3058 hane

474 3107 553 3164 esse,
576 3095 611 3149 ut
633 3086 748 3147 Tuscae
771 3079 820 3142 his
842 3080 986 3160 gradrbus
1008 3082 1139 3158 invitati,
1163 3101 1201 3145 ex
1222 3082 1298 3145 mari
1320 3081 1633 3162 flagitiosissimamm
1660 3086 1828 3167 opinionum

470 3179 502 3242 in
524 3186 633 3254 navem
662 3169 809 3236 ecclesiae
842 3171 1019 3234 enitantur?
1051 3171 1122 3235 Scio
1146 3191 1184 3234 ex
1206 3171 1254 3233 his
1277 3171 1396 3253 aliquos
1418 3170 1532 3251 gradus
1547 3190 1647 3248 esse,
1684 3175 1827 3257 quibust

471 3264 706 3344 Christianismo
729 3259 866 3323 defecere
889 3259 1024 3323 nonnulli
1047 3261 1087 3323 ad
1113 3259 1387 3324 blahnmetiemum.
1432 3262 1480 3323 At
1506 3259 1594 3322 lubet
1621 3263 1828 3344 argumentari

471 3375 538 3420 cum
560 3356 597 3417 B.
621 3353 736 3427 Paulo:
764 3357 916 3431 „Numquid
936 3361 975 3415 aio
995 3361 1167 3416 offenderunt
1185 3369 1218 3416 ut
1237 3363 1387 3416 caderent?
1407 3360 1498 3424 Absit
1520 3361 1571 3413 sed
1585 3360 1705 3419 illorum
1726 3363 1821 3418 delicte

471 3457 548 3511 salus
569 3462 614 3509 est
638 3449 786 3527 gentibm“
812 3440 1045 3512 Mahumetanis.
1093 3440 1144 3503 Sic
1178 3441 1249 3502 olim
1273 3440 1367 3505 Gothi
1397 3432 1525 3519 priniurn
1558 3440 1597 3501 ab
1633 3443 1767 3505 Arianis
1794 3439 1827 3501 ad

472 3534 738 3599 Christianismum
754 3529 901 3598 conversi,
920 3529 1047 3610 denique
1061 3530 1105 3593 ad
1116 3531 1294 3591 catholicam
1309 3529 1469 3591 ecclesiam
1484 3527 1607 3609 penitus
1623 3538 1826 3594 accesserunt.

562 3646 693 3710 Constat
715 3645 850 3707 Judaeos
875 3645 1051 3721 exspectare
1073 3638 1237 3712 Messiam‚
1260 3635 1314 3718 qni'
1334 3635 1376 3697 sit
1403 3636 1486 3717 ipsos
1509 3635 1702 3701 liberaturus
1726 3659 1745 3701 e
1769 3657 1828 3700 ser·

469 3735 566 3799 vitute
590 3734 731 3815 gentium.
781 3732 898 3816 Quibus
921 3728 1070 3792 Saturnus
1092 3727 1239 3808 placebit,
1272 3725 1457 3789 concordans
1480 3743 1548 3786 cum
1583 3727 1683 3789 stella
1705 3729 1739 3791 in
1762 3727 1828 3791 lati·

468 3826 572 3889 tudine
604 3823 705 3905 illique
739 3824 801 3885 fere
832 3817 1029 3898 corporaliter
1056 3817 1180 3897 junctus
1213 3816 1263 3878 11.
1287 3817 1361 3877 Dec.
1394 3834 1472 3877 anno
1498 3809 1593 3878 1604.
1629 3825 1666 3878 et
1694 3816 1828 3901 sequenti

468 3917 609 3996 Augusto
650 3913 812 3974 stationem
850 3907 929 3990 apud
969 3907 1053 3967 illam
1088 3906 1247 3986 perficiens
1286 3912 1354 3975 (vids
1377 3928 1435 3978 pag.
1455 3910 1519 3973 62³)
1555 3912 1588 3964 et
1626 3904 1828 3987 conjunctioni

469 4023 597 4085 magnae
621 4022 728 4074 nomen
750 4001 834 4062 dans.
871 3996 1047 4078 Praeficitnr
1070 3994 1172 4056 antem'
1184 3995 1222 4056 ab
1241 3994 1405 4074 astrologis
1427 3993 1596 4057 Judaism0.
1639 3997 1715 4058 Etsi
1734 3999 1827 4079 itaque

471 4089 639 4160 Christiani
661 4094 767 4155 Jesum
790 4087 907 4151 Mariae
935 4085 1027 4147 filium
1052 4104 1067 4144 e
1091 4084 1171 4146 tribu
1194 4084 1311 4159 David,
1344 4084 1394 4165 qni
1426 4081 1500 4150 ante.
1519 4082 1576 4143 hos
1606 4081 1709 4148 1600.
1741 4104 1827 4149 annos

469 4192 560 4247 natus
585 4190 641 4257 est,
665 4201 720 4263 pro
745 4199 815 4241 vero
835 4174 1024 4257 aprophetis
1046 4174 1197 4254 promisso
1220 4173 1358 4236 Messiah
1381 4172 1572 4253 agnoscimus
1597 4172 1734 4257 ideoque
1755 4176 1825 4237 hunc

468 4272 629 4344 Dominum
652 4280 681 4331 et
705 4272 801 4332 Deum
830 4272 965 4329 nostrum
992 4263 1219 4343 religiosissime
1250 4263 1393 4337 colimus,
1416 4262 1603 4324 Judaeorum
1629 4282 1708 4327 vero
1733 4264 1826 4327 caeti-

470 4370 567 4424 tatem
600 4360 808 4441 deploramus,
841 4355 891 4438 qni
915 4361 1016 4434 spreto
1039 4353 1096 4413 hoc
1129 4362 1283 4415 servatore
1316 4352 1368 4413 alii
1398 4355 1523 4412 venturo
1554 4348 1698 4416 inhiant:
1733 4364 1825 4417 tamen

471 4471 530 4513 non
560 4452 679 4512 omnino
710 4450 912 4510 frustraneam
941 4462 1009 4504 esse
1033 4442 1166 4523 ipserum
1199 4441 1454 4524 exspehtationem
1478 4439 1564 4501 multi
1597 4450 1632 4503 et
1662 4444 1748 4507 inter
1776 4444 1826 4505 bes

469 4540 573 4623 'l‘ycho
597 4540 697 4601 Brahe
721 4537 772 4598 fol.
798 4534 872 4601 808.
897 4531 1043 4612 colligunt
1066 4551 1102 4593 ex
1125 4531 1268 4593 vaticinio
1291 4532 1326 4593 B.
1343 4530 1431 4593 Pauli
1447 4530 1487 4591 ad
1501 4530 1663 4594 Romanos
1682 4531 1825 4617 Capul,

470 4648 549 4693 vers.
575 4626 626 4689 25.
673 4637 760 4700 ,Nolo
788 4635 858 4689 enirn
884 4650 933 4686 ros
958 4632 1087 4705 ignorare
1115 4632 1217 4686 fratres
1242 4631 1401 4703 mysterium
1426 4629 1480 4683 boo
1504 4624 1551 4697 (ut
1575 4647 1635 4686 non
1662 4634 1729 4702 sitis
1755 4631 1825 4687 votis

474 4720 542 4790 ipsis
565 4715 728 4788 sapientes),
752 4717 817 4787 quia
838 4714 957 4769 caecitas
978 4732 1014 4767 ex
1029 4722 1110 4782 parte
1125 4712 1243 4784 contigit
1263 4712 1291 4765 in
1309 4712 1404 4774 lsrael,
1426 4712 1512 4763 donec
1532 4710 1686 4780 plenitudo
1708 4714 1824 4787 gentina

470 4800 589 4855 intraret
609 4802 742 4873 (εἰσειιῃ)
767 4797 850 4850 etsie
871 4795 955 4848 omnis
975 4796 1065 4848 lsrael
1086 4794 1180 4861 salvus
1194 4796 1273 4847 tieret
1296 4796 1483 4859 (σωθησειαι).
1516 4791 1598 4846 Sicut
1620 4796 1759 4865 scriptum
1777 4805 1822 4855 est

471 4880 589 4935 reniet
609 4896 650 4932 ex
670 4878 752 4932 Sion
773 4877 827 4947 qui
848 4876 979 4945 eripiat
998 4882 1028 4927 et
1046 4882 1161 4928 avertat
1181 4875 1349 4943 impietatem
1363 4873 1489 4926 aJacob.
1520 4872 1570 4925 'Et
1591 4874 1730 4948 hocaillis
1750 4894 1769 4931 a
1786 4892 1823 4929 raa

472 4974 678 5032 testamentum,
698 4984 759 5021 cnm
781 4966 923 5020 abstulero
944 4951 1066 5034 peccata
1081 4963 1200 5019 eorum¹¹
1248 4952 1317 5014 Etsi
1347 4968 1418 5012 vero
1433 4950 1743 5031 ,interpretationem
1772 4952 1822 5016 loti

472 5047 602 5109 difficilis
625 5046 698 5122 mihi
721 5065 780 5108 non
804 5064 902 5118 sumo,
930 5054 1030 5106 tamen
1053 5042 1154 5104 facilis
1177 5062 1242 5105 sum
1269 5051 1391 5123 propter
1414 5040 1492 5102 alias
1520 5040 1774 5109 circumstantias
1793 5051 1820 5103 ut

473 5138 610 5211 credam,
640 5136 793 5198 imminere
824 5134 954 5214 aliquam
982 5133 1155 5211 generalem
1173 5134 1412 5220 ¹conversionem
1439 5128 1552 5210 gentis¹
1568 5132 1761 5199 Judaeorum
1786 5129 1819 5192 ad
