4584 6192
835 628 1244 686 ssullcrwiusiuSclsrim·
1527 608 1530 616 Ι
1642 630 1713 718 803-

373 804 417 867 sic
440 806 623 885 deprehenso
641 812 714 886 puto
733 815 829 872 ortam
853 827 919 868 esse
937 808 1018 869 illam
1043 809 1241 883 traditionem,
1267 811 1343 890 quod
1356 809 1490 872 loannes
1512 809 1709 872 annunciatus

374 893 465 955 fuerit
495 894 543 956 die
573 894 624 960 27.
648 893 843 976 Septembris.
890 896 1124 960 Dissimulemnt
1155 891 1233 961 euim
1265 900 1432 962 dissensum
1464 899 1577 961 numeri
1606 896 1649 963 30
1679 898 1708 961 iu

372 982 572 1061 Evangelista
594 985 642 1064 qui
665 983 720 1045 hoc
744 986 1008 1065 deprelrendemut,
1032 995 1084 1049 aut
1106 988 1184 1050 sorte
1207 990 1244 1049 de
1267 1008 1302 1050 eo
1327 1007 1384 1049 non
1407 988 1585 1067 cogitarunt.

459 1074 544 1135 Haec
573 1072 663 1148 icitur
692 1081 777 1135 erant
804 1074 947 1156 Dionysio
977 1085 1193 1154 argumentare
1220 1078 1355 1157 patribus
1387 1085 1513 1156 accepta
1543 1076 1710 1157 inquirendi
1742 1136 1745 1140 .

372 1161 441 1224 anui
465 1162 668 1243 conceptionis
690 1161 827 1225 Joannis.
874 1162 988 1235 Quodsi
1016 1165 1117 1246 itaque
1138 1165 1273 1229 Joannes
1299 1166 1496 1229 annunciatus
1519 1172 1568 1227 est
1588 1165 1710 1229 Juliano

371 1245 426 1313 45.
451 1249 630 1332 Septembri,
656 1250 794 1314 Christus
818 1252 1015 1315 annunciatus
1038 1263 1070 1317 et
1091 1264 1254 1336 conceptus
1277 1256 1366 1318 luerit
1388 1273 1465 1318 anno
1488 1262 1633 1335 sequente
1655 1251 1708 1320 46.
1777 1294 1780 1298 ι

371 1335 424 1402 25.
449 1339 562 1402 Martii.
608 1343 640 1403 Is
662 1358 731 1402 vero
755 1349 803 1403 est
830 1343 942 1421 primus
974 1362 1063 1405 aerae
1095 1342 1273 1419 hodiernae,
1304 1364 1392 1425 quam
1420 1362 1474 1406 nos
1497 1365 1516 1405 a
1538 1343 1711 1407 Nativitete

372 1429 531 1492 deductam
555 1430 644 1509 vulgo
666 1436 815 1510 putamus.
862 1432 968 1512 ltaque
997 1432 1160 1517 scriptores
1184 1431 1311 1506 Gallici,
1335 1433 1383 1514 qui
1406 1432 1582 1515 Dionysium
1605 1433 1711 1495 dextre

372 1517 592 1593 intellexerunt,
617 1538 682 1582 cum
701 1529 858 1582 numerant
880 1540 988 1584 annum
1002 1521 1222 1599 Iucamatiouis
1236 1522 1450 1604 Dionysianum
1467 1517 1542 1586 807.
1567 1520 1713 1600 incipiunt

371 1606 453 1669 illum
482 1607 615 1670 etiams
642 1608 689 1670 die
713 1608 939 1685 Incarnationis,
964 1631 983 1672 a
1006 1608 1057 1674 25.
1083 1611 1187 1674 Martii
1215 1631 1269 1686 sc,
1299 1611 1363 1673 sive
1386 1620 1508 1690 propter
1530 1608 1669 1672 viciniam
1692 1630 1714 1672 a

370 1696 532 1774 Paschate,
566 1705 597 1760 et
629 1697 791 1760 terminent
821 1700 945 1777 eundem
976 1699 1005 1760 in
1036 1695 1088 1764 24.
1113 1700 1217 1762 Martii
1248 1709 1318 1780 post
1349 1700 1465 1762 initium
1497 1698 1567 1763 anui
1596 1698 1711 1779 politici

370 1784 511 1858 Romani,
535 1804 622 1866 quem
643 1805 698 1849 nos
722 1787 809 1849 hodie
832 1805 926 1867 prava
953 1787 1156 1851 intellectione
1179 1809 1267 1853 aerae
1290 1789 1494 1872 Dionysisuao
1522 1807 1713 1852 numeramus

366 1875 435 1954 jem
456 1872 531 1938 808.
556 1885 587 1937 ot
609 1895 628 1937 a
649 1876 833 1951 Nativitate,
868 1877 992 1958 ideoque
1025 1878 1117 1940 etiam
1140 1898 1160 1940 a
1183 1879 1230 1941 die
1252 1879 1442 1954 Natiuitatis,
1467 1897 1521 1940 seu
1547 1877 1648 1959 potins
1672 1877 1711 1939 ob

371 1962 509 2026 viciniam
536 1963 613 2026 initii
641 1966 756 2044 politici
778 1965 906 2028 Romani
929 1986 948 2028 a
970 1967 1018 2027 die
1042 1965 1283 2030 circumcisionis.
1321 1967 1417 2030 Recte
1441 1966 1531 2047 igitur
1553 1966 1615 2029 ista
1637 1985 1711 2029 cou-

366 2052 484 2133 junctio
507 2051 588 2115 Solis
612 2062 643 2116 et
664 2054 814 2129 Mercurii,
839 2075 914 2137 quae
940 2053 989 2119 17.
1010 2056 1114 2118 Martii
1137 2057 1271 2136 contigit,
1295 2057 1448 2137 reponitur
1471 2063 1503 2117 st
1525 2076 1544 2116 a
1566 2056 1711 2134 scriptore

371 2139 462 2203 Gallo
494 2141 523 2203 in
555 2143 642 2205 finem
674 2144 742 2207 anni
765 2140 841 2208 807.
875 2152 906 2206 et
928 2165 946 2205 a
969 2146 1055 2207 nobis
1088 2145 1117 2207 in
1149 2146 1276 2225 primum
1309 2146 1506 2228 quadrantem
1538 2143 1608 2205 anni
1635 2140 1710 2208 808.

370 2250 460 2293 aerae
482 2230 624 2310 vulgaris.

459 2320 622 2383 Provectus
652 2340 717 2384 sum
748 2329 868 2402 praeter
899 2327 1027 2383 mentem
1059 2322 1089 2383 in
1119 2322 1348 2403 chronologica,
1381 2330 1507 2385 ostensa
1537 2339 1629 2383 causa
1659 2339 1712 2384 cur

370 2409 459 2472 hodie
483 2428 576 2472 annos
600 2408 715 2473 Christi
737 2411 892 2474 mutilatus
915 2410 1079 2474 habeamus
1102 2430 1195 2490 opera
1207 2411 1355 2495 Dionysii,
1379 2429 1445 2473 cum
1468 2417 1587 2472 veteres
1610 2409 1711 2472 ecclc-

370 2498 434 2560 siae
457 2498 619 2577 scriptores
642 2499 759 2561 biennio
784 2500 972 2564 maturiorem
996 2500 1157 2563 exhibeant
1180 2497 1294 2563 Christi
1317 2499 1529 2573 nativitatem,
1552 2516 1640 2579 quam
1663 2507 1713 2560 est

371 2596 462 2667 caput
485 2588 643 2650 hodiernae
667 2608 755 2650 serae
788 2588 930 2670 vulgaris.
976 2590 1012 2651 ld
1036 2591 1093 2652 feci
1116 2598 1202 2652 tanto
1233 2589 1389 2657 libentius,
1421 2590 1500 2670 quod
1527 2594 1600 2649 aute
1622 2587 1710 2649 bien-

371 2677 451 2739 nium
480 2677 510 2738 in
537 2677 677 2739 Diatriha
709 2677 929 2759 Chrouologica
961 2677 997 2740 de
1014 2698 1102 2756 ,anno
1134 2678 1284 2741 Natalitio
1314 2677 1429 2743 Christi
1460 2695 1602 2750 causam,
1635 2695 1711 2757 quae

370 2765 546 2848 Dionysium
569 2766 662 2829 nostri
686 2768 799 2830 numeri
823 2769 1004 2831 conditorem
1027 2767 1189 2843 seduxerit,
1213 2768 1311 2829 dicere
1334 2786 1392 2830 non
1415 2763 1557 2847 potui.*)

458 2855 548 2917 Addo
573 2856 663 2934 igitur
676 2864 708 2917 et
722 2856 781 2918 hoc‘
800 2858 906 2931 obiter,
931 2856 1073 2920 invidiam
1091 2857 1189 2920 creari
1211 2856 1292 2919 dicto
1307 2876 1373 2919 meo
1396 2856 1497 2918 libello
1521 2852 1710 2918 auctoribus-

370 2964 427 3026 que
460 2963 534 3025 quos
566 2963 632 3007 sum
663 2954 784 3007 secutus
815 2966 868 3021 eo,
900 2945 977 3026 quod
1009 2965 1063 3024 pro
1091 2946 1308 3025 Evangelistae
1343 2964 1464 3008 numero
1493 2940 1536 3008 30
1567 2962 1712 3008 annorum

371 3034 484 3097 aetatis
507 3031 619 3096 Christi
642 3053 697 3096 nos
719 3035 855 3115 ponimns
879 3030 922 3097 32
944 3036 992 3096 vel
1016 3032 1073 3108 33,
1102 3042 1281 3098 excusantes
1314 3034 1471 3098 rotundum
1493 3033 1710 3111 Evangelistae

370 3141 525 3187 numerum
546 3140 600 3201 per
631 3124 829 3204 adjectionem
858 3123 1023 3208 particulae
1056 3119 1143 3186 dou:
1175 3123 1278 3205 quasi
1309 3125 1357 3186 vel
1389 3121 1548 3187 circiter.
1593 3123 1639 3186 At
1662 3122 1712 3202 qui

371 3221 443 3275 suut
475 3211 527 3274 isti
557 3211 648 3290 iniqui
680 3214 843 3275 censores?
874 3212 1021 3277 Nimimm
1053 3213 1093 3289 ii,
1129 3213 1178 3294 qui
1201 3213 1417 3297 Dionysianam
1449 3211 1537 3274 hodie
1567 3210 1711 3273 usitatam

371 3321 474 3364 aeram
507 3308 687 3382 sequuntur;
720 3302 819 3382 itaque
852 3303 955 3364 eodem
987 3302 1106 3364 crimine
1140 3303 1219 3383 quod
1245 3303 1274 3364 in
1306 3302 1391 3365 nobis
1421 3307 1565 3365 accusant
1591 3306 1624 3360 et
1652 3298 1711 3378 ipsi

372 3399 522 3454 tenentur.
568 3388 712 3453 Auximus
735 3411 789 3454 nos
811 3391 1025 3471 Evangelistae
1049 3392 1224 3455 numerum?
1246 3391 1309 3472 Ipsi
1332 3390 1516 3464 mutilarunt,
1539 3396 1571 3451 et
1587 3407 1641 3468 pro
1667 3384 1711 3450 30

371 3482 507 3544 lecemnt
529 3475 582 3543 28.
629 3477 662 3540 Si
684 3481 763 3543 enim
787 3479 925 3544 Christus
948 3489 996 3542 est
1018 3489 1107 3543 uatus
1130 3500 1208 3544 anno
1231 3480 1352 3543 Juliano
1374 3476 1428 3549 45.
1452 3477 1505 3543 25.
1522 3476 1710 3550 Decembris,

371 3579 453 3633 certe
477 3587 554 3630 anno
577 3567 696 3630 Juliano
720 3567 771 3645 73,
796 3567 848 3633 25.
864 3569 1038 3632 Decembris
1061 3571 1200 3632 currebat
1222 3567 1270 3632 15.
1305 3569 1423 3643 Tiberii,
1450 3568 1528 3649 qnod
1550 3576 1598 3629 eet
1622 3575 1711 3628 extra

341 3740 343 3743 .
370 3656 613 3723 controversiam.
660 3658 748 3721 Anno
780 3660 872 3740 igitur
903 3657 952 3723 15.
980 3656 1091 3721 Tiberii
1120 3658 1294 3721 Decembris
1318 3656 1370 3722 25.
1401 3656 1541 3721 Christus
1575 3655 1708 3735 comple-

370 3749 468 3820 visset
489 3765 584 3808 annos
603 3744 655 3820 28,
679 3766 744 3810 cnm
767 3749 803 3810 B.
824 3749 923 3811 Lucas
946 3767 982 3810 eo
1005 3747 1115 3810 Tiberii
1137 3766 1215 3810 anno
1236 3747 1429 3824 tricenarium
1452 3744 1604 3808 exhibeat.
1639 3745 1711 3807 lta·

371 3856 428 3920 que
452 3836 479 3899 si
502 3836 613 3898 nullum
645 3836 795 3918 hucusque
826 3838 974 3917 piaculum
1007 3835 1154 3899 commisit
1185 3836 1313 3899 ecclesia
1343 3843 1375 3897 ct
1407 3834 1595 3898 Christianus
1628 3833 1710 3896 orbis

370 3927 545 3997 universus,
576 3943 734 3987 numerans
762 3947 781 3988 a
808 3925 977 3989 Nativitate
1010 3925 1124 3990 Christi
1155 3926 1253 3988 minus
1284 3942 1370 4005 quam
1404 3925 1464 3987 lert
1492 3922 1709 4002 Evangelistse
1738 3945 1744 3958 ·

370 4034 524 4089 numcms,
555 4032 649 4096 neque
672 4034 727 4077 nos
748 4014 831 4096 impii
853 4013 946 4076 videri
979 4015 1119 4078 debemus
1142 4017 1209 4095 plus
1231 4023 1431 4077 numerantes.
1478 4011 1609 4076 Constat
1631 4010 1709 4073 enirn

370 4105 509 4184 utrinque
540 4122 661 4165 numero
683 4104 867 4186 Evangelico
894 4105 1021 4167 rotundo
1045 4101 1087 4168 30
1110 4122 1167 4167 sua
1189 4102 1362 4179 auctoritas,
1392 4102 1507 4167 munita
1538 4101 1708 4183 adjectione

368 4192 534 4275 particulae
558 4188 638 4256 nicer.

458 4282 529 4344 Jam
551 4290 668 4362 tempus
691 4290 740 4345 est
760 4284 935 4346 utreleram
948 4284 988 4359 id,
1013 4283 1095 4363 cujus
1118 4301 1212 4345 causa
1225 4282 1300 4345 haec
1314 4280 1413 4345 omnia
1435 4281 1579 4344 hactenus
1602 4278 1707 4359 dispu-

323 4441 325 4445 ,
368 4380 439 4437 tata
460 4378 540 4442 sunt,
563 4371 717 4435 nimimm:
810 4407 815 4424 ·
965 4396 969 4407 ·
1238 4400 1241 4407 ·

675 4658 949 4733 Phaenomenon
976 4658 1127 4747 coeleste
1153 4656 1398 4732 lectissimum.

457 4820 617 4885 Attendite
635 4819 810 4882 Astronomi
834 4826 864 4880 et
887 4826 919 4880 tu
941 4816 1117 4901 Coryphaee
1139 4815 1303 4877 Maestline
1326 4836 1392 4879 cum
1421 4783 1620 4897 respondente
1643 4819 1706 4875 tuo.

364 4913 449 4978 Nam
472 4912 551 4992 quod
573 4909 644 4973 mihi
671 4908 811 4971 ridebitis
843 4907 987 4989 obtigisse
1020 4908 1123 4978 hodie,
1149 4905 1214 4985 jam
1241 4923 1344 4985 porro·
1361 4906 1450 4969 facile
1481 4902 1653 4967 concedetis
1676 4910 1709 4966 et

459 5108 485 5176 ‘l
507 5112 574 5166 Cum
600 5111 704 5164 frontes
733 5107 896 5179 paginarum
909 5108 1005 5164 titulo
1036 5112 1175 5169 carerent,
1207 5103 1399 5176 typographus
1427 5100 1539 5173 proprio
1569 5101 1708 5159 nrbitrntu

364 5193 514 5266 Sylrsm
534 5190 646 5262 scripsit
663 5188 806 5247 occasiom
826 5194 917 5246 sumta
936 5190 973 5244 sb
993 5186 1115 5243 exordio.
1144 5185 1231 5257 Atqui
1249 5186 1299 5240 rix
1318 5184 1399 5240 unios
1419 5184 1502 5327 aglius·
1520 5188 1573 5240 ert
