4584 6192
941 609 1025 675 capue
1040 609 1142 662 xxm
1647 610 1710 678 71⁷

371 785 421 868 qui
445 793 595 848 naturae
624 804 657 846 se
688 786 808 856 condita
835 795 938 851 utatur
964 788 1111 851 ministra.
1163 787 1269 850 Nonne
1302 786 1425 851 infinitis
1457 788 1545 851 rebus
1578 789 1711 871 quotidie

371 873 588 948 evenientibus}
610 874 744 955 qualibet
767 897 804 939 ex
824 898 880 940 sua
896 898 988 941 causa
1001 877 1141 952 naturali,
1163 879 1246 939 locus
1260 886 1359 939 tamen
1374 877 1579 956 providentiae
1593 879 1712 944 divinae

371 964 559 1044 relinquitur,
582 984 648 1026 cum
672 964 701 1026 in
725 965 792 1028 aliis
816 975 878 1031 tum
901 967 1061 1047 praecipue
1084 966 1114 1028 in
1133 965 1300 1028 exercenda
1320 966 1452 1030 vindicta
1470 969 1630 1046 scelerum,
1654 989 1713 1050 qua

370 1053 518 1128 efficitur,
551 1062 585 1114 nt
613 1052 644 1115 id
674 1054 779 1131 cadat,
813 1056 892 1137 quod
919 1077 978 1119 non
1001 1056 1096 1118 solum
1120 1053 1305 1134 antegressis
1329 1055 1358 1117 in
1381 1065 1489 1118 natura
1510 1058 1626 1134 causis,
1657 1059 1713 1122 sed
1750 1063 1752 1066 ’

371 1142 465 1206 etiam
484 1141 623 1221 justitiae
647 1142 766 1206 divinae
780 1144 824 1207 sit
836 1145 1092 1208 consentaneum?
1116 1142 1216 1216 Quare
1231 1143 1380 1206 horrenda
1394 1143 1593 1210 internecione
1612 1147 1714 1210 deleta

371 1239 421 1294 est
442 1252 462 1293 a
483 1230 628 1293 Romanis
652 1232 758 1311 politia
779 1232 922 1310 Judaica,
952 1235 1071 1314 sepulta
1094 1233 1165 1297 urbs
1186 1232 1417 1316 Hierosolyma?
1463 1233 1497 1296 Si
1520 1255 1557 1298 ex
1579 1236 1712 1317 Josepho

370 1320 442 1382 belli
465 1320 583 1382 Judaici
607 1320 752 1401 scriptore
776 1342 912 1403 quaeras,
937 1323 1129 1404 respondet
1121 1343 1147 1385 ιι
1170 1321 1235 1397 tibi,
1258 1322 1392 1385 Judaeos
1409 1322 1713 1392 invitosaRomanis

370 1417 541 1491 pertractos
565 1410 603 1471 ad
627 1409 746 1472 bellum.
793 1412 878 1474 Vera
899 1422 1018 1487 narrat,
1043 1412 1070 1474 si
1093 1420 1217 1474 naturae
1241 1412 1373 1475 ordinem
1396 1421 1532 1491 spectes;
1561 1400 1715 1494 cons'urgit

370 1498 458 1579 hujus
481 1508 606 1561 eventus
629 1519 722 1562 causa
744 1500 861 1580 gemina
884 1502 972 1565 serie.
1018 1502 1098 1565 Nam
1120 1520 1159 1563 ex
1180 1509 1265 1582 parte
1289 1499 1490 1564 Romanorum
1521 1512 1587 1564 erat
1614 1502 1711 1565 domi-

371 1597 462 1651 natus
492 1587 669 1663 licentia,
662 1588 799 1669 injuriae,
831 1590 1005 1668 insultatio,
1037 1590 1177 1671 superbia
1201 1588 1419 1664 Caesarum,
1410 1590 1524 1670 imperii
1551 1591 1714 1671 fastigium,

370 1697 437 1740 mos
461 1677 611 1757 antiquus,
635 1678 792 1759 cumipse
815 1681 985 1760 gentilitate
1008 1688 1102 1755 ortus,
1127 1678 1283 1741 deificandi
1305 1680 1451 1757 homines,
1474 1688 1609 1756 statuas,
1633 1701 1712 1757 aras,

371 1766 501 1846 templa,
534 1767 708 1829 sacerdotes
732 1768 906 1832 dedicandi:
936 1770 1012 1831 adde
1037 1788 1185 1831 armorum
1207 1768 1436 1843 conscientiam,
1460 1769 1573 1848 gloriae
1596 1769 1711 1851 cupidi·

372 1864 484 1929 tatem,
515 1875 627 1918 morem
649 1857 813 1935 pessimum
836 1858 1002 1922 lacessendi
1024 1858 1166 1930 finitimos
1190 1857 1237 1920 vel
1261 1857 1352 1919 etiam
1377 1858 1532 1934 subditos,
1566 1868 1599 1921 ut
1631 1867 1714 1922 esset

369 1944 539 2025 legionibus
572 1963 628 2025 quo
662 1954 888 2023 exercerentur,
925 1947 1154 2028 imperatoribus
1185 1946 1313 2009 materia
1343 1946 1494 2028 triumphi.
1549 1947 1596 2010 Ex
1627 1957 1713 2030 parte
1766 2007 1768 2011 .

368 2032 551 2097 Judaeorum
572 2043 638 2095 erat
658 2034 765 2098 fiducia
777 2035 835 2097 Dei
850 2037 948 2139 legum
968 2037 1109 2109 auctoris,
1133 2056 1291 2099 numerosa
1308 2055 1392 2140 gens,
1418 2037 1488 2099 urba
1506 2036 1713 2113 munitissima,

369 2123 514 2203 templum
537 2124 776 2198 sanctissimum,
805 2126 905 2204 gentis
928 2126 1110 2205 antiquitas,
1139 2125 1307 2205 pertinacia
1335 2125 1365 2187 in
1389 2125 1584 2188 defendendis
1606 2126 1713 2189 ritibus

373 2221 406 2276 et
430 2211 572 2292 religione
595 2213 713 2293 templi,
747 2213 890 2276 vaticinia
912 2223 1017 2277 vetera
1040 2223 1070 2277 et
1099 2231 1194 2290 nova,
1226 2201 1513 2295 pseudoprophetae.
1561 2214 1621 2287 Qui
1643 2216 1713 2278 dili·

369 2310 477 2385 geuter
500 2309 625 2381 utraque
648 2302 883 2366 consideraverit
913 2303 1047 2385 interque
1079 2324 1112 2365 se
1145 2304 1378 2384 comparaverit,
1410 2304 1568 2379 fatebitur,
1601 2304 1713 2367 usitato

370 2410 469 2454 rerum
493 2391 595 2452 ordine
620 2391 743 2467 factum,
768 2401 801 2454 ut
814 2392 1022 2475 Hierosolyma
1046 2400 1229 2455 everteretur
1252 2392 1438 2455 aRomanis.
1475 2395 1521 2457 At
1534 2412 1603 2455 ecce
1616 2393 1714 2457 Deum

371 2480 518 2544 vindicem
541 2478 804 2543 innocentissimae
827 2482 909 2544 oecis
934 2480 1047 2546 Christi
1069 2481 1145 2558 Dei,
1179 2482 1285 2544 mediis
1308 2481 1468 2545 immistum
1491 2501 1587 2545 rernm
1609 2482 1713 2562 singu-

368 2569 476 2634 larium
499 2567 608 2643 causis,
633 2579 788 2650 aptantem
811 2579 842 2632 et
864 2572 1053 2635 collidentem
1072 2580 1242 2651 pugnantes
1256 2572 1388 2651 gentium
1402 2590 1510 2645 mores,
1535 2591 1610 2652 quae
1625 2580 1716 2634 autea

368 2660 397 2723 ai
422 2678 479 2721 non
503 2658 631 2738 quietae,
655 2659 757 2721 mitius
771 2667 872 2722 tamen
897 2661 1062 2741 degebant:
1085 2662 1135 2740 qui
1158 2669 1190 2723 ut
1213 2660 1289 2723 hane
1304 2661 1465 2723 vindictam
1484 2660 1561 2723 citra
1575 2679 1715 2741 magnam

369 2748 552 2811 naturalium
575 2768 733 2811 causarum
757 2750 955 2813 turbationem
979 2759 1146 2824 exerceret,
1182 2749 1382 2829 quadraginta
1404 2750 1477 2812 totis
1511 2748 1597 2813 anuis
1625 2769 1715 2820 occa-

343 2836 484 2914 ¹sionem
508 2837 712 2918 exspectavit:
737 2847 768 2901 et
791 2858 827 2900 ue
852 2839 977 2902 fortuita
1000 2839 1167 2913 videretur,
1202 2838 1327 2901 totidem
1350 2839 1436 2902 annis
1460 2847 1530 2901 ante
1552 2838 1712 2919 praedixit,

369 2949 403 2989 se
428 2926 485 2989 hoc
508 2926 594 2989 modo
619 2934 738 3007 gentem
762 2929 900 2990 ulturum.
937 2929 987 2991 Ad
1012 2929 1137 2990 eundem
1160 2929 1280 2989 modum
1304 2936 1336 2990 et
1355 2927 1413 3002 hic,
1436 2937 1585 3010 utcunque
1608 2937 1717 2992 natura

370 3015 532 3098 protulerit
554 3015 609 3077 hoc
633 3016 725 3090 sidus,
752 3017 790 3078 ad
812 3016 910 3079 Deum
933 3025 1034 3079 tamen
1057 3016 1099 3079 rei
1123 3036 1240 3078 summa
1263 3016 1388 3098 denique
1412 3017 1499 3080 redit.

460 3102 637 3185 Quanquam
662 3105 731 3186 quid
755 3105 822 3168 istis
846 3106 971 3186 argutiis
991 3125 1064 3187 opus
1086 3106 1153 3168 est?
1176 3114 1229 3168 aut
1251 3106 1397 3188 quodnam
1414 3105 1572 3187 piaculum,
1597 3106 1716 3187 siquod

369 3202 481 3257 natura
504 3193 575 3255 fecit
597 3193 693 3256 Deum
718 3195 825 3256 fecisse
851 3195 1003 3258 dicamus?
1047 3195 1198 3276 Numquid
1220 3197 1297 3257 hunc
1320 3214 1432 3258 morem
1462 3195 1599 3277 loquendi
1623 3196 1716 3257 docu-

369 3291 459 3345 erunt
481 3302 535 3345 nos
559 3284 657 3345 sancti
671 3283 729 3346 Dei
752 3285 861 3345 vates?
897 3282 976 3355 Quid
1001 3292 1048 3357 est
1071 3303 1167 3347 rerum
1184 3285 1361 3347 naturalium
1380 3305 1432 3348 sen
1452 3286 1535 3347 coelo
1557 3302 1610 3348 seu
1625 3291 1715 3360 terra,
1818 3283 1827 3300 '

371 3373 452 3457 quud
476 3389 534 3434 uon
558 3372 597 3433 ad
620 3367 749 3434 Deum
740 3393 836 3454 rpsum
859 3374 1046 3436 referatur?
1071 3372 1198 3448 Semen,
1231 3373 1344 3456 liquida
1375 3384 1407 3436 et
1438 3375 1507 3437 alba
1537 3361 1716 3447 substantia,

369 3473 531 3546 postquam
556 3461 691 3523 incidit
683 3482 713 3523 ιι
737 3472 866 3538 uterum,
896 3463 1031 3544 ejusdem
1054 3464 1200 3526 facultate
1224 3464 1410 3539 formatrice,
1440 3481 1527 3546 quarn
1552 3462 1717 3530 naturalem

370 3561 402 3615 et
426 3560 601 3631 perpetuam
624 3551 743 3623 scimus,
767 3553 956 3631 coagulatur.
982 3562 1071 3634 atque
1095 3554 1139 3614 ita
1163 3553 1288 3634 denique
1312 3542 1422 3617 animal
1445 3555 1598 3615 formatur.
1636 3548 1716 3621 Quid
1753 3630 1757 3639 Ι

369 3659 444 3703 vero
468 3639 586 3702 divinus
605 3639 700 3703 Jobus
724 3641 761 3703 de
782 3659 835 3703 suo
858 3642 945 3704 ortu?
985 3654 1082 3707 Nonne
1110 3652 1182 3706 sicut
1201 3653 1246 3706 lae
1268 3653 1385 3707 mulsisti
1403 3670 1446 3706 me
1468 3659 1499 3706 et
1521 3652 1715 3706 sicutcaseum

368 3761 415 3799 me
429 3739 609 3814 coagulasti?
654 3730 710 3792 Ait
733 3731 782 3792 ille
807 3749 864 3791 nou
889 3732 926 3793 ad
950 3737 1088 3793 matrem
1099 3750 1198 3803 suam,
1231 3731 1284 3791 sed
1317 3731 1354 3792 ad
1378 3732 1474 3792 Deum
1506 3739 1538 3792 et
1568 3748 1652 3791 suum
1686 3738 1717 3794 et

369 3821 477 3883 matris
493 3831 524 3883 et
537 3820 628 3882 totius
643 3827 766 3881 naturae
782 3829 945 3888 auctorem.
982 3819 1127 3884 Nimirum
1145 3838 1203 3882 non
1219 3827 1323 3880 censet
1340 3820 1390 3881 ille
1409 3819 1552 3881 meruisse
1566 3826 1715 3892 naturam,

368 3920 405 3974 ut
430 3903 459 3972 in
483 3910 547 3991 ejus
571 3910 821 3990 contemplatione
845 3909 940 3972 multa
962 3929 1029 3973 cum
1051 3908 1247 3972 admiratione
1267 3909 1417 3971 versetur:
1441 3910 1494 3971 sed
1507 3908 1595 3970 illum
1613 3907 1714 3989 potius

368 4000 505 4075 miratur,
531 4011 577 4081 qui
596 4010 668 4065 dixit
688 4018 718 4065 et
737 4011 815 4065 facta
834 4017 907 4077 ιιιιι,
929 4010 975 4084 qui
994 3999 1136 4063 mandavit
1154 4015 1184 4062 et
1203 4015 1299 4063 creata
1317 4016 1392 4063 eunt.

461 4089 503 4152 Ut
526 4089 616 4169 igitur
639 4089 687 4151 vel
711 4090 832 4151 taudem
855 4090 909 4152 hoc
933 4098 995 4150 tam
1011 4087 1139 4167 anxium
1162 4106 1286 4149 examen
1309 4087 1478 4167 opinionum
1500 4085 1613 4161 fiuiam3
1643 4105 1711 4149 cum

369 4178 575 4260 conjecturam
598 4177 753 4260 physicam
777 4177 949 4282 theologica
968 4177 1119 4239 sententia
1143 4176 1328 4258 absorpserit
1351 4176 1465 4257 sibique
1493 4184 1589 4238 totam
1613 4175 1716 4256 acqui-

369 4267 490 4343 siverit,
514 4268 591 4330 duae
615 4269 698 4330 solae
721 4276 839 4330 restant
870 4266 1034 4370 opiniones.
1081 4267 1146 4329 Aut
1177 4266 1255 4328 enim
1278 4266 1434 4329 dicendum
1457 4274 1521 4342 est,
1554 4266 1651 4328 locum
1684 4271 1715 4327 et

369 4368 490 4460 tempus
513 4356 582 4419 novi
605 4357 712 4420 sideris
736 4377 802 4420 cum
824 4356 1031 4438 conjunctione
1050 4375 1161 4436 magna
1174 4355 1361 4459 planetarum
1376 4354 1488 4418 nullum
1496 4313 1617 4417 babere
1631 4372 1715 4416 com-

368 4446 529 4517 mercium,
552 4447 606 4509 sed
631 4446 753 4510 fortuito
776 4447 820 4521 (in
844 4446 944 4509 sobrio
968 4445 1073 4520 sensu)
1097 4445 1248 4522 evenisse,
1272 4456 1306 4507 ut
1327 4452 1536 4509 concurrerent
1565 4443 1675 4506 stella
1684 4433 1717 4505 ιι

369 4538 560 4619 planetamm
584 4536 706 4616 copula,
734 4536 885 4617 quaelibet
918 4555 956 4611 ex
987 4555 1043 4599 sua
1074 4544 1141 4597 orta
1168 4554 1270 4598 causa.
1315 4534 1380 4599 Aut
1409 4534 1495 4617 quia,
1528 4551 1614 4615 quern
1644 4530 1715 4608 dixi,
1746 4545 1750 4552 ’
1803 4554 1807 4566 ·

370 4625 500 4690 locum
493 4645 522 4687 ιι
549 4620 606 4689 18⁰
628 4623 802 4706 Sagittarii,
832 4633 863 4688 et
892 4633 1008 4709 tempus
1039 4643 1117 4687 anno
1143 4619 1237 4687 1604.
1265 4620 1314 4687 10.
1339 4621 1480 4687 Octobris
1502 4622 1585 4686 nulla
1606 4620 1716 4704 veriqi-

370 4714 538 4782 militudine
561 4714 804 4778 transscribimus
828 4734 1019 4780 causaenon
1047 4713 1218 4795 apparenti,
1251 4732 1317 4775 cum
1339 4721 1462 4794 praesto
1494 4712 1536 4774 sit
1567 4729 1715 4792 apparens

370 4804 541 4886 conjunctio
563 4805 765 4885 planetarum,
791 4824 866 4887 quae
890 4823 924 4866 se
947 4823 1000 4885 pro
1023 4822 1116 4865 causa
1138 4803 1241 4864 offert:
1265 4802 1420 4864 dicendum
1443 4802 1533 4883 igitur
1555 4800 1715 4863 hocalte-

370 4914 452 4971 rum,
486 4894 565 4976 quod
587 4894 775 4957 securissime
799 4902 830 4956 et
852 4893 942 4973 plena
965 4890 1071 4955 fiducia
1099 4891 1278 4971 pronuncio:
1313 4891 1501 4954 associatum
1518 4910 1585 4952 esee
1608 4908 1716 4951 novum

370 4985 428 5047 hoc
452 4985 584 5047 coeleste
606 4983 773 5064 prodigium
797 4983 835 5046 ab
859 4983 924 5063 ipso
956 4982 1158 5061 omnipotente
1181 4980 1246 5043 Deo
1277 4980 1372 5043 tribus
1399 4979 1545 5061 planetis,
1572 4978 1714 5068 Saturno,
1822 4997 1825 5078 Ἰ
1879 4981 1904 5042 ,’
1933 4973 1936 4984 ’

369 5072 441 5136 Jovi
464 5082 496 5137 et
517 5074 624 5148 Marti,
657 5080 728 5135 tunc
750 5072 927 5155 conjunctis,
952 5080 1035 5136 certo
1057 5070 1181 5146 coneilio
1205 5071 1245 5134 ad
1266 5070 1416 5133 bominum
1437 5070 1565 5133 salutem
1588 5069 1713 5131 directo.

370 5162 430 5227 uo
453 5162 531 5227 enin
554 5163 637 5227 usus
661 5162 711 5226 ιιι
735 5170 792 5240 ao,
816 5159 1143 5227 contulissemus
1167 5178 1262 5242 neque
1284 5173 1424 5242 magum
1448 5175 1544 5242 oeque
1566 5158 1713 5240 oximum,
1799 5167 1801 5172 ·
1840 5233 1863 5266 ἦ.
1921 5117 1932 5228 s
1949 5177 1958 5244 s
