4584 6192
987 592 1108 659 caer.
1660 594 1718 664 131

459 770 590 833 Primum
625 770 756 831 omnium
786 790 885 832 rerum
918 781 1028 833 natura
1049 771 1146 832 Deum
1175 772 1377 846 conditorem,
1412 783 1556 852 quantum
1589 794 1723 856 quaeque

370 880 441 920 suae
465 860 618 921 essentiae
643 859 813 920 conditione
836 859 951 938 potuit,
976 868 1206 939 repraesentare
1231 861 1343 923 debuit.
1389 861 1469 923 Nam
1494 882 1561 924 cum
1578 862 1724 927 Conditor

371 948 613 1028 sapientissimus
636 948 738 1008 omnia
761 948 898 1009 studeret
926 968 1014 1026 quam
1051 949 1188 1028 optima,
1219 950 1412 1012 ornatissima
1440 953 1722 1028 praestantissima-

370 1056 424 1118 que
457 1037 596 1098 efficere:
631 1036 703 1097 nihil
729 1056 761 1098 se
790 1037 855 1115 ipso
880 1037 986 1098 melius
1019 1037 1228 1116 ornatiusque,
1263 1038 1337 1099 nilril
1369 1041 1576 1118 praestantius
1600 1044 1722 1121 reperit.

370 1126 538 1206 Propterea
560 1144 627 1187 cum
659 1144 833 1205 corporeum
859 1124 996 1185 mundum
1026 1126 1158 1205 agitaret
1190 1127 1306 1201 anime,
1342 1129 1467 1188 formam
1496 1131 1522 1190 ei
1557 1130 1725 1192 destinavit

370 1215 424 1276 sibi
451 1214 512 1293 ipsi
536 1233 626 1293 quarn
650 1214 842 1276 simillimam.
890 1214 968 1274 Hinc
992 1225 1088 1276 ortum
1111 1223 1208 1276 totum
1233 1215 1435 1294 quantitatum
1459 1210 1554 1296 genus
1579 1226 1610 1280 et
1633 1220 1662 1279 in
1688 1239 1723 1281 eo
1768 1203 1776 1220 .

371 1303 450 1365 curri
474 1303 611 1382 rectique
635 1303 808 1364 discrimina
830 1304 1152 1382 praestantissimaque
1167 1304 1297 1365 omnium
1312 1305 1416 1383 ligura,
1441 1307 1601 1385 sphaerica
1615 1327 1723 1387 super-

370 1393 458 1454 ficies.
509 1392 588 1452 Nam
613 1392 641 1452 in
666 1412 702 1453 ea
726 1392 881 1453 formanda
909 1392 980 1453 lusit
1002 1392 1244 1471 sapientissimus
1268 1391 1415 1454 Conditor
1447 1395 1621 1457 adorandae
1651 1416 1724 1459 snae

371 1480 532 1542 Trinitatis
565 1481 735 1560 imaginem.
790 1480 867 1541 Hinc
900 1481 996 1541 centri
1029 1490 1170 1560 punctum
1205 1489 1253 1542 est
1280 1481 1429 1559 sphaerici
1460 1485 1607 1563 quaedam
1639 1486 1726 1565 quasi

373 1570 467 1648 origo,
501 1569 676 1649 superficies
706 1569 810 1648 puncti
842 1568 939 1630 intimi
969 1570 1067 1649 imago
1099 1581 1130 1630 et
1154 1570 1204 1630 via
1226 1570 1265 1630 ad
1290 1569 1319 1630 id
1349 1570 1559 1634 inveniendum
1588 1592 1725 1653 quaeque

375 1658 488 1719 infinito
519 1658 623 1738 puncti
656 1676 778 1737 egressu
812 1677 849 1718 ex
872 1677 905 1718 se
938 1658 1003 1737 ipso
1034 1677 1126 1738 usque
1158 1658 1197 1719 ad
1221 1659 1369 1737 quandam
1393 1660 1521 1722 omnium
1550 1679 1724 1740 egressunm

373 1746 589 1826 aequalitatem
613 1747 696 1826 gigni
720 1746 914 1826 intelligitur,
948 1755 1059 1826 puncto
1089 1767 1121 1808 se
1153 1746 1181 1807 in
1206 1748 1282 1807 hanc
1311 1748 1536 1826 amplitudinem
1559 1750 1726 1812 commuui-

375 1845 479 1908 cante,
505 1835 550 1896 sic
576 1845 610 1895 ut
632 1845 773 1914 punctum
797 1846 828 1897 et
851 1835 1039 1914 superficies,
1065 1836 1226 1896 densitatis
1250 1855 1315 1896 cum
1331 1835 1525 1915 amplitudine
1540 1846 1727 1900 commutata

374 1919 583 2004 pmportione,
608 1925 671 1988 sint
694 1925 843 2003 aequalia.
891 1924 969 1985 Hinc
993 1935 1041 1985 est
1065 1924 1193 2003 undique
1215 1934 1356 2004 punctum
1385 1926 1463 1987 inter
1486 1936 1517 1987 et
1540 1928 1725 2006 superficiem

376 2012 603 2074 absolutissima
618 2013 804 2092 aequalitas,
830 2013 1001 2074 arctissima
1015 2014 1099 2087 unio,
1123 2012 1324 2091 pulcherrima
1339 2014 1536 2092 conspiratio,
1563 2034 1725 2090 connexus,

374 2101 499 2177 relatio,
526 2102 696 2180 proportio,
721 2120 920 2163 commensus.
960 2089 1093 2182 Cumque
1110 2102 1168 2163 tria
1187 2103 1249 2163 sint
1271 2102 1370 2181 plane,
1395 2110 1538 2178 centrum,
1555 2104 1727 2183 superficies

376 2200 404 2252 et
425 2191 634 2265 intervallum,
660 2191 705 2251 ita
727 2200 827 2251 tamen
853 2210 941 2251 unum
966 2200 1050 2265 sunt,
1075 2198 1108 2251 ut
1132 2191 1296 2252 nullumne
1317 2190 1452 2269 cogitatu
1476 2192 1596 2271 quidem
1619 2193 1727 2254 abesse

377 2279 470 2358 possit
493 2278 564 2359 quin
589 2287 685 2340 totum
709 2266 901 2341 destruaturs

460 2369 548 2429 Haec
572 2367 664 2445 igitur
687 2369 832 2450 genuina,
856 2369 931 2428 haec
956 2366 1112 2446 aptissima
1136 2365 1271 2445 corporei
1296 2366 1395 2427 mundi
1420 2376 1469 2428 est
1492 2368 1608 2447 imago,
1638 2387 1727 2447 quam

378 2457 422 2517 rel
444 2456 627 2535 simpliciter
651 2458 698 2516 vel
723 2467 861 2536 respectu
882 2454 1012 2536 quadani
1033 2455 1160 2534 suscipit
1185 2454 1324 2534 quicquid
1345 2456 1383 2516 ad
1403 2475 1548 2518 summam
1563 2458 1727 2537 perfectio-

382 2563 441 2606 nem
465 2546 548 2607 inter
570 2563 730 2624 corporeas
755 2555 910 2608 creaturas
943 2544 1068 2624 aspirat.
1116 2545 1282 2621 Propterea
1304 2561 1430 2622 corpora
1462 2546 1542 2624 ipsa,
1576 2563 1642 2606 cum
1673 2564 1728 2625 per

383 2652 444 2695 sese
469 2654 592 2696 suarum
616 2634 835 2713 superficierum
864 2635 972 2695 finibus
1006 2633 1231 2693 continerentur
1254 2652 1307 2693 nec
1336 2652 1403 2693 sese
1432 2633 1500 2712 ipsa
1529 2634 1728 2715 multiplicare

381 2731 501 2800 possent
524 2723 555 2784 in
579 2723 696 2797 orbern,
730 2725 822 2785 variis
847 2733 916 2784 sunt
938 2723 1077 2801 praedita
1102 2721 1275 2795 virtutibus,
1308 2740 1383 2800 qnae
1414 2721 1584 2784 nidulantes
1609 2723 1728 2803 quidem
1800 2753 1811 2763 -

383 2810 407 2871 in
429 2811 623 2891 corporibus,
648 2831 681 2872 se
700 2812 775 2891 ipsis
791 2831 860 2873 vero
880 2813 969 2889 paulo
990 2810 1144 2872 liberiores
1160 2821 1191 2870 et
1205 2810 1334 2870 materia
1351 2820 1489 2872 carentes
1505 2829 1657 2890 corporea,
1675 2789 1728 2872 se'd

381 2916 430 2959 tua
462 2899 593 2980 quadam
629 2910 804 2962 constantes
838 2900 978 2973 materia,
1013 2919 1089 2980 quae
1122 2898 1337 2972 dimensiones
1358 2900 1485 2978 suscipit
1516 2901 1727 2980 geometricas,

382 2987 591 3067 egrederentur
614 2989 774 3071 orbemque
799 2989 1006 3050 adfectarent:
1032 2997 1064 3049 ut
1088 2987 1247 3067 praecipue
1272 2987 1300 3047 in
1321 2998 1459 3067 magnete
1475 2989 1528 3049 sed
1548 2998 1580 3050 et
1602 2988 1631 3050 in
1648 2989 1727 3050 mul·

382 3076 417 3137 tis
439 3076 510 3139 aliis
533 3079 615 3139 clare
640 3088 776 3158 apparet.
825 3076 903 3147 Quid
928 3077 1033 3138 mirum
1057 3077 1164 3155 igitur,
1197 3076 1222 3136 si
1256 3076 1431 3156 principium
1465 3078 1538 3139 illud
1571 3077 1666 3138 omnis
1699 3077 1727 3138 in

382 3166 485 3227 mundo
509 3173 649 3243 umatus,
675 3168 754 3245 quod
778 3167 896 3243 divinus
918 3167 1021 3227 Moses
1046 3165 1131 3244 quasi
1154 3166 1301 3244 quoddam
1322 3163 1477 3227 Creatoris
1502 3167 1728 3228 instrumentum

387 3254 420 3314 ad
442 3254 599 3335 figuranda
623 3265 655 3316 et
678 3257 849 3334 vegetanda
873 3256 972 3316 omnia
995 3255 1043 3315 die
1068 3254 1172 3314 statim
1197 3255 1289 3332 primo
1314 3255 1343 3314 in
1368 3254 1525 3315 materiam
1547 3255 1599 3316 vix
1622 3256 1727 3317 condi-

347 3379 350 3383 *
384 3352 440 3403 tarn
464 3344 644 3417 introducit,
678 3346 702 3405 si
732 3345 788 3405 hoc
818 3345 937 3423 inquam
968 3343 1144 3424 principium
1175 3353 1207 3403 et
1236 3362 1283 3403 res
1311 3345 1339 3405 in
1365 3351 1430 3404 toto
1454 3362 1596 3422 corporeo
1620 3344 1728 3407 mundo

382 3432 654 3509 praestantissima,
684 3433 794 3495 matrix
819 3432 989 3494 animalium
1010 3432 1188 3493 facultatum
1207 3431 1413 3512 vinculumque
1437 3433 1571 3510 corporei
1591 3441 1622 3494 et
1637 3432 1729 3515 spiri·

384 3520 468 3582 tualis
491 3521 608 3594 mundi,
634 3522 663 3582 in
688 3523 771 3601 leges
796 3522 918 3582 easdem
944 3521 1131 3592 transiverit,
1156 3520 1262 3601 quibus
1285 3522 1412 3583 mundus
1436 3531 1503 3583 erat
1527 3521 1736 3593 exornandus.

384 3601 432 3669 Sul
454 3609 557 3690 itaque
581 3629 690 3690 corpus
713 3620 762 3672 est
785 3610 959 3691 quodpiam,
991 3611 1018 3670 in
1044 3628 1078 3669 eo
1103 3609 1177 3670 haec
1201 3628 1268 3670 sese
1292 3610 1381 3670 rebus
1405 3609 1541 3670 omnibus
1565 3609 1729 3671 communi-

384 3698 465 3758 candi
490 3700 636 3772 facultas,
662 3719 751 3779 qnam
777 3701 872 3760 lucem
891 3699 1093 3778 appellamus,
1119 3698 1165 3759 cui
1189 3699 1235 3758 vel
1261 3698 1298 3758 ub
1322 3698 1400 3758 hanc
1415 3717 1536 3758 cansam
1560 3700 1675 3760 medius
1699 3697 1728 3757 in

384 3794 443 3847 toto
466 3788 576 3849 mundo
602 3789 684 3850 locus
709 3798 740 3849 et
763 3796 898 3849 centrum
923 3787 1063 3861 debetur,
1090 3796 1123 3847 ut
1143 3786 1341 3865 aequabiliter
1363 3794 1507 3865 perpetuo
1532 3806 1599 3846 sese
1623 3786 1652 3846 in
1677 3800 1728 3845 or-

386 3874 445 3937 bem
468 3885 565 3938 totum
588 3876 777 3938 diffunderet.
825 3876 928 3938 Solem
951 3877 1050 3937 omnia
1075 3876 1134 3936 alia
1163 3894 1239 3954 qnae
1272 3874 1346 3936 lucis
1376 3882 1446 3935 sunt
1476 3874 1636 3953 participia
1658 3872 1729 3933 irni-

387 3973 490 4026 unsar.
527 3964 577 4025 Ex
601 3966 658 4026 hac
681 3966 921 4027 consideratione
937 3965 1022 4044 quasi
1046 3964 1192 4044 quaedam
1216 3961 1437 4043 propositiones
1461 3962 1542 4038 fient,
1568 3968 1731 4043 quaesunt

387 4053 459 4132 apud
481 4052 654 4128 Euclidem,
680 4055 873 4116 Vitelliunem
898 4065 930 4115 et
953 4063 1070 4115 ceteros
1096 4052 1174 4114 inter
1197 4052 1353 4132 principia.

466 4143 686 4223 Propositio
711 4145 735 4205 l.
775 4142 863 4204 Luci
888 4143 1055 4204 effluxns
1080 4142 1139 4201 vel
1173 4142 1388 4219 ejaculatio
1412 4137 1596 4218 competit
1620 4138 1732 4200 a'sna

387 4230 526 4311 origiue
548 4232 583 4293 in
608 4232 730 4293 locum
754 4232 971 4293 distantem.
1019 4231 1141 4292 Dictum
1166 4230 1243 4290 euim
1269 4238 1317 4290 est
1341 4229 1479 4289 debuisse
1499 4228 1580 4288 illam
1598 4245 1730 4288 commu-

389 4318 470 4383 nicari
498 4320 672 4399 corporibus
696 4321 843 4382 omnibus.
889 4319 938 4380 Ea
961 4319 1187 4381 communicatio
1212 4319 1274 4379 fieri
1299 4318 1402 4378 debuit
1417 4316 1632 4377 dimensionum
1657 4334 1731 4377 con-

386 4405 550 4483 junctione:
588 4409 716 4471 diximus
741 4409 819 4470 enim
853 4410 960 4469 cadere
986 4409 1081 4469 lucem
1105 4408 1134 4468 iu
1159 4408 1242 4486 leges
1270 4404 1468 4486 geometricas
1493 4415 1525 4465 et
1547 4403 1732 4466 considerari

389 4491 413 4556 iu
442 4498 507 4561 loco
537 4506 573 4559 ut
601 4517 710 4577 corpus
739 4498 963 4577 geometricum.
1010 4496 1092 4574 Ergo
1122 4494 1387 4557 communicabitur
1417 4503 1470 4554 aut
1497 4512 1551 4572 per
1573 4510 1730 4553 accessum

391 4583 471 4649 fontis
494 4587 541 4648 sni
565 4586 692 4660 adres,
724 4587 802 4667 quod
834 4587 995 4647 absurdum
1027 4595 1075 4644 est
1103 4598 1134 4643 et
1168 4583 1395 4645 communicatio
1424 4583 1523 4654 nulla3
1557 4580 1733 4661 relinquitur

391 4671 487 4750 igitur,
512 4683 545 4737 ut
567 4693 623 4756 per
646 4675 848 4754 egressionem
873 4676 998 4735 localem
1023 4675 1221 4752 effluxumque
1246 4693 1265 4733 a
1288 4689 1411 4751 corpore
1436 4689 1500 4733 suo.

467 4766 575 4843 Prop.
592 4766 631 4826 ll.
669 4764 846 4825 Punctum
872 4763 1073 4843 quodlibet
1097 4761 1263 4823 infinitis
1287 4779 1434 4822 numero
1458 4757 1571 4820 lineis
1591 4756 1730 4817 effluit.

395 4847 511 4915 Scilicet
541 4862 575 4914 ut
601 4854 703 4914 orbem
727 4872 844 4914 omnem
867 4850 1058 4912 circumcirca
1081 4850 1226 4924 illustret,
1261 4847 1338 4929 quod
1368 4848 1431 4910 fieri
1462 4833 1570 4908 debere
1594 4843 1731 4907 diximus.
1801 4909 1805 4915 ,

392 4934 576 5018 sphaericum
600 4948 700 5003 autern
719 4940 851 5002 infinitas
874 4940 967 5001 habet
990 4939 1092 5000 lineas.

468 5030 648 5109 Proplll.
682 5030 762 5091 Lnrr
786 5049 827 5090 se
848 5029 932 5107 ipsa
953 5028 994 5088 in
1019 5023 1417 5105 infinitumprogredi
1440 5029 1537 5101 apta
1556 5031 1625 5082 est.
1655 5017 1732 5083 Cum

393 5118 462 5180 eninr
485 5118 666 5212 quantitatis
690 5128 722 5181 et
744 5117 905 5181 densitatis
929 5116 970 5178 sit
991 5116 1146 5195 particeps
1169 5133 1222 5193 per
1246 5113 1416 5192 superiora,
1440 5109 1524 5170 nulla
1538 5107 1733 5189 amplitudine

1478 5210 1521 5261 οὔ
