4584 6192
357 560 365 576 ’
464 629 532 700 aua
969 613 1301 692 omem-ue

466 808 678 892 proferuntque
700 807 798 868 lecum
820 822 859 867 ex
885 804 1047 868 canonibus
1069 802 1234 870 clementis
1256 801 1403 874 Romani,
1434 818 1560 881 quornm
1593 798 1722 881 ιῑὴιιοι
1744 800 1821 883 Epi-

466 897 594 981 phanius
616 903 773 976 suspectos
795 892 889 956 babet
909 893 1063 957 novitatis.
1099 894 1163 958 Alii
1179 910 1223 954 -sx
1246 890 1379 954 oratione
1401 889 1440 952 Ι).
1465 887 1687 971 chrysostomi
1711 890 1752 953 de
1775 890 1822 955 die

465 986 573 1054 Natali
595 984 802 1048 recentiorem.
816 982 930 1046 faciunt
961 982 1105 1063 originem
1137 979 1314 1045 festivitatis
1335 980 1365 1041 in
1388 976 1442 1044 25.
1465 977 1616 1042 Decemb.
1666 978 1723 1044 Sic
1746 981 1821 1045 enm

467 1073 650 1148 ematimant,
672 1074 699 1137 si
721 1080 785 1133 tam
807 1072 931 1153 antiqua
952 1072 1135 1136 consuetudo
1156 1070 1274 1146 'fuisset
1297 1088 1356 1131 non
1380 1067 1529 1132 dicturum
1553 1067 1655 1132 luisse
1680 1066 1819 1153 chryso-

468 1157 609 1238 atomum,
629 1181 663 1225 se
686 1161 769 1224 illam
791 1159 918 1224 nonita
944 1159 1078 1242 pridem,
1112 1167 1183 1223 ente
1206 1176 1300 1222 annos
1323 1154 1426 1220 decem
1457 1157 1596 1233 seilicet,
1628 1176 1652 1220 a
1673 1156 1821 1240 Remmia

467 1259 623 1334 acceptam
650 1248 943 1332 constantinopolim
973 1249 1144 1328 invexisse:
1182 1267 1278 1330 usque
1309 1265 1449 1310 ausurum
1482 1246 1580 1308 fuisse
1614 1244 1821 1329 Epiphanium

469 1341 619 1406 affirmare
642 1340 741 1404 adhuc
762 1357 816 1401 suo
839 1357 924 1414 aevo,
949 1335 1103 1402 christum
1124 1346 1227 1415 natum
1250 1332 1281 1401 6.
1303 1335 1451 1400 Januarii.
1488 1335 1566 1398 'Ihm
1591 1343 1705 1400 autem
1729 1357 1821 1420 appa·

466 1449 533 1496 rare
562 1427 666 1501 facile,
698 1426 806 1510 quibua
836 1428 1019 1509 argumentis
1043 1426 1206 1510 conceptio
1230 1424 1345 1491 christi
1371 1423 1571 1488 inhiantium
1601 1425 1771 1503 inciderit,
1793 1436 1822 1492 ut

366 1561 371 1570 .
467 1521 513 1584 its
533 1509 579 1583 de'
594 1516 824 1582 auctoritatibus
846 1524 879 1579 et
895 1516 1055 1580 traditione
1077 1517 1195 1590 nonsit
1217 1509 1291 1597 opus
1314 1514 1459 1595 cogitare.
1491 1511 1571 1577 cem
1596 1515 1686 1579 enim
1709 1517 1822 1600 legarat

467 1605 816 1689 uliquisiulluangelio:
836 1623 958 1668 manae
980 1613 1097 1669 autem
1116 1614 1221 1669 sexto
1243 1603 1378 1668 missus
1400 1610 1460 1665 est
1481 1604 1642 1683 angelus
1663 1602 1822 1671 Gabriel

469 1697 513 1761 ad
536 1691 740 1776 Virginem,
763 1711 821 1757 non
844 1693 979 1774 respexit
1000 1694 1038 1757 ad
1060 1694 1291 1775 praecedentia:
1323 1691 1520 1754 Elisabeth
1552 1691 1769 1759 abscondit
1787 1715 1821 1760 aa

468 1803 612 1849 menses
634 1784 803 1866 quinque,
826 1783 880 1844 aed
907 1783 1025 1865 accepit
1046 1785 1102 1846 hoc
1124 1782 1235 1846 dictum
1258 1782 1295 1844 de
1317 1781 1446 1844 Judaica
1472 1780 1551 1843 serie
1577 1784 1748 1858 mensium,
1770 1805 1820 1849 non

470 1895 491 1938 a
508 1874 606 1938 Niaan
629 1872 683 1935 sed
702 1870 825 1941 alieri,
847 1871 1021 1954 quod·illud
1044 1872 1133 1935 fucrit
1156 1871 1275 1936 initium·
1292 1869 1441 1933 vetustius
1453 1869 1528 1932 anni
1540 1870 1687 1935 ludoici.
1721 1875 1820 1956 ltaque

471 1982 539 2027 eum
560 1959 647 2025 Adur
669 1959 711 2025 sit
731 1966 836 2024 sextus
858 1980 878 2023 a
899 1960 991 2032 lieri,
1014 1963 1188 2025 convenerit
1208 1978 1278 2024 varo
1306 1978 1372 2022 oum
1393 1959 1506 2022 Martio
1528 1958 1691 2039 Romano,
1716 1964 1820 2026 Martio

472 2070 589 2117 meuse·
606 2049 735 2113 credidit
762 2048 887 2112 mimum
917 2051 1054 2129 angelum
1084 2051 1122 2115 ad
1154 2050 1309 2131 Virginem
1340 2065 1429 2129 super
1460 2050 1670 2129 conceptione
1704 2051 1819 2117 cunae.

471 2140 570 2205 Addit
591 2138 825 2222 chrysostomus
853 2138 960 2219 aliique
988 2140 1080 2203 etiam
1108 2140 1209 2221 plnres
1241 2137 1485 2202 ratiocinationes
1509 2155 1549 2200 ex
1573 2139 1664 2203 dicto
1688 2141 1818 2216 loannis,

350 2295 361 2320 ·
470 2229 521 2312 qui
535 2228 687 2294 christum
711 2225 1030 2309 affirmavitcpcrters
1053 2247 1198 2306 crescere,
1222 2247 1255 2292 se
1274 2245 1344 2290 vero
1358 2226 1467 2302 minui:
1490 2227 1574 2307 quod
1598 2231 1820 2295 transtulerunt

471 2317 511 2381 ad
534 2315 757 2398 conceptionem
783 2315 874 2379 etiam
896 2325 930 2380 et
951 2327 1048 2380 ortum
1078 2336 1195 2388 eorum,
1229 2317 1325 2396 adque
1354 2323 1492 2378 naturam
1519 2334 1632 2380 cursus
1659 2317 1765 2383 Solia:
1792 2329 1820 2382 nt

473 2405 614 2471 christus
645 2403 850 2486 conciperetur
878 2404 909 2468 in
939 2406 1079 2470 maximis
1110 2407 1170 2470 diei
1204 2404 1414 2480 incrementis,
1446 2403 1587 2469 loannes
1620 2405 1656 2470 in
1687 2408 1818 2473 maximis

471 2493 686 2560 decrementis:
711 2502 744 2558 et
763 2493 814 2557 ille
838 2503 1012 2558 nasceretur
1033 2495 1063 2558 in
1085 2495 1182 2577 primo
1205 2494 1290 2558 initio
1312 2493 1486 2570 crescentia,
1508 2491 1654 2560 Juannea
1677 2496 1711 2562 in
1734 2500 1818 2581 prinu

472 2584 560 2649 initio
582 2583 786 2648 decrescentis
809 2582 878 2660 diei,
900 2584 952 2648 ille
973 2593 1116 2667 surgente
1138 2583 1222 2658 Sole,
1245 2582 1292 2646 hio
1314 2583 1449 2646 cadente.
1525 2641 1527 2646 ,
1701 2593 1703 2604 ·

560 2674 646 2735 Haec
667 2680 815 2754 utcunque
838 2672 909 2748 sint,
932 2682 1014 2736 certe
1037 2674 1139 2737 seculo
1161 2672 1297 2755 Dionysii
1316 2673 1379 2753 jam
1402 2672 1432 2734 in
1448 2671 1628 2736 universum
1654 2675 1818 2740 obtinuerat

472 2761 582 2845 opinio,
607 2760 760 2826 christum
782 2759 957 2845 conceptum
981 2763 1010 2826 iu
1033 2762 1220 2843 aequinoctio
1242 2780 1333 2824 verno
1356 2770 1388 2823 et
1405 2759 1621 2826 sicJoanuem
1647 2764 1680 2827 in
1704 2775 1816 2830 antun-

471 2850 542 2915 nali.
579 2849 750 2932 Sequuntur
771 2869 848 2914 nunc
870 2851 995 2933 reliqua.
1016 2850 1109 2916 cum
1132 2853 1210 2915 enim
1232 2858 1318 2934 peter
1332 2849 1459 2914 Juannis
1478 2849 1657 2918 zacheriae
1679 2856 1817 2920 obtulisse

471 2941 625 3004 incensum
646 2939 764 3003 dicatur
786 2939 953 3023 intemplo,
977 2942 1122 3004 creditum
1142 2941 1208 3017 fult,
1230 2947 1265 3003 ut
1278 2947 1406 3022 apparet
1427 2957 1466 3001 ex
1482 2936 1724 3023 chrysostomo,
1745 2945 1817 3009 utun

472 3029 565 3094 fuisse
582 3047 734 3092 summum
755 3027 955 3106 Pontificem,¹
972 3037 1005 3092 et
1026 3030 1208 3093 oblationem
1238 3030 1314 3092 hanc
1336 3028 1374 3092 ab
1397 3048 1433 3091 eu
1457 3029 1573 3092 factm
1598 3031 1631 3094 in
1657 3034 1741 3098 festo
1761 3035 1817 3098 lh·

471 3117 623 3202 piationia,
646 3116 765 3198 quando
787 3118 844 3180 soli
867 3136 981 3182 summo
1003 3115 1140 3184 Pontifici
1171 3119 1283 3182 licebat
1312 3117 1430 3199 ingredi
1452 3117 1604 3181 Sanctum
1630 3119 1815 3188 Quum

471 3207 562 3273 Vidit
582 3206 660 3270 enim
683 3207 821 3288 angelum
842 3227 909 3270 uum
940 3207 1094 3289 ingressus
1125 3216 1209 3271 esset
1230 3209 1261 3271 iu
1284 3208 1443 3288 templum,
1466 3206 1581 3287 populo
1612 3209 1692 3276 foria
1726 3221 1816 3278 stante

471 3297 537 3379 ipae
568 3295 651 3359 solus
682 3295 815 3360 relictus.
865 3297 950 3360 Haec
979 3297 1110 3361 solitudo
1142 3297 1293 3362 offerentis
1322 3295 1480 3359 videbatur
1504 3314 1646 3377 arguere
1679 3300 1817 3367 Sanctum

472 3386 661 3451 Sanctorum.
706 3384 802 3465 Atqui
825 3403 920 3467 neque
946 3387 1052 3449 summi
1074 3386 1228 3451 Pontificio
1251 3393 1299 3449 est
1322 3387 1474 3449 incensum
1495 3404 1626 3467 ponere,
1651 3393 1705 3456 vel
1728 3391 1816 3456 udi

473 3494 577 3539 munus
600 3474 787 3554 expiationis,
813 3476 891 3555 quod
913 3473 972 3537 soli
987 3476 1140 3552 convenit,
1160 3480 1290 3555 (carolus
1303 3486 1431 3561 Sigonius
1450 3489 1483 3541 de
1496 3489 1601 3558 repub.
1616 3489 1816 3561 flectuum)

473 3561 765 3645 nequeZacharias
799 3583 930 3626 summus
959 3566 1094 3644 pontifex
1127 3564 1198 3640 fuit,
1230 3566 1337 3645 quippe
1368 3566 1485 3627 tribulis
1516 3567 1641 3643 Abiae,
1676 3574 1764 3653 cujus
1788 3590 1817 3634 er

475 3653 582 3734 viginti
614 3660 740 3733 quatuor
766 3652 848 3715 vices
880 3662 967 3715 erant
998 3661 1142 3716 octavae:
1176 3663 1208 3715 et
1239 3655 1343 3716 summi
1373 3654 1535 3718 Pontifices
1575 3657 1648 3738 ejus
1683 3662 1818 3743 temporis

473 3744 623 3806 referente
651 3740 784 3820 Josepho
814 3749 902 3803 erant
931 3740 1033 3805 Simon
1068 3742 1194 3819 Boethi,
1230 3761 1315 3805 socer
1347 3744 1475 3814 Herodis
1506 3764 1588 3807 anno
1622 3748 1753 3815 Julianu
1774 3748 1816 3814 23.

474 3849 566 3912 usque
589 3831 620 3892 iu
642 3829 793 3893 Juliauum
815 3827 877 3906 41,
901 3831 1049 3894 Matthias
1072 3831 1227 3912 Theophili
1249 3833 1515 3915 Jerosnlymitani,
1546 3851 1607 3914 per
1636 3845 1754 3906 annum
1774 3839 1816 3912 ll,

474 3920 529 3984 suh
561 3920 617 3982 boc
643 3919 794 4000 Josephus
822 3918 932 3984 Ellemi
963 3929 1109 4001 cognatus
1139 3921 1219 3983 illius
1251 3922 1336 3984 unius
1367 3922 1426 3985 diei
1454 3922 1609 4002 pontifex.
1660 3929 1817 4012 Theophilo

473 4017 588 4072 remoto
611 4007 649 4070 ob
672 4008 849 4071 seditionem
880 4010 1062 4073 concitatam
1091 4010 1239 4073 successit
1259 4011 1405 4074 Joasmua
1428 4010 1563 4078 Simonis
1593 4017 1704 4094 filius,
1732 4020 1816 4083 affinia

473 4098 617 4174 Herodis,
650 4115 728 4162 anno
750 4097 870 4163 luliano
892 4094 946 4162 42.
976 4100 1151 4179 functusque
1181 4107 1230 4161 est
1259 4100 1471 4181 efficiensque
1500 4102 1540 4164 ad
1565 4105 1724 4174 Archelai
1747 4110 1816 4173 luco·

474 4187 634 4250 motionem
656 4186 758 4249 multia
780 4188 866 4250 annia
888 4196 959 4270 post
981 4195 1105 4253 mortem
1127 4188 1256 4251 Herodis
1279 4189 1383 4270 Regia.

563 4274 625 4338 Sed
647 4293 807 4357 pergamus
830 4278 859 4339 in
882 4277 940 4340 hac
963 4278 1237 4358 argumentatione3
1259 4278 1301 4341 sit
1323 4279 1406 4341 facta
1428 4277 1629 4346 annunciatio
1646 4286 1815 4351 Jcanuiain

475 4366 553 4429 festo
575 4364 775 4444 Expintiouis.
810 4367 889 4430 lllud
906 4383 977 4429 vero
999 4368 1143 4444 celebrari
1164 4368 1295 4447 oportuit
1312 4369 1399 4431 Luna
1411 4369 1453 4432 X.
1491 4363 1708 4446 Quaerendae
1725 4361 1815 4458 itaque

476 4454 532 4518 fuit
553 4453 699 4536 Dionysio
723 4474 833 4530 annus,
866 4456 897 4518 in
920 4474 976 4536 quo
999 4455 1087 4520 Luna
1108 4459 1149 4520 X.
1174 4465 1256 4519 esset
1278 4458 1412 4539 proxime
1442 4455 1678 4537 aequinoctium
1709 4477 1814 4529 antun-

475 4544 553 4617 nals,
579 4543 656 4624 qnod
678 4542 715 4617 is,
740 4544 788 4625 qui
812 4545 932 4607 vernale
954 4545 983 4609 in
1008 4543 1059 4610 25.
1075 4546 1179 4609 Martii
1202 4545 1286 4626 ponit
1308 4546 1414 4628 quique
1437 4552 1592 4612 aestatem
1618 4553 1739 4619 dierum
1756 4550 1814 4618 ¹86.

476 4632 559 4706 lacit,
583 4640 619 4693 ut
640 4631 764 4708 Plinius,
787 4635 956 4697 necessario
978 4635 1008 4698 in
1032 4634 1084 4698 27.
1110 4634 1296 4716 Septembris
1319 4636 1442 4699 confert
1487 4634 1589 4719 Atqui
1621 4646 1712 4708 aolus
1733 4663 1815 4707 annus

474 4719 612 4783 Julianus
635 4716 687 4784 115.
712 4729 761 4783 est
782 4722 863 4797 talis,
886 4724 915 4785 in
929 4744 995 4805 quo
1018 4724 1105 4787 Luna
1121 4726 1163 4788 X.
1188 4723 1269 4786 cadit
1291 4724 1424 4807 proxime
1448 4722 1499 4789 27.
1522 4725 1735 4808 Septembris.
1769 4733 1815 4795 lat

475 4809 554 4873 enim
576 4829 612 4871 eo
636 4828 713 4871 anno
737 4830 843 4874 aureus
865 4831 1003 4875 numerus
1026 4813 1050 4875 l.
1074 4814 1166 4876 index
1188 4813 1342 4888 novilunii,
1366 4814 1417 4894 qui
1443 4811 1569 4895 ponitur
1591 4821 1637 4883 ad
1666 4819 1719 4887 16.
1742 4821 1814 4903 Sept

475 4905 608 4977 tempore
629 4899 761 4975 Nicen03
790 4901 892 4981 itaque
914 4912 1046 4983 tempure
1070 4902 1183 4966 christi
1207 4902 1402 4972 novilunium,
1431 4905 1617 4983 etquidem
1641 4914 1814 4976 arestonius

476 4985 624 5063 ostendit,
658 4988 705 5050 die
734 4987 780 5052 17.
804 4988 889 5070 Sept
922 5012 1008 5054 mane
1037 4994 1112 5055 hora
1142 5001 1226 5054 ortus
1249 4992 1338 5055 Solis.
1385 4991 1427 5054 Et
1449 4991 1593 5075 Scaliger
1619 5019 1662 5063 ex
1688 5008 1813 5083 computu

476 5073 603 5138 Judaico
625 5075 726 5156 prodit
746 5079 926 5142 novilunium
951 5081 1028 5143 'lieri
1055 5078 1103 5146 18.
1128 5080 1214 5161 Sept.
1251 5082 1357 5163 ltaque
1381 5078 1433 5144 27.
1457 5080 1546 5161 Sept.
1571 5087 1646 5152 dies
1669 5090 1750 5154 idem
1769 5090 1813 5154 luit

477 5171 511 5226 st
532 5164 710 5246 aequinoctii
732 5165 861 5230 Romani
884 5177 916 5232 et
937 5169 1040 5233 Lunae
1070 5171 1203 5235 decimae
1226 5170 1323 5236 etsie
1350 5170 1422 5234 festi
1452 5170 1656 5254 expiationis.
1700 5179 1751 5246 Ex
1769 5181 1812 5244 hat
