4584 6192
857 596 994 668 „supe
1011 596 1232 667 sueinum-sa
1277 609 1302 653 ,ι
1664 598 1731 667 m

372 771 580 847 baltassar,
604 792 658 851 per
681 776 804 855 specula
827 784 861 837 et
881 776 1007 855 specilla
1031 776 1167 850 efficere,
1195 784 1231 840 ut
1254 777 1361 839 literae
1385 778 1605 842 minutissimas
1624 779 1731 843 'multis

372 861 551 926 milliaribus
567 872 700 925 remotae
726 865 768 925 sic
793 864 973 943 legerentur,
999 885 1035 925 ac
1059 867 1085 928 si
1107 875 1287 944 praesentes
1311 876 1424 929 essent.
1472 868 1513 929 Et
1536 877 1570 930 ut
1594 869 1632 929 ad
1657 887 1729 931 cne-

375 952 466 1016 lestia
489 951 565 1016 haec
589 953 833 1016 accommodem:
858 954 975 1032 specilli
998 955 1086 1034 hujus
1110 955 1227 1016 fabrica
1258 955 1363 1018 nititur
1401 956 1570 1034 hujusmodi
1603 976 1729 1036 geome-

374 1041 460 1103 tricis
490 1041 662 1121 principiis,
699 1050 733 1104 ιιι
769 1043 867 1121 quoad
898 1044 1037 1105 effectum
1070 1044 1187 1106 infinita
1216 1044 1310 1105 videri
1340 1044 1448 1124 possit.
1494 1047 1564 1108 Non
1588 1046 1730 1108 existimo

374 1139 495 1205 tamen,
529 1138 564 1192 ut
585 1139 704 1191 montes
727 1130 755 1191 in
780 1132 868 1193 Luna
900 1141 931 1196 et
963 1132 1076 1207 valles,
1110 1134 1153 1194 sic
1184 1132 1307 1194 arbores
1338 1152 1453 1213 quoque
1486 1145 1517 1196 et
1546 1153 1651 1197 cervos
1678 1142 1732 1196 ant

375 1237 470 1281 nares
504 1219 533 1287 in
565 1219 689 1281 lacubus
721 1220 756 1281 iis
791 1221 944 1284 fluitantes
978 1221 1049 1283 olim
1072 1230 1333 1301 repraesentatum
1355 1223 1401 1283 iri.
1448 1223 1636 1301 Argumento
1661 1231 1732 1287 ntor

376 1310 482 1371 eodem
504 1325 562 1387 qno
586 1309 667 1371 olim.
714 1309 795 1371 Nam
818 1320 852 1370 ut
876 1311 955 1371 a'e'ris
979 1310 1022 1370 sic
1046 1311 1179 1372 aetheris
1203 1329 1333 1390 quoque,
1363 1312 1389 1373 si
1419 1312 1506 1372 modo
1539 1331 1647 1390 corpus
1673 1321 1732 1386 est

375 1397 487 1477 aliquis
510 1398 681 1459 necessario
705 1398 788 1458 color
822 1406 888 1460 eat:
921 1418 1008 1477 quem
1042 1400 1069 1460 si
1093 1400 1190 1461 lumen
1215 1400 1401 1462 stellulamm
1426 1398 1568 1480 Solisque
1591 1401 1620 1462 in
1643 1402 1732 1465 Luna

378 1488 520 1548 reflexum
544 1495 688 1565 superat,
722 1495 755 1548 at
778 1506 836 1547 nnn
861 1489 1016 1566 superabit
1045 1488 1245 1552 minutissima
1277 1489 1321 1550 rei
1355 1489 1461 1552 lucula.
1506 1489 1619 1551 Eorum
1642 1489 1730 1564 enim‘,

378 1591 455 1654 quae
479 1583 549 1640 sunt
573 1576 707 1655 ejusdem
730 1576 867 1654 generis,
892 1585 924 1640 ut
947 1577 1056 1639 coloris
1080 1579 1108 1639 ia
1134 1578 1256 1640 aethere
1280 1585 1313 1639 et
1335 1577 1444 1639 coloris
1466 1577 1496 1640 in
1520 1578 1732 1657 superficiebus

379 1665 539 1724 densarum
564 1673 769 1726 creaturarum
795 1665 949 1739 lunarium,
983 1665 1135 1746 proportio
1159 1675 1263 1729 mutua
1294 1667 1401 1728 inverti
1431 1673 1535 1746 potest
1566 1667 1731 1729 continenti

379 1753 503 1816 minoris
528 1754 667 1816 auctione
691 1762 743 1815 aut
767 1754 888 1833 majoris
912 1754 1115 1818 diminutione.
1168 1754 1230 1816 Sed
1259 1756 1337 1817 addo
1362 1763 1394 1817 et
1416 1757 1545 1817 alterum
1569 1773 1732 1834 argumen-
1762 1824 1778 1849 Ι

377 1850 451 1904 turn.
500 1841 567 1904 Etsi
590 1851 756 1922 praecepta
779 1844 889 1904 docent
912 1844 1125 1907 fabricamsic
1159 1845 1285 1919 instrui,
1318 1852 1353 1906 ut
1383 1845 1508 1907 effectus
1532 1844 1562 1906 in
1586 1844 1733 1908 infinitum

378 1945 473 2011 usque
495 1930 720 2012 multiplicetur,
745 1951 850 1994 manus
872 1940 976 1994 tamen
1000 1933 1123 1995 artificis
1156 1943 1222 1994 non·
1246 1953 1281 1995 eo
1310 1952 1405 2014 nsque
1435 1941 1607 2014 sequentur.
1652 1934 1731 1995 Nam

378 2020 485 2083 sinon
513 2028 632 2082 tantum
656 2021 743 2083 deest
764 2021 962 2099 politissimae
986 2022 1057 2085 vitri
1081 2022 1275 2095 rotunditati,
1315 2023 1394 2105 quod
1425 2023 1474 2084 rel
1497 2022 1601 2085 Lunae
1625 2039 1733 2101 corpus

375 2109 424 2169 vel
449 2109 516 2187 ejus
539 2118 657 2189 partem
680 2110 875 2172 centesimam
906 2111 1095 2191 distorqueat
1125 2121 1157 2172 et
1188 2113 1303 2173 lunulas
1337 2112 1520 2185 confundat,
1555 2119 1588 2173 st
1616 2118 1733 2173 tantum

377 2197 505 2277 denique
530 2198 644 2272 deerit,
684 2201 761 2278 qnod
796 2199 897 2261 decies
926 2200 1116 2262 millesimam
1147 2200 1285 2275 aboleat3
1321 2208 1355 2261 nt
1386 2201 1412 2261 si
1435 2200 1565 2280 jubeas,
1601 2201 1732 2263 reculam

379 2282 490 2349 50000
522 2286 691 2349 milliarium
716 2287 825 2351 abhinc
850 2288 1013 2351 distantem
1039 2290 1082 2351 sic
1099 2290 1246 2351 'exhibere
1269 2298 1469 2374 praesentem,
1494 2308 1530 2351 an
1554 2289 1580 2351 si
1601 2288 1734 2352 distaret

380 2396 469 2438 unum
494 2376 638 2445 milliare,
673 2377 768 2438 deerit
791 2377 921 2440 fortasse
945 2380 1124 2441 rotunditati
1147 2379 1217 2440 vitri
1239 2379 1405 2458 particula,
1430 2399 1459 2442 v.
1483 2397 1510 2439 c.
1535 2378 1732 2459 quinquagies

379 2464 557 2538 millesima,
592 2481 668 2543 quae
697 2466 761 2543 jam
796 2474 891 2528 totum
921 2468 992 2529 illud
1016 2467 1323 2530 idolnmrconfundet
1370 2466 1482 2529 Nescio
1506 2475 1731 2544 anaargum'an,

381 2562 478 2616 torum
502 2554 606 2616 horum
630 2555 806 2616 alterutrum
830 2557 1019 2618 confirmetur
1041 2558 1093 2619 illo
1117 2557 1341 2636 experimento,
1371 2557 1448 2636 quod
1471 2556 1503 2618 in
1525 2556 1731 2635 praestantis·

378 2642 463 2703 simis
487 2642 576 2716 tubis,
602 2662 676 2722 qnos
699 2645 845 2706 hactenns
859 2645 931 2706 mihi
946 2647 1075 2725 contigit
1089 2646 1199 2720 videre,
1225 2664 1300 2707 aura
1322 2645 1465 2707 coelestis
1485 2646 1549 2724 jam
1572 2645 1675 2708 albida
1698 2652 1731 2707 et

377 2732 540 2811 splendens
563 2743 817 2811 repraesentatur,
842 2754 1004 2815 perquam
1026 2736 1077 2796 vix
1101 2742 1305 2814 agnoscuntur
1328 2735 1467 2796 stellulae
1492 2733 1562 2795 illae
1585 2734 1729 2795 minutae.

467 2820 539 2882 Dixi
571 2840 619 2883 me
652 2822 772 2892 ludere,
812 2824 912 2904 itaque
950 2833 1036 2903 turpe
1072 2826 1144 2886 mihi
1176 2844 1234 2886 non
1267 2832 1325 2897 est,
1352 2831 1469 2903 partem
1498 2823 1591 2885 etiam
1617 2823 1730 2885 victam

379 2917 560 2972 restaurare.
608 2909 750 2973 Concedo
783 2913 859 2973 enirn
884 2921 919 2974 ut
945 2914 975 2974 in
998 2914 1220 2975 Dissertatinue
1245 2930 1376 2992 qunque,
1408 2912 1520 2993 aliquid
1546 2932 1564 2972 a
1588 2910 1729 2976 Galilaea

376 2999 566 3079 praestitum,
592 3002 668 3079 qnod
685 3020 872 3081 nequaqnam
886 3021 1089 3082 speraveram.
1127 3004 1174 3064 At
1190 3020 1307 3064 rursum
1331 3002 1358 3064 si
1382 3020 1438 3080 ego
1461 3001 1493 3063 id
1516 3020 1574 3062 non
1598 3001 1728 3082 sperarit

379 3089 475 3151 habeo
501 3096 612 3163 tamen,
638 3109 725 3168 quern
747 3091 811 3164 tibi,
836 3093 957 3170 roganti
981 3092 1070 3171 ,quis
1084 3093 1158 3152 haec
1175 3092 1346 3171 putasset,“
1371 3090 1530 3152 exhibeam
1554 3109 1592 3150 ex
1605 3090 1729 3151 Disser-

380 3178 497 3239 tatinue
521 3197 598 3251 mes,
622 3178 786 3240 Pistorium
808 3181 942 3261 adeoque
966 3181 1065 3260 ipsum
1088 3180 1264 3243 Caesarem.
1311 3181 1458 3259 Adeoque
1481 3187 1515 3240 at
1535 3179 1564 3240 in
1587 3198 1627 3240 ea
1649 3179 1731 3240 diffi-

378 3267 498 3339 dentia,
532 3268 610 3346 quod
638 3269 721 3329 visus
749 3270 844 3330 nudus
874 3279 1031 3349 praestare
1055 3289 1114 3331 non
1137 3271 1237 3350 possit
1260 3288 1407 3349 eaquae
1433 3269 1554 3348 speculo
1588 3274 1732 3342 armatus,

380 3356 587 3419 adversarium
611 3357 705 3418 habes
729 3357 961 3433 Wackherinm,
987 3359 1036 3439 qui
1060 3359 1179 3420 omniun
1202 3367 1310 3438 putat,
1343 3358 1372 3420 in
1388 3358 1453 3420 hoc
1476 3357 1590 3419 infinito
1614 3357 1733 3437 generis

378 3446 499 3507 humani
523 3464 644 3508 numero
668 3448 810 3526 reperiri,
836 3448 885 3528 qui
909 3448 1043 3528 simplice
1067 3449 1134 3510 visu
1157 3467 1276 3510 omnem
1299 3448 1486 3527 speculariae
1510 3446 1635 3510 visionis
1658 3446 1733 3508 snh÷

379 3533 522 3596 tilitatem
554 3535 717 3598 imitentur.
761 3536 828 3597 ’Nec
851 3538 940 3598 valde
963 3539 992 3599 ei
1015 3557 1158 3618 repugno.
1206 3538 1280 3599 Vidi
1303 3538 1381 3598 enim
1409 3537 1460 3617 q'ni
1492 3537 1529 3597 de
1562 3536 1609 3597 die
1633 3535 1734 3596 omnia

378 3632 613 3702 assequerentur
635 3625 723 3685 nudis
751 3626 865 3700 oculis,
899 3646 975 3706 quae
1008 3628 1074 3708 ipse
1105 3628 1156 3688 vix
1188 3625 1373 3705 assequebar
1404 3626 1621 3699 instrumento,
1654 3623 1732 3702 quad

380 3712 539 3792 decuplam
562 3713 729 3776 exhibebat
749 3715 790 3775 rei
815 3716 1000 3784 diametrum
1619 3783 1621 3790 ,

470 3799 548 3870 Quis
564 3819 641 3865 :vero
665 3812 698 3864 tn
715 3803 769 3864 {vel
793 3805 916 3865 tandem
947 3805 1016 3885 qui,
1049 3824 1119 3867 eum
1150 3803 1243 3864 etiam
1267 3802 1419 3864 meintns
1439 3810 1476 3862 et
1497 3802 1526 3862 in
1550 3807 1620 3862 aute
1643 3818 1732 3861 nosse

378 3890 560 3971 profitearis,
587 3909 693 3970 nomen
717 3899 817 3953 tamen
841 3894 943 3956 celus?
967 3895 1056 3955 Anne
1079 3894 1136 3955 hoc
1159 3893 1293 3965 simulas,
1319 3900 1354 3951 nt
1375 3890 1469 3951 tutius
1493 3892 1591 3952 lateas
1614 3907 1733 3950 msam-

379 3980 577 4059 qne‘elndas
607 3980 780 4059 indaginem
803 3983 923 4060 objecta
946 3983 1004 4044 hac
1033 3985 1113 4044 salsa
1143 3981 1264 4063 specie?
1311 3979 1410 4041 Credo
1442 3978 1580 4058 equidem
1612 3986 1654 4038 et:
1671 3978 1733 4038 hnc

378 4068 551 4147 inquirendi
574 4070 735 4149 vestigium
759 4072 885 4145 dessrn;
909 4092 974 4133 non
1000 4074 1082 4134 enirn<
1100 4092 1146 4133 me
1180 4071 1260 4132 nosti
1282 4068 1502 4150 penitissime.·-
1527 4065 1734 4140 AberrastiEs

380 4157 506 4228 iuribus,
529 4158 664 4220 raihtos
687 4160 876 4236 conjectura,
900 4162 980 4224 seris
1004 4162 1131 4223 disserui
1165 4180 1232 4222 curn
1256 4158 1372 4222 Nuncio
1397 4156 1540 4219 Galilaei.
1585 4155 1735 4217 sterror

378 4257 439 4320 est,
466 4247 612 4324 genuinus
637 4256 694 4322 est,
720 4250 838 4310 minime
862 4250 959 4311 lictus.
1006 4251 1137 4312 Audiam
1162 4249 1262 4329 igitur,
1286 4248 1331 4309 nti
1355 4255 1408 4307 tua
1430 4246 1619 4307 instrumenti
1644 4243 1733 4308 Gali-

380 4334 440 4397 laei
459 4330 626 4414 ‘descriptio
650 4343 734 4398 meas
754 4339 886 4399 fabricae
902 4340 1073 4419 descriptae
1088 4340 1252 4417 redarguat
1265 4356 1391 4398 errores.
1425 4335 1571 4413 Equidem
1585 4335 1734 4415 prolixam

376 4432 463 4486 tuam
483 4432 515 4485 et
530 4424 684 4487 liberalem
700 4428 886 4488 voluntatem
911 4446 983 4506 erga
997 4449 1045 4489 me
1060 4428 1165 4490 lubens
1180 4428 1346 4500 exosculor,
1372 4425 1421 4505 qni
1443 4442 1491 4485 me
1511 4442 1546 4484 eo
1566 4422 1735 4503 argumenti

378 4532 490 4593 genere
507 4515 660 4575 censueris
675 4515 922 4579 exhilarandum:
948 4538 1041 4597 euque
1064 4517 1182 4579 numine
1207 4527 1238 4578 et
1252 4514 1376 4576 Senssio
1399 4532 1465 4574 men
1490 4513 1606 4592 gratias
1629 4512 1734 4581 debeo,

378 4603 429 4683 qni
453 4622 473 4663 a
496 4604 585 4663 solito
610 4604 793 4678 officiorum,
823 4626 899 4684 quae
922 4608 1002 4668 inter
1026 4627 1080 4669 nos
1105 4623 1278 4667 exercemus
1311 4603 1417 4675 amici,
1448 4601 1570 4663 tramite
1594 4620 1653 4661 nnn
1677 4600 1732 4660 ds·

376 4692 494 4764 flectit,
521 4700 553 4752 et
575 4691 662 4754 simul
686 4693 873 4767 subirascor,
907 4696 954 4774 qui
980 4715 1045 4756 cum
1070 4694 1219 4756 consolari
1244 4691 1381 4754 debuerit
1404 4690 1548 4752 afflictum
1573 4689 1652 4752 curis
1675 4689 1734 4749 im-

378 4779 565 4852 minentium,
591 4780 724 4843 immisso
749 4782 804 4843 hon
828 4793 991 4861 personato
1016 4785 1114 4864 equite
1139 4783 1168 4843 in
1194 4781 1314 4843 ludendi
1339 4780 1553 4842 necessitatem
1584 4796 1632 4839 me
1660 4796 1735 4838 con-

373 4869 494 4947 jecerit.
544 4867 603 4938 Qui
626 4872 652 4931 si
676 4871 731 4931 tibi
756 4874 831 4934 adeo
857 4872 1014 4934 familiaris
1038 4882 1104 4947 eat,
1138 4882 1173 4934 ut
1205 4889 1302 4932 meam
1337 4869 1536 4930 festivitatem
1568 4886 1634 4927 eam
1667 4884 1735 4927 esse

377 4958 479 5031 scias3
505 4959 531 5019 si
554 4966 715 5035 praeterea
737 4969 791 5021 tna
815 4970 863 5022 est
886 4962 940 5022 illa
963 4962 1162 5023 commoditas
1196 4960 1274 5028 alia,
1307 4977 1394 5038 qnam
1428 4956 1641 5018 efestivitate
1663 4973 1735 5033 per-

376 5048 522 5127 cipiatur3
547 5047 573 5107 si
597 5047 723 5127 deniqne
747 5051 872 5130 pietatis
898 5052 1014 5129 legibus
1037 5052 1082 5125 ei,
1116 5067 1208 5128 usque
1233 5049 1271 5109 ad
1296 5046 1423 5108 numinis
1446 5046 1539 5107 etiarn
1564 5043 1735 5124 opprobria,

375 5156 421 5197 es·
437 5134 608 5212 obligatus:
641 5138 707 5217 qnis
731 5147 765 5201 tu
795 5140 887 5219 igitur
915 5140 972 5200 es?
1017 5139 1060 5201 Et
1088 5156 1235 5218 quaenam
1270 5136 1345 5198 haec
1374 5135 1501 5217 pietatis
1529 5132 1737 5213 ἀμφιβολιαα
