4584 6192
492 590 557 661 494
605 668 607 672 ,
1092 595 1242 646 mesonma

491 771 639 844 stratum,
672 778 705 834 nt
728 773 769 834 sit
792 772 905 833 humori
929 771 1105 852 crystallino
1129 772 1206 833 oculi
1235 770 1364 844 similis;
1397 770 1616 851 linea'qnippe
1648 768 1845 852 hyperbolica

491 870 610 923 tomata
643 861 813 941 descripta,
849 880 936 939 quam
970 861 999 921 iu
1024 860 1178 921 schemate
1203 857 1245 922 69
1279 862 1413 938 quaesivi
1441 868 1564 940 propter
1597 860 1842 921 machinamenta

490 950 599 1029 optica,
625 957 658 1011 ut
682 959 729 1010 est
751 970 781 1028 p.
801 945 862 1011 188
877 959 909 1009 et
927 946 1001 1022 196,
1027 969 1069 1010 sc.
1094 958 1128 1010 ut
1151 969 1208 1010 nou
1233 950 1363 1010 distorta
1387 950 1439 1009 fiat
1461 949 1548 1016 visio,
1573 950 1626 1009 sed
1641 949 1774 1027 partium
1797 948 1841 1011 rei

488 1039 572 1099 visae
598 1039 741 1117 imagines
766 1047 933 1115 augeantur
955 1038 1231 1117 proportionaliter,
1255 1047 1289 1098 ut
1311 1039 1451 1117 proposui
1476 1058 1504 1116 p.
1532 1033 1604 1099 193.

577 1129 671 1201 Haec,
697 1127 826 1206 inquam,
851 1126 878 1185 iu
895 1126 1104 1187 constituenda
1119 1127 1199 1187 lente
1219 1145 1353 1187 convexa
1367 1126 1542 1198 observabo,
1569 1132 1601 1185 ut
1615 1124 1733 1202 majora
1751 1142 1843 1204 prae-

491 1223 568 1277 stem
592 1215 737 1276 visibilia:
776 1216 950 1294 oculumque
984 1208 1040 1275 non
1072 1215 1160 1294 longe
1191 1216 1229 1275 ab
1262 1215 1318 1275 hoc
1351 1223 1461 1293 puncto
1491 1213 1664 1286 collocabo,
1697 1213 1728 1273 in
1763 1214 1842 1293 quod

488 1305 617 1365 omnium
650 1304 693 1363 rei
725 1303 807 1363 visae
846 1308 1022 1381 punctorum
1060 1303 1150 1364 radii·
1175 1306 1266 1382 (quae
1298 1304 1467 1382 proprietas
1500 1310 1548 1362 est
1580 1302 1669 1380 hujus
1702 1302 1842 1364 umbonis

489 1391 689 1473 hyperbolici)
713 1392 798 1453 unice
826 1394 996 1465 confluunt;
1028 1392 1192 1472 hyperbola
1216 1411 1345 1471 eousque
1370 1393 1544 1453 continuata
1567 1391 1638 1463 erit,
1673 1397 1706 1451 ut
1738 1390 1842 1453 radius

487 1489 655 1559 expuncto
679 1499 731 1541 seu
760 1489 863 1541 centro
887 1481 942 1541 hoc
966 1481 994 1540 in
1019 1482 1242 1559 contingentem
1266 1493 1430 1543 extremum
1454 1479 1635 1559 hyperboles
1656 1478 1751 1539 faciat
1782 1499 1840 1539 an·

485 1569 585 1647 guium
605 1566 665 1629 27ο
680 1568 806 1647 ideoque
831 1569 1040 1629 refractionem
1055 1568 1175 1629 circiter
1189 1566 1219 1641 9,
1245 1578 1278 1630 ut
1298 1571 1335 1630 ad
1356 1566 1398 1630 30
1408 1563 1461 1650 ¹12⁰
1484 1568 1612 1628 habeam
1632 1566 1660 1626 in
1686 1566 1840 1647 utriusque

432 1721 434 1726 ,
485 1658 590 1717 lateris
614 1657 794 1717 refractione
819 1659 940 1730 extima,
966 1658 994 1717 in
1019 1657 1205 1717 intermediis
1228 1658 1493 1737 proportionaliter
1517 1656 1625 1717 minus.

573 1744 652 1815 Quia
674 1765 745 1805 vero
770 1746 856 1806 unius
879 1747 982 1824 puncti
1006 1747 1042 1806 de
1067 1766 1098 1806 re
1123 1748 1239 1807 lucente
1265 1755 1328 1808 tam
1352 1755 1467 1807 remota
1490 1745 1677 1806 radiationes
1699 1741 1837 1821 proxime

482 1834 646 1912 parallelae
679 1835 863 1895 descendunt
886 1836 923 1894 ad
953 1836 1123 1909 umbonem,
1157 1845 1227 1913 post
1260 1854 1347 1915 quem
1378 1841 1597 1912 convergentes
1621 1833 1651 1892 in
1679 1831 1836 1892 humorem

348 1927 373 1956 ‘s
482 1922 559 1983 ocnli
582 1922 787 2003 crystallinum
810 1922 953 1995 incidunt,
978 1923 1053 1983 adeo
1073 1931 1104 1984 nt
1128 1931 1200 2002 post
1222 1925 1430 2005 crystallinum
1449 1924 1531 1983 facta
1555 1918 1734 1982 refractione
1759 1938 1834 1980 cou-

481 2018 602 2072 currant
625 2011 653 2071 in
677 2018 787 2089 puncto
812 2012 946 2089 proxime
962 2011 1177 2091 crystallinum,
1197 2021 1234 2072 et
1258 2014 1295 2074 ab
1320 2033 1355 2073 eo
1380 2033 1412 2073 se
1435 2030 1550 2073 rursum
1575 2011 1714 2081 dilatent,
1741 2008 1836 2069 donec

482 2100 512 2161 in
536 2099 719 2160 retiformem
742 2100 866 2160 veniant
891 2101 955 2179 jam
989 2100 1108 2161 dilatati
1137 2101 1233 2160 instar
1265 2102 1410 2180 penicilli‚
1445 2110 1535 2178 atque
1564 2099 1608 2159 ita
1637 2115 1691 2175 pro
1714 2096 1836 2174 punctis

480 2187 569 2249 lunae
589 2186 716 2267 singulis
731 2188 866 2266 singulae
886 2190 1046 2249 retiformis
1066 2190 1255 2250 illustrantur
1276 2191 1457 2269 superficies,
1477 2188 1552 2248 adeo
1566 2194 1602 2248 ut
1620 2184 1833 2246 confusissima

480 2276 534 2337 fiat
556 2275 652 2336 visio:
685 2277 752 2338 ideo
778 2279 815 2338 ad
844 2278 958 2339 oculum
988 2279 1149 2356 cujuslibet
1181 2279 1347 2356 spectantis
1375 2278 1556 2357 peculiarem
1580 2294 1634 2353 pro
1658 2274 1835 2335 diversitate

481 2364 632 2425 oculorum
656 2365 804 2426 adhibebo
836 2368 945 2427 lentem
970 2386 1090 2440 cavam,
1120 2377 1153 2428 ut
1181 2377 1398 2446 convergentes
1421 2366 1508 2426 unius
1532 2364 1633 2444 puncti
1657 2362 1734 2423 radii
1758 2381 1832 2424 con-

438 2479 443 2488 *
480 2452 574 2513 traria
597 2453 774 2514 refractione
799 2456 827 2515 in
852 2474 925 2515 cavo
950 2455 1032 2517 facta
1056 2456 1273 2537 prohibeantur
1301 2474 1495 2534 convergere,
1527 2453 1581 2514 scd
1604 2451 1705 2532 potius
1729 2450 1832 2512 diver·

480 2550 586 2619 gentes
611 2550 642 2600 et
665 2542 709 2602 sic
732 2544 815 2603 velut
843 2544 881 2604 ab
914 2543 1012 2622 aliquo
1044 2546 1210 2624 propinquo
1236 2554 1354 2625 ‘puncto
1386 2544 1542 2604 venientes
1567 2542 1595 2601 in
1626 2540 1833 2621 crystallinum

478 2628 613 2689 incidant
638 2649 749 2709 perque
778 2650 843 2692 eum
876 2633 998 2693 refracti
1022 2633 1050 2692 in
1076 2634 1220 2695 retiformi
1245 2637 1313 2713 ipsa
1343 2633 1507 2694 sortiantur
1535 2650 1590 2690 sua
1622 2628 1832 2690 collectionum

478 2725 608 2804 puncta:
634 2737 709 2797 quae
725 2717 856 2779 definitio
876 2728 924 2780 est
939 2720 1062 2782 visionis
1077 2722 1250 2785 distinctae.
1285 2721 1370 2792 Quae
1386 2721 1484 2782 omnia
1503 2718 1705 2781 demonstravi
1722 2738 1753 2797 p.
1769 2712 1833 2789 256

480 2824 567 2865 meae
591 2802 727 2882 Optices.

567 2892 670 2973 Atque
694 2895 768 2956 haec
787 2896 823 2955 de
848 2895 1045 2959 instmmento
1061 2897 1136 2977 ipso.
1174 2898 1244 2960 Jam
1264 2899 1342 2978 quod
1361 2916 1444 2958 usum
1463 2896 1527 2974 ejus
1547 2894 1667 2968 attinet,
1692 2901 1832 2972 argutum

478 3000 550 3042 sane
583 2990 632 3043 est
664 2982 816 3045 inventum
853 2991 953 3059 tuum,
993 2988 1140 3065 quomodo
1164 2994 1379 3067 cognoscatur,
1414 2993 1528 3065 quanta
1560 2985 1613 3045 fiat
1649 3001 1748 3044 rerum
1779 3001 1833 3062 per

477 3069 707 3132 instrumentum
736 3072 891 3150 ampliatio
915 3082 946 3134 et
970 3076 1116 3153 quomodo
1145 3077 1265 3155 singula
1288 3077 1316 3137 in
1342 3076 1425 3136 coelo
1450 3074 1564 3135 minuta
1592 3073 1831 3151 minutorumque

476 3167 581 3238 partes
605 3160 741 3237 dignosci
764 3156 927 3238 possint.⁸)
960 3162 1029 3233 Qua
1052 3165 1082 3224 in
1106 3186 1138 3226 re
1163 3184 1228 3226 cum
1252 3166 1280 3225 in
1306 3173 1457 3225 certamen
1480 3163 1584 3222 veniat
1607 3161 1757 3221 industria
1780 3169 1833 3221 tua

476 3266 542 3308 cum
567 3247 716 3328 Tyclronis
739 3250 850 3310 Brahei
875 3251 902 3310 in
934 3253 1121 3314 observando
1151 3253 1329 3316 certitudine
1358 3251 1601 3324 accuratissima,
1632 3268 1690 3310 nou
1719 3249 1776 3310 abs
1799 3268 1831 3310 re

386 3335 394 3353 ‘
476 3335 566 3395 fuerit
597 3336 707 3415 aliquid
742 3338 909 3417 interloqui.
957 3341 1080 3402 Memini
1104 3363 1170 3403 cum
1198 3343 1365 3422 polyhistor
1392 3341 1445 3402 ille
1475 3339 1667 3401 scientiarum
1701 3338 1830 3399 omnium

473 3422 523 3483 Jo.
547 3422 694 3485 Pistorius
710 3421 735 3498 ⁶)
761 3447 798 3487 ex
821 3447 868 3487 me
893 3439 1049 3506 quaereret
1074 3451 1129 3492 non
1155 3452 1213 3491 una
1231 3432 1305 3503 vice,
1331 3449 1399 3491 num
1424 3431 1498 3491 adeo
1518 3428 1641 3489 limatae
1665 3427 1727 3488 sint
1748 3427 1829 3488 Bra·

474 3512 589 3572 heanae
613 3514 854 3590 observationeS,
880 3525 914 3576 ut
936 3518 1025 3595 plane
1054 3520 1126 3580 nihil
1151 3521 1179 3579 in
1204 3520 1240 3578 iis
1265 3519 1430 3579 desiderari
1458 3538 1548 3596 posse
1577 3516 1706 3597 putem?
1740 3516 1830 3577 valde

474 3619 521 3660 me
537 3603 736 3675 contendisse,
762 3612 882 3664 ventum
898 3625 965 3665 esse
982 3607 1019 3666 ad
1035 3627 1179 3668 summum
1195 3626 1249 3667 nec
1270 3608 1403 3669 relictum
1420 3627 1487 3667 esse
1503 3608 1659 3687 quicquam
1681 3606 1830 3666 humanae

472 3687 657 3763 industriae,
692 3711 757 3752 curn
793 3712 846 3753 uec
877 3695 955 3755 oculi
991 3696 1134 3773 majorem
1160 3697 1259 3757 ferant
1289 3696 1503 3770 subtilitatem,
1537 3716 1591 3757 nec
1616 3697 1829 3758 refractionem

474 3778 628 3856 negotium
661 3779 790 3841 siderum
815 3781 881 3841 loca
905 3794 1042 3862 respectu
1076 3784 1240 3846 horizontis
1270 3794 1352 3846 statu
1386 3804 1526 3859 movens;
1559 3794 1648 3864 atque
1673 3785 1721 3845 hic
1745 3786 1829 3846 illum

472 3877 577 3927 contra
610 3869 854 3930 constantissime
892 3873 1075 3945 affirmasse,
1108 3882 1264 3934 venturum
1298 3874 1382 3948 olim,
1420 3875 1468 3952 qui
1500 3874 1741 3952 perspicillorum
1773 3891 1829 3951 ope

472 3955 657 4016 subtiliorem
679 3958 795 4035 aperiat
815 3960 1005 4033 rnethodum3
1030 3963 1076 4022 cui
1097 3981 1152 4040 ego
1175 3963 1371 4024 retractiones
1395 3963 1634 4043 perspicillorum
1655 3973 1688 4023 ut
1708 3964 1828 4044 ineptas

471 4045 510 4104 ad
533 4045 774 4106 observationum
804 4049 1011 4109 certitudinem
1040 4052 1173 4129 opposui.
1221 4053 1265 4112 At
1293 4071 1369 4111 nuuc
1398 4053 1515 4112 demum
1539 4053 1641 4124 video,
1671 4072 1775 4115 verum
1799 4054 1828 4115 in

470 4139 556 4211 parte
589 4142 689 4195 vatem
721 4136 812 4195 luisse
839 4138 1008 4199 Pistorium.
1055 4142 1144 4218 Ipsae
1175 4140 1293 4218 quidem
1317 4141 1428 4200 Brahei
1457 4141 1685 4202 observationes
1717 4161 1771 4221 per
1795 4163 1828 4203 se

471 4228 556 4280 stant
579 4222 747 4302 habentque
772 4244 856 4286 snam
881 4227 1008 4287 laudem.
1047 4231 1125 4289 Nam
1151 4229 1221 4307 quid
1246 4229 1286 4289 sit
1308 4230 1337 4289 in
1362 4230 1445 4289 coelo
1469 4249 1556 4290 arcus
1577 4227 1644 4304 60⁰,
1672 4233 1743 4311 quid
1763 4227 1826 4306 34⁴,

471 4309 526 4369 hoc
559 4311 632 4371 solis
666 4313 776 4375 Brahei
810 4315 1017 4377 instrumentis
1051 4318 1212 4378 innotescit
1227 4314 1264 4390 ⁸).
1321 4318 1364 4378 At
1396 4319 1446 4379 ubi
1477 4319 1613 4379 Braheus
1648 4321 1704 4382 hoc
1738 4331 1827 4399 pacto

469 4399 580 4477 gradus
604 4402 754 4462 coelestes
779 4404 842 4473 (vel
866 4405 957 4466 etiarn
983 4425 1037 4486 ego
1067 4427 1131 4467 meo
1163 4406 1287 4467 artificio
1319 4407 1418 4485 optino
1443 4407 1546 4469 Lunae
1575 4410 1772 4482 diametrum)
1797 4412 1826 4472 in

469 4489 552 4549 coelo
584 4489 726 4551 fuerimus
760 4493 901 4563 dimensi,
931 4496 996 4572 jam
1029 4496 1243 4575 superveniens
1274 4503 1355 4556 tuum
1387 4495 1525 4557 Galilaee
1557 4499 1763 4576 perspicillum
1798 4509 1828 4561 et

469 4580 669 4656 quantitatem
700 4579 782 4641 illam
807 4603 825 4643 a
853 4583 973 4644 Braheo
1008 4593 1039 4645 et
1070 4607 1088 4645 a
1118 4604 1165 4646 me
1195 4584 1342 4664 proditam
1376 4587 1594 4663 complectens,
1628 4588 1827 4651 subtilissime

469 4666 550 4726 illam
575 4668 603 4726 in
630 4667 742 4729 minuta
767 4678 798 4730 ct
826 4672 1005 4733 minutorum
1034 4683 1136 4752 partes
1171 4666 1350 4755 subdividitl,
1384 4694 1510 4753 seseque
1539 4677 1649 4737 Brahei
1684 4678 1826 4741 methodo

468 4754 648 4816 observandi
672 4757 898 4836 elegantissimo
923 4764 1058 4841 conjugio
1084 4763 1226 4836 associat,
1253 4771 1286 4823 ut
1309 4771 1340 4823 et
1363 4764 1501 4824 Braheus
1526 4764 1589 4842 ipse
1614 4766 1740 4841 lrabeat,
1769 4786 1826 4849 qno

469 4851 522 4903 tua
555 4843 775 4907 observationis
809 4851 949 4911 methodo
981 4852 1113 4929 gaudeat
1146 4861 1178 4912 et
1211 4861 1242 4912 tn
1273 4861 1355 4913 tuam
1387 4872 1423 4912 ex
1455 4854 1615 4914 Braheana
1653 4856 1826 4919 necessario

466 4930 609 4993 instruas.
649 4934 706 4995 Vis
727 4937 824 4998 dicam
843 4941 921 5018 quod
941 4940 1060 5000 sentio?
1086 4938 1168 5019 Opto
1183 4940 1254 5001 mihi
1274 4948 1355 5002 tunm
1376 4942 1605 5003 instrumentum
1625 4945 1654 5005 in
1675 4947 1826 5026 eclipseos

467 5019 597 5081 Lunaris
627 5028 900 5105 contemplatione:
931 5048 1082 5107 sperarem
1107 5048 1145 5088 ex
1170 5024 1500 5112 eo'Jpraestautissima
1526 5034 1682 5110 praesidia
1705 5036 1746 5098 ad
1771 5055 1826 5099 ex-

467 5109 652 5230 poliendum,
683 5122 730 5174 est
755 5115 806 5178 ubi
828 5125 861 5177 et
888 5118 1107 5179 reformandum
1136 5127 1233 5180 totum
1255 5118 1459 5199 Hipparchum
1483 5139 1593 5199 meum,
1618 5143 1672 5185 seu
1697 5126 1826 5191 demon·
