4584 6192
477 585 542 658 624
957 591 998 642 De
1017 590 1097 642 Stella
1113 589 1188 642 Nora
1205 589 1357 656 Serpmd

476 769 544 833 cius
567 772 637 846 ille,
668 771 900 835 facundissimus
929 769 1016 830 simul
1040 777 1130 849 atque
1155 767 1439 846 famigeratissimus
1462 768 1647 849 astrologiae
1669 768 1839 849 professor,

479 857 629 934 babeant,
660 861 797 942 inquam,
828 858 959 941 quidde
983 859 1116 937 ipsorum
1141 856 1263 936 scriptis
1286 877 1362 919 unus
1385 857 1495 939 aliquis
1521 857 1654 936 judicet,
1687 876 1781 939 quem
1802 856 1840 919 de

475 948 551 1010 artis
575 949 747 1028 ignorantia
770 967 912 1010 accusare
936 965 994 1008 non
1017 952 1155 1025 possunt.

565 1037 688 1099 Etenim
713 1039 738 1099 si
762 1037 845 1116 vulgi
868 1044 916 1097 est
940 1036 976 1095 de
999 1035 1056 1095 hoc
1079 1033 1288 1114 pronunciare,
1311 1042 1378 1094 uter
1401 1034 1507 1096 melior
1530 1034 1715 1114 astrologus,
1740 1032 1840 1095 sciant

476 1141 524 1185 me
548 1133 631 1187 stare
654 1126 869 1205 pulcherrime:
895 1125 942 1185 sin
966 1124 1121 1185 doctomm
1139 1123 1255 1201 eligunt
1273 1121 1436 1200 judicium,
1460 1123 1519 1203 ipsi
1531 1125 1595 1202 jam
1609 1122 1729 1204 pridem
1755 1119 1837 1183 ceci·

475 1213 594 1276 demut
641 1214 713 1276 Sive
736 1215 829 1294 igitur
851 1232 966 1274 mecum
990 1213 1035 1273 illi
1059 1222 1143 1273 stent
1165 1229 1268 1273 coram
1290 1211 1381 1289 iulgo
1404 1211 1469 1272 sive
1485 1232 1553 1274 cum
1568 1213 1631 1274 illis
1645 1230 1704 1291 ego
1715 1211 1837 1289 jaceam

475 1320 577 1363 coram
600 1303 714 1364 doctis:
738 1304 878 1383 utrinque
901 1321 939 1362 ex
962 1302 1094 1381 ipsorum
1110 1300 1216 1362 ordine
1237 1320 1313 1373 sum,
1338 1300 1413 1379 ipsis
1427 1320 1484 1381 par
1500 1321 1576 1375 sum,
1598 1299 1757 1381 repudiari
1778 1319 1837 1361 uon

477 1390 573 1451 debeo
581 1410 590 1465 ;
615 1391 653 1452 ab
676 1391 810 1452 llerlicio
834 1400 917 1452 certe
940 1409 1010 1464 uon,
1034 1390 1083 1470 qui
1107 1409 1155 1450 me
1179 1389 1316 1450 laudarit
1337 1388 1465 1467 publice.
1506 1389 1653 1460 Quamvis
1676 1387 1837 1469 potissima

478 1475 627 1540 hieratio
650 1480 790 1541 habenda
819 1487 869 1540 est
898 1477 1140 1540 doctissimorum
1171 1477 1319 1551 virorum,
1350 1477 1400 1556 qni
1428 1478 1644 1540 mathematica
1675 1496 1738 1538 uon
1762 1476 1835 1537 adeo

476 1565 582 1627 imbuti
606 1566 778 1648 frequenter
801 1575 957 1648 quaerunt,
981 1566 1118 1628 naturale
1142 1565 1213 1646 quid
1237 1566 1277 1625 sit
1300 1564 1450 1643 Trigonus
1472 1567 1578 1645 igneus
1601 1586 1641 1628 au
1663 1570 1788 1627 emm
1801 1565 1834 1626 ι’

565 1655 746 1735 Trigonus
770 1656 905 1728 Graece,
929 1655 1153 1734 Triangulus
1176 1654 1301 1728 Latine,
1325 1673 1384 1714 ror
1407 1663 1457 1716 est
1478 1655 1679 1734 geometrica,
1709 1655 1836 1736 figuram

476 1741 650 1822 significans
675 1745 810 1806 om'nssrus
838 1746 1035 1807 notissimam.
1082 1744 1181 1822 Hujus
1210 1742 1295 1803 vocis
1325 1742 1355 1803 in
1385 1744 1552 1823 astrologia
1582 1745 1660 1805 duae
1690 1742 1743 1804 rel
1774 1751 1835 1804 tres

475 1830 554 1891 aliae
586 1841 656 1894 sunt
685 1833 833 1895 notiones.
879 1834 1011 1896 Primum
1042 1832 1137 1905 enim,
1168 1832 1287 1911 quaudo
1315 1830 1453 1893 binorum
1475 1834 1667 1912 planetarum
1689 1830 1772 1893 radii
1794 1830 1835 1894 sio

473 1926 583 1981 coeunt
606 1921 636 1983 in
660 1924 769 1995 Terra,
793 1930 827 1983 ut
850 1921 1044 2001 intercipiant
1066 1920 1170 1981 circuli
1193 1937 1231 1980 ex
1253 1927 1365 1999 puncto
1385 1919 1525 1982 coitio'nis
1548 1920 1694 2001 descripti
1716 1927 1835 2001 partem

473 2008 611 2087 praecise
634 2009 771 2083 tertiam,
795 2010 871 2071 haec
894 2010 1039 2072 habitudo
1062 2008 1200 2070 binorum
1223 2009 1374 2069 radiomm
1398 2027 1414 2068 e
1437 2028 1559 2071 numero
1574 2018 1757 2090 aspectuum
1779 2016 1833 2086 est,

474 2102 507 2157 et
536 2096 708 2177 trigonus
736 2100 786 2159 vel
816 2100 936 2161 trinus
968 2105 1141 2178 aspectus
1171 2097 1290 2157 dicitur.
1335 2096 1429 2159 Ratio
1460 2098 1588 2160 nominis
1616 2106 1683 2172 est,
1715 2095 1833 2179 quiesi

476 2184 586 2245 tertius
608 2186 731 2266 planeta
754 2188 913 2249 accederet
936 2186 1039 2249 eodem
1057 2185 1175 2247 scilicet
1197 2186 1357 2246 intervallo
1373 2187 1411 2247 ab
1427 2187 1581 2267 utriusque
1596 2186 1694 2262 radio,
1720 2186 1835 2249 radim

472 2267 589 2351 etipse
612 2275 653 2336 ad
676 2295 860 2338 communem
884 2276 1048 2338 sectionem
1072 2274 1245 2347 demittens,
1276 2281 1307 2334 et
1330 2283 1441 2353 puncta
1467 2274 1586 2351 circuli,
1610 2274 1708 2337 radiis
1739 2275 1832 2337 tribus

473 2361 565 2434 secti,
596 2362 687 2425 rectis
721 2373 987 2438 connecterentur,
1020 2364 1180 2441 genuinum
1214 2372 1367 2424 crearetur
1398 2364 1581 2442 triangulum
1613 2364 1834 2452 aequilaterum

470 2450 593 2512 notione
618 2454 810 2532 geometrica.

559 2539 618 2601 llic
640 2560 712 2603 vero
736 2541 893 2620 astrologi,
917 2560 955 2601 ne
979 2547 1166 2620 cogerentur
1182 2557 1301 2617 semper
1323 2557 1360 2598 ex
1383 2547 1494 2617 puncto
1518 2539 1658 2603 coitionis
1681 2541 1833 2604 radiorum

472 2625 615 2689 circulum
638 2629 818 2704 descrdrere‚
843 2630 888 2690 usi
914 2638 984 2689 sunt
1007 2628 1193 2708 compendio,
1217 2645 1271 2707 pro
1296 2636 1406 2706 puncto
1423 2627 1562 2689 coitionis
1577 2637 1717 2693 centrum
1732 2629 1831 2693 mundi

473 2712 627 2796 ipsiusque
651 2718 777 2793 zodiaci,
801 2737 855 2797 pro
880 2716 991 2778 circulo
1015 2737 1087 2778 vero
1109 2716 1307 2777 describendo
1327 2716 1392 2795 jam
1409 2716 1480 2777 olim
1500 2716 1685 2797 descriptum
1701 2719 1733 2781 iu
1748 2719 1830 2782 coelo

471 2802 643 2879 zodiacum,
677 2804 731 2867 sub
761 2826 819 2887 quo
849 2807 991 2885 planetae
1015 2824 1119 2867 omnes
1152 2804 1309 2878 incedunt,
1340 2804 1504 2883 elegerunt
1551 2808 1658 2887 ltaque
1693 2808 1753 2869 etsi
1783 2827 1830 2869 res

472 2890 548 2972 ipsa,
574 2894 710 2974 trigonus
734 2915 851 2974 nempe,
875 2897 905 2957 in
928 2904 1040 2975 puncto
1056 2903 1105 2955 est
1120 2893 1264 2955 sectionis
1279 2893 1431 2954 radiorum
1447 2894 1528 2972 apud
1550 2903 1686 2958 centrum
1703 2896 1829 2959 Terrae:

360 3047 374 3062 ,
472 2979 537 3059 ejus
562 2987 665 3043 tamen
689 2984 861 3045 aestimatio
885 2984 1037 3061 perficitur
1060 2983 1089 3043 in
1114 2981 1264 3043 altissimo
1289 2982 1421 3057 aethere,
1445 3002 1506 3045 non
1522 3004 1610 3045 secus
1626 3004 1663 3045 ac
1680 2985 1708 3046 si
1729 3004 1829 3047 omnes

472 3066 613 3145 planetae
637 3089 807 3150 supremum
831 3073 914 3133 illum
930 3072 1073 3133 circulum
1089 3070 1264 3149 corporibus
1280 3070 1342 3131 suis
1356 3080 1556 3149 permearent,
1580 3074 1829 3153 quemadmodum

473 3155 592 3238 quidem
622 3158 713 3220 etiam
744 3171 892 3241 apparent
921 3162 961 3221 ad
990 3160 1097 3221 visum.
1145 3158 1222 3221 Cum
1245 3158 1336 3237 igitur
1364 3178 1419 3238 pro
1449 3161 1616 3222 radiatione
1640 3162 1829 3240 planetarum

473 3243 532 3305 loci
555 3245 691 3309 binomm
713 3250 903 3328 planetarum
926 3250 956 3310 in
971 3249 1104 3323 zodiaco,
1130 3246 1248 3309 scilieet
1269 3266 1322 3327 pro
1346 3267 1378 3309 re
1395 3249 1462 3326 ipsa
1475 3268 1617 3311 mensura
1639 3249 1697 3325 rei,
1721 3250 1828 3332 trigoni

472 3352 581 3396 nomen
606 3338 786 3417 susceperit:
813 3338 881 3399 hinc
905 3338 996 3399 etiam
1011 3346 1091 3409 ,nata
1115 3355 1183 3397 esse
1206 3336 1326 3397 videtur
1347 3356 1407 3398 vox
1430 3346 1588 3418 aspectus,
1620 3358 1699 3419 quae
1722 3358 1828 3419 proso·

472 3424 619 3502 popoeiae
641 3427 736 3504 figura
759 3436 816 3499 est,
841 3426 890 3487 ubi
914 3426 1052 3506 partibus
1073 3424 1188 3486 zodiaci
1205 3424 1440 3504 aliquammultis
1463 3427 1581 3507 aequali
1606 3428 1708 3507 spatio
1729 3427 1828 3490 circuli

471 3511 663 3575 circumcirca
686 3515 869 3576 distantibus
894 3516 956 3587 (vel
980 3514 1111 3593 planetis
1135 3515 1165 3575 in
1189 3514 1245 3574 has
1269 3514 1382 3574 zodiaci
1406 3523 1525 3593 partes,
1557 3535 1594 3575 ex
1619 3516 1745 3578 orbilius
1769 3517 1828 3579 suis

467 3598 658 3663 inferioribus
688 3623 743 3682 per
774 3603 1020 3682 imaginationem
1051 3602 1117 3663 risu
1149 3601 1251 3663 fallaci
1276 3603 1350 3662 duce
1375 3603 1518 3677 sublatis)
1549 3603 1627 3664 oculi
1650 3613 1827 3686 mutuosque

467 3699 647 3767 conspectus
667 3692 816 3754 tribuitur.

558 3781 661 3858 Atque
684 3780 742 3840 hoc
765 3800 860 3858 genus
884 3799 991 3852 rerum,
1017 3785 1159 3858 aspectus
1182 3795 1288 3855 nempe
1304 3778 1428 3839 duamm
1448 3778 1615 3853 stellamm
1640 3800 1769 3860 quarum
1782 3782 1826 3843 vel

468 3872 594 3946 utraque
619 3868 665 3927 vel
692 3869 790 3930 altera
814 3870 853 3929 sit
876 3869 1006 3940 mobilis,
1032 3867 1105 3927 illud
1129 3876 1186 3940 est,
1212 3867 1290 3945 quod
1313 3885 1370 3944 ego
1384 3886 1461 3946 pene
1485 3867 1582 3929 solum
1607 3869 1637 3929 in
1662 3870 1826 3950 astrologia

469 3954 658 4017 retinendum
682 3976 750 4017 esse
775 3977 893 4018 censeo.
935 3955 1023 4026 Quod
1048 3954 1166 4035 quidem
1190 3963 1276 4016 tanta
1291 3957 1481 4016 contentione
1505 3965 1611 4018 contra
1628 3957 1824 4039 philosophos

470 4042 546 4103 artis
569 4044 690 4122 penitus
710 4046 831 4124 ignaros
862 4044 1069 4124 philosophice
1100 4051 1131 4103 et
1159 4063 1196 4103 ex
1224 4044 1361 4104 doctrina
1384 4045 1558 4105 harmonica
1582 4048 1676 4125 (pene
1700 4047 1733 4108 in
1756 4048 1823 4110 soli-

468 4129 538 4190 dum
562 4132 716 4209 ignorata)
741 4134 880 4208 defendo,
905 4142 1018 4213 quanta
1039 4132 1162 4194 fidentia
1186 4130 1332 4212 reliquam
1350 4134 1571 4211 astrologorum
1587 4136 1823 4215 suppellectilem

465 4235 542 4296 pene
568 4239 685 4283 omnem
708 4223 920 4284 eliminandam
946 4241 1014 4282 esse
1037 4240 1146 4282 censeo
1171 4221 1258 4301 idque
1278 4220 1306 4281 in
1330 4222 1466 4283 omnibus
1481 4222 1555 4283 meis
1580 4224 1705 4303 scriptis
1729 4234 1822 4287 astro-

467 4306 575 4387 logicis
599 4309 802 4373 indesinenter
824 4319 985 4392 protestor.

1055 4534 1239 4549 -—...-

1034 4714 1155 4812 Caput
1181 4712 1249 4785 III.

487 4873 545 4936 De
567 4871 667 4935 altero
690 4873 869 4955 significatu
891 4874 975 4936 vocis
1000 4874 1169 4954 Terponus,
1194 4894 1249 4935 eeu
1272 4874 1311 4935 de
1331 4870 1601 4954 Tmonpalctioae
1619 4873 1796 4958 Sigames

554 5014 603 5074 Ex
632 5014 689 5075 hac
719 5015 904 5093 astrologica
935 5017 1055 5077 notione
1086 5015 1171 5077 vocis
1195 5015 1354 5095 trianguli,
1390 5036 1466 5096 quae
1497 5017 1611 5096 origine
1642 5019 1742 5100 prima
1767 5025 1814 5089 est,
1871 4995 1872 5062 l

464 5098 618 5162 fluxemnt
648 5103 791 5183 reliquae.
838 5105 917 5164 Nam
946 5105 1077 5165 secundo
1108 5103 1175 5165 loco
1204 5106 1354 5165 translatu
1385 5114 1434 5165 est
1463 5106 1538 5166 haec
1568 5126 1631 5167 vox
1661 5130 1681 5169 a
1708 5106 1814 5189 punctis
