4584 6192
460 622 527 691 256
933 620 1124 687 Paralipomsaa
1140 624 1167 672 in
1185 622 1354 674 Vitelliorum.

461 801 539 884 quod
563 799 681 880 quidem
701 798 819 860 unicum
843 797 942 872 habui,
968 798 1046 878 quod
1070 797 1142 859 olim
1171 799 1395 877 responderem.
1432 800 1468 861 Id
1492 796 1584 860 etism
1606 794 1704 861 Porta
1728 815 1823 863 seen·

462 901 512 952 tus
536 890 650 951 nostra
679 889 739 958 ait,
763 897 895 951 convexis
916 896 1072 967 propinqua
1091 897 1200 967 majora
1228 897 1322 962 reddi,
1345 900 1393 951 sed
1415 898 1540 954 melosa.
1579 886 1661 949 Sanc
1685 889 1826 950 omnibns

462 977 585 1061 quidem
606 976 732 1055 majora,
758 975 811 1036 sed
835 994 893 1035 non
916 975 1054 1036 omnibus
1078 976 1224 1037 confusa:
1248 976 1292 1037 uti
1315 976 1448 1037 vicissim
1472 994 1606 1038 concava
1619 996 1669 1038 res
1683 977 1826 1040 omnibus

462 1065 582 1148 quidem
604 1064 735 1127 minores
758 1071 1000 1142 repraesentant,
1023 1064 1077 1125 sed
1101 1065 1154 1137 iis,
1183 1063 1231 1143 qui
1259 1072 1378 1125 remota
1400 1072 1484 1127 recte
1516 1064 1635 1138 vident,
1668 1066 1826 1142 confusas,

462 1155 512 1236 qui
536 1153 674 1227 confuse,
709 1152 880 1214 distinctas.
929 1149 1045 1222 Quodsi
1069 1170 1126 1232 quo
1150 1152 1267 1230 majora
1285 1152 1439 1232 quaelibet
1461 1154 1517 1214 hoc
1540 1152 1738 1216 distinctiora
1755 1172 1826 1217 cer-

463 1250 614 1316 nerentur,
638 1240 780 1303 concavis
803 1242 949 1302 neminem
974 1241 1076 1319 juvari
1099 1240 1242 1319 oportuit.
1288 1241 1367 1303 Nam
1397 1260 1445 1301 res
1474 1241 1621 1303 minuunt.
1669 1244 1827 1323 Agnoscis

463 1332 510 1394 vir
534 1329 730 1394 Nobilissime
765 1328 896 1390 validam
933 1337 1014 1390 tuam
1050 1329 1258 1407 objectionem.
1309 1330 1373 1390 Alii
1405 1347 1529 1390 causam
1562 1338 1701 1392 statuunt
1740 1334 1827 1394 viem

463 1418 614 1483 emendati
636 1419 667 1480 in
691 1419 757 1479 sola
770 1417 946 1496 pluralitate
959 1417 1184 1478 refractionum.
1217 1417 1361 1479 Fmstra:
1386 1436 1490 1479 omnes
1514 1418 1593 1480 enim
1616 1437 1713 1499 aeque
1731 1421 1828 1499 juva·

463 1517 580 1581 rentur,
605 1525 692 1568 uerno
715 1506 753 1567 de
776 1505 909 1583 specillis
933 1513 967 1566 ut
988 1505 1124 1583 caligans
1154 1514 1337 1582 quereretur.
1385 1507 1492 1587 Itaque
1520 1526 1579 1568 non
1612 1516 1737 1587 oportet
1767 1526 1826 1570 nos

465 1598 505 1659 ad
528 1614 577 1658 res
599 1602 683 1657 totas
706 1594 871 1674 respicere,
897 1594 951 1654 sed
975 1594 1013 1654 ad
1036 1612 1134 1654 rerum
1158 1592 1276 1672 singula
1299 1604 1424 1672 puncta,
1449 1596 1492 1656 nti
1516 1595 1666 1657 hactenus
1689 1615 1825 1677 semper.

465 1684 581 1756 Quibus
605 1701 677 1762 ergo
701 1690 841 1761 punctum
865 1682 1027 1744 distinctae
1060 1682 1184 1742 visionis
1216 1691 1362 1743 remotum
1398 1684 1558 1745 admodum
1586 1692 1637 1746 est
1665 1685 1826 1759 tributum,

465 1774 484 1835 ii
508 1771 650 1834 convexis
673 1772 720 1833 usi
735 1770 869 1849 specillis
883 1769 1084 1831 radiationum
1099 1769 1234 1849 ejusdem
1257 1771 1414 1851 propinqui
1429 1772 1531 1850 puncti
1556 1790 1664 1833 conum
1678 1774 1828 1845 alterant,

465 1871 497 1923 ut
520 1862 605 1941 quasi
630 1881 649 1921 a
672 1860 832 1938 longinquo
865 1858 1006 1920 advenire
1036 1866 1068 1919 et
1094 1859 1212 1919 oculum
1244 1858 1360 1937 ingredi
1393 1861 1539 1922 videatur.
1587 1862 1638 1923 Ita
1660 1863 1826 1942 corrigitur

464 1968 557 2012 conos
594 1949 632 2010 ad
660 1948 789 2009 retinam
821 1947 1047 2019 terminandus,
1079 1947 1128 2026 qui
1157 1947 1213 2008 nisi
1241 1948 1417 2009 emendetur
1443 1949 1645 2028 perspicillis,
1676 1952 1711 2012 lit
1744 1951 1827 2031 quod

464 2056 549 2119 prop.
574 2033 627 2100 26.
652 2036 821 2116 praemissa
843 2035 988 2110 diximus,
1019 2044 1054 2097 ut
1076 2036 1113 2095 ob
1137 2034 1286 2097 radiantis
1315 2037 1417 2115 puncti
1448 2037 1704 2117 propinquitatem
1727 2058 1827 2101 conns

465 2135 546 2189 retro
569 2126 697 2188 retinam
720 2124 927 2186 terminandus
951 2144 970 2183 a
993 2123 1092 2185 retina
1115 2132 1253 2196 secetor3
1286 2132 1318 2184 et
1341 2124 1386 2185 ita
1408 2126 1475 2186 coni
1497 2136 1675 2205 punctorum
1696 2128 1827 2189 radian-

464 2216 539 2277 tium
561 2214 751 2277 latitodinem
775 2213 947 2274 nonnullam
971 2212 1072 2274 sortiti
1096 2231 1128 2272 se
1153 2220 1255 2273 mutuo
1278 2214 1473 2275 confundant.

566 2354 594 2403 F,
641 2352 675 2404 8⁴
875 2301 1020 2362 Vicissim
1058 2301 1164 2379 quibus
1200 2308 1341 2380 punctum
1375 2321 1428 2364 seu
1470 2301 1618 2365 distantia
1661 2304 1829 2366 distinctae

587 2369 635 2479 ’ᾖ
677 2390 684 2405 ’
786 2389 909 2452 visionis
956 2390 1114 2450 admodum
1157 2388 1257 2450 brevis
1297 2397 1329 2450 et
1369 2391 1537 2471 propinqua
1572 2400 1622 2452 est
1659 2410 1679 2453 a
1715 2401 1830 2455 natura

615 2484 629 2587 f,
786 2478 915 2553 tributa,
949 2479 970 2540 ii
1002 2478 1142 2540 concavis
1174 2478 1220 2539 usi
1249 2479 1383 2557 specillis
1421 2498 1527 2541 conum
1559 2480 1764 2544 radiatiouum
1788 2481 1828 2543 ab

627 2558 634 2622 l
786 2568 893 2628 eodem
924 2575 1039 2628 remoto
1071 2576 1182 2645 puncto
1219 2567 1403 2630 venientium
1440 2568 1588 2640 atterant,
1620 2577 1655 2631 ut
1686 2571 1777 2651 quasi
1810 2591 1829 2631 a

602 2591 618 2745 f
631 2628 641 2737 'q
785 2655 950 2735 propinquo
981 2655 1051 2717 oriri
1084 2664 1115 2716 et
1147 2656 1262 2717 oculum
1293 2656 1409 2734 ingredi
1438 2656 1587 2718 videatur.
1643 2657 1712 2720 Nisi
1748 2659 1829 2721 enim

595 2749 604 2831 l
639 2745 645 2808 l
787 2744 959 2823 perspicills
990 2744 1173 2818 adhibeant,
1203 2745 1255 2805 fiet
1287 2743 1363 2818 illis,
1398 2746 1477 2825 quod
1508 2763 1594 2826 prop.
1623 2743 1677 2808 27.
1712 2747 1829 2810 dictum

592 2836 598 2889 l
643 2814 651 2901 ¹¹,
787 2841 837 2894 est
845 2851 855 2908 ;
887 2850 980 2895 conus
1008 2851 1115 2913 nempe
1139 2842 1203 2895 tam
1230 2834 1337 2895 remoti
1366 2834 1466 2913 puncti
1501 2834 1711 2898 terminabitur
1735 2844 1829 2898 ante-

585 2918 591 2964 l
652 2964 657 2998 ,
787 2940 877 3002 quarn
899 2922 1027 2983 retinam
1052 2922 1195 3001 attingat,
1220 2931 1252 2983 et
1274 2940 1452 3002 progressus
1476 2942 1509 2985 se
1533 2941 1649 2986 mrsum
1674 2924 1829 2997 dilatabit,

668 3054 687 3097 s,
786 3011 888 3091 itaque
912 3029 978 3071 cum
1002 3011 1162 3073 latitudine
1184 3010 1299 3072 incidet
1316 3010 1346 3072 in
1369 3010 1509 3083 retinam,
1532 3019 1563 3072 et
1582 3012 1649 3073 coni
1665 3033 1698 3074 se
1724 3022 1829 3075 mutuo

787 3099 952 3161 turbabunt
970 3108 1002 3160 et
1025 3100 1218 3161 confundent.
1241 3100 1372 3179 Egregie
1387 3100 1545 3162 confirmat
1559 3118 1606 3162 me
1628 3101 1829 3181 experientia.

787 3189 871 3250 Duos
894 3188 963 3249 novi
986 3206 1046 3250 non
1076 3188 1196 3250 humilis
1220 3189 1311 3251 sortis
1339 3189 1438 3262 viros,
1469 3208 1594 3271 quornm
1623 3190 1703 3252 alter
1727 3191 1829 3253 minu-

787 3277 922 3339 tissimas
945 3276 1021 3355 legit
1049 3276 1198 3353 literulas,
1228 3278 1283 3339 sed
1307 3278 1351 3339 ita
1372 3295 1465 3357 prope
1494 3279 1637 3340 admovet
1659 3280 1771 3355 oculis,
1796 3288 1831 3341 ut

788 3385 846 3428 non
878 3367 979 3446 possit
1008 3374 1134 3445 utroque
1167 3366 1254 3429 simul
1282 3367 1368 3428 oculo
1392 3368 1446 3428 uti.
1494 3367 1576 3428 ldenr
1608 3368 1691 3429 intra
1724 3368 1830 3430 decem

788 3473 897 3534 passus
929 3455 1060 3517 discreto
1093 3456 1159 3516 visu
1189 3476 1248 3517 non
1281 3456 1446 3535 pertingit,
1481 3456 1534 3516 sed
1568 3475 1667 3517 rueras
1699 3457 1829 3518 nebulas

788 3544 908 3624 aspicit.
955 3545 1031 3605 Eum
1059 3551 1161 3605 tamen
1192 3545 1367 3623 perspicills
1398 3545 1564 3622 profundae
1597 3545 1742 3606 navitatis
1767 3547 1827 3606 ad-

784 3634 894 3713 juvant
908 3633 945 3693 ad
961 3632 1123 3694 remotiora
1140 3634 1353 3714 percipienda:
1379 3635 1485 3712 quibus
1501 3634 1620 3711 quidem
1644 3635 1830 3713 perspicillis

790 3741 873 3782 mens
896 3721 979 3782 visus
1002 3722 1091 3801 plane
1123 3723 1328 3793 confunditur,
1361 3723 1497 3802 quamvis
1521 3722 1585 3800 ipse
1616 3740 1735 3803 quoque
1760 3734 1831 3784 utar

790 3811 884 3884 cavis,
908 3810 961 3871 sed
982 3810 1244 3890 aequabilioribus.
1282 3812 1373 3872 Alter
1391 3810 1590 3889 jampridem
1611 3811 1674 3871 fato
1695 3812 1828 3886 iunctus,

790 3901 829 3962 ad
851 3900 1019 3979 propinqua
1041 3918 1117 3978 pene
1140 3918 1258 3973 caecus,
1283 3900 1321 3960 ad
1345 3908 1460 3960 remota
1486 3900 1607 3980 lynceus
1630 3908 1716 3973 erat;
1750 3902 1830 3962 adeo

790 3998 825 4051 ut
856 3988 885 4049 in
926 3988 1013 4049 domo
1050 3988 1167 4067 aliquot
1203 3989 1312 4050 stadiis
1347 3988 1479 4049 distante
1523 3995 1661 4048 recentes
1706 3992 1830 4068 tegulas

790 4078 943 4140 veteribus
977 4077 1129 4138 immixtas
1167 4097 1199 4137 se
1238 4096 1393 4138 numerare
1431 4077 1620 4155 gloriaretur.
1683 4076 1830 4157 Specillis

791 4167 934 4229 convexis
971 4165 1114 4227 adhibitis
1152 4174 1183 4227 et
1222 4168 1330 4228 charta
1365 4174 1507 4245 quantum
1544 4165 1667 4226 brachio
1704 4173 1831 4245 poterat

791 4249 906 4317 eminus
935 4255 1087 4333 explicata
1117 4255 1239 4333 legebat
1261 4273 1319 4316 noo
1343 4255 1432 4316 male.
1478 4254 1595 4315 Audiat
1615 4254 1828 4331 Aristotelem,

792 4346 817 4408 si
842 4344 908 4426 quis
930 4344 1005 4404 meis
1039 4344 1252 4422 experimentis
1285 4344 1381 4404 minos
1409 4341 1535 4403 adhibet
1555 4343 1635 4404 fidei.
1684 4341 1830 4405 Sectione

791 4433 844 4508 31,
868 4432 1013 4512 problem.
1038 4428 1068 4495 8.
1100 4430 1149 4495 15.
1179 4429 1225 4495 16.
1248 4430 1300 4495 25.
1329 4433 1419 4512 plane
1442 4432 1498 4492 hoc
1529 4432 1661 4511 quaerit,
1695 4433 1744 4512 qui
1773 4432 1829 4494 flat

791 4522 869 4603 quod
892 4544 1012 4598 poenae
1040 4532 1071 4581 et
1094 4524 1257 4601 apertiores
1285 4522 1437 4583 contraria
1464 4520 1633 4599 patiantur,
1665 4520 1708 4583 illi
1731 4539 1830 4602 prope

791 4613 986 4685 admoveant,
1016 4610 1046 4671 bi
1073 4620 1250 4673 removeant
1272 4630 1309 4671 ea
1332 4629 1408 4691 quae
1432 4617 1503 4670 sunt
1532 4609 1704 4684 lustraturi,
1728 4618 1762 4672 et
1785 4610 1829 4672 illi

792 4700 909 4782 quidem
932 4700 999 4761 viso
1023 4700 1123 4761 hebeti
1147 4701 1331 4762 minusculas
1351 4708 1451 4760 tamen
1477 4698 1612 4761 scribant
1634 4698 1782 4760 literulas.

880 4791 970 4851 Addo
998 4797 1032 4850 et
1062 4789 1234 4863 schemata,
1268 4808 1305 4850 ne
1335 4788 1404 4868 quid
1437 4788 1633 4857 desideretur.
1681 4785 1733 4849 Sit
1754 4789 1831 4867 eppo

791 4880 945 4960 specillum
970 4895 1090 4946 cavum,
1114 4886 1255 4955 puuctum
1286 4877 1415 4938 lucidum
1440 4877 1516 4937 adeo
1544 4883 1691 4938 remotum
1715 4877 1770 4950 sit,
1795 4884 1829 4938 ut

791 4968 977 5032 radiationes
999 4966 1212 5045 propemodum
1235 4966 1372 5045 paralleli
1392 4966 1462 5040 sint,
1486 4965 1611 5026 veniant
1631 4963 1755 5044 iuquam
1769 4970 1826 5038 θα,

792 5061 822 5137 ιβ
848 5057 1033 5120 radiationes
1062 5053 1101 5115 ab
1133 5056 1239 5117 eodem
1271 5056 1388 5116 lucente
1419 5062 1550 5133 puncto;
1583 5052 1654 5133 quia
1685 5073 1758 5135 ergo
1786 5056 1829 5132 αβ

792 5146 942 5212 densioris
965 5142 1136 5225 superficies
1160 5162 1237 5207 cava
1259 5152 1317 5219 est,
1341 5143 1426 5224 cujus
1449 5151 1582 5206 centrum
1606 5145 1623 5205 λ
1645 5144 1782 5220 interd,
1805 5170 1825 5217 ι,
