4584 6192
561 630 628 702 640
1041 634 1081 685 De
1100 632 1180 687 Stella
1196 633 1268 686 liora
1286 631 1437 699 &mentali

558 831 672 876 morum
696 815 877 877 varietatem
901 828 1039 888 magnam
1068 811 1286 892 confingerent,
1317 820 1351 874 ut
1378 820 1537 875 eventuum
1565 809 1709 874 varietati
1738 808 1927 892 respondere

560 902 613 965 illa
635 913 749 982 posset,
774 913 882 983 postea
905 901 1120 980 experientiam
1140 919 1194 980 pro
1208 920 1241 961 se
1257 901 1380 981 purisque
1396 901 1552 980 allegaret,
1577 900 1723 980 deceptos
1747 919 1819 962 esse
1838 898 1926 981 cupi-

559 991 656 1054 ditate
679 991 871 1070 praedicendi
894 1009 1011 1063 caecos,
1038 1000 1070 1049 ut
1094 989 1123 1050 irr
1146 989 1377 1067 superstitiones
1401 999 1464 1051 tam
1488 990 1599 1051 multas
1622 988 1842 1068 impingerent.

650 1077 713 1141 Sed
737 1082 775 1142 ad
792 1080 893 1142 Picum
911 1079 1012 1139 redeo.
1051 1079 1144 1139 Putat
1159 1096 1251 1156 opera
1273 1079 1462 1158 planetarum
1485 1077 1623 1157 impediri
1645 1077 1828 1157 praesentia
1851 1095 1925 1138 conÎ‡

559 1167 718 1230 trariorum
732 1171 932 1248 planetarum,
951 1166 1052 1246 itaque
1067 1167 1183 1227 minora
1197 1167 1269 1239 fieri,
1291 1186 1378 1245 quam
1398 1167 1425 1227 si
1446 1167 1555 1246 singuli
1572 1166 1697 1228 seorsim
1713 1174 1925 1246 operarentur.

559 1257 693 1319 Primum
716 1276 793 1338 nego
825 1256 960 1334 impediri
991 1255 1081 1316 alium
1106 1256 1143 1317 ab
1170 1256 1242 1330 alio,
1274 1257 1437 1318 miscentur
1465 1255 1543 1317 enim
1574 1264 1607 1315 ut
1635 1255 1713 1317 radii
1744 1255 1923 1316 lucidomm.

561 1345 678 1408 Deinde
701 1365 810 1408 revoco
835 1345 937 1407 Picum
960 1346 998 1406 ad
1029 1345 1158 1424 priorem
1188 1344 1429 1424 responsionem,
1463 1363 1519 1405 non
1552 1343 1600 1404 hic
1633 1343 1826 1406 considerari
1855 1342 1925 1423 quid

564 1434 707 1514 planetae
738 1453 793 1515 per
824 1453 857 1494 se
891 1442 998 1513 agant,
1030 1435 1083 1494 sed
1116 1434 1187 1512 quid
1215 1443 1341 1494 naturae
1372 1434 1549 1495 sublunares
1579 1433 1736 1511 patiantur
1759 1432 1801 1494 ab
1826 1450 1925 1494 eornm

566 1521 777 1600 conjunctione
805 1531 949 1602 tanquam
979 1523 1108 1602 objecto.
1162 1522 1221 1584 Ubi
1250 1523 1436 1601 experientia
1466 1523 1621 1600 praecedit
1648 1519 1923 1584 ratiocinationem.

564 1609 633 1672 Nisi
657 1610 736 1672 enim
760 1613 799 1673 ad
822 1613 939 1673 oculum
963 1611 1133 1683 ostendero,
1158 1610 1302 1672 concitari
1326 1611 1385 1671 vim
1409 1631 1507 1673 rernm
1531 1610 1736 1671 sublunarium
1758 1631 1779 1671 a
1793 1607 1925 1690 planetis

561 1698 738 1777 conjunctis,
762 1719 821 1762 non
844 1709 915 1780 peto
940 1709 972 1762 ut
995 1700 1097 1761 allatis
1121 1699 1288 1761 rationibus
1312 1701 1462 1761 credatur.
1509 1697 1625 1761 Contra
1643 1698 1668 1760 si
1689 1699 1727 1760 de
1743 1718 1779 1760 ra
1795 1705 1924 1766 constet.

560 1786 753 1851 ratiocinatio
778 1789 931 1851 contraria
954 1789 1027 1850 rrilril
1051 1789 1163 1868 poterit
1186 1789 1336 1861 obtinere,
1369 1790 1422 1849 sed
1457 1788 1633 1865 interpositu
1657 1787 1815 1866 dogmatis
1838 1785 1925 1866 lmjns

562 1876 599 1938 de
623 1874 818 1956 impressione
842 1877 989 1938 sensitiva
1013 1877 1124 1957 speciei
1154 1877 1372 1956 conjunctionis
1401 1878 1430 1939 in
1459 1876 1621 1938 facultates
1652 1895 1752 1939 rerum
1778 1876 1924 1938 subluna-

562 1964 638 2026 rium
662 1975 744 2028 recte
772 1967 961 2027 dissolvetur.

651 2054 755 2134 Pergit
786 2055 1030 2129 Miraodolanus,
1070 2073 1122 2114 cur
1155 2073 1211 2114 non
1245 2054 1344 2132 potius
1378 2051 1460 2115 Solis
1493 2062 1524 2113 et
1556 2054 1660 2114 Lunae
1695 2051 1926 2131 conjunctiones

561 2142 700 2212 valeant,
728 2163 816 2223 quam
840 2143 963 2205 Saturni
988 2151 1019 2203 et
1041 2140 1128 2203 Jovis
1153 2143 1180 2203 io
1205 2143 1322 2221 magnis
1352 2142 1420 2203 istis
1449 2141 1549 2203 mundi
1583 2139 1805 2202 mutationibus
1829 2141 1928 2203 admi-

561 2229 736 2294 nistrandis.
785 2233 965 2311 Respondes
991 2251 1028 2292 cx
1051 2251 1118 2291 moa
1137 2249 1195 2292 non
1212 2251 1248 2291 ex
1261 2232 1481 2309 astrologorum
1498 2229 1664 2291 sententiar
1688 2229 1807 2291 nullam
1827 2229 1928 2294 mnndi

560 2319 757 2383 mutationem
781 2341 800 2382 a
823 2339 997 2401 quocunque
1020 2319 1152 2381 siderum
1175 2320 1275 2399 positu
1300 2320 1377 2381 effici
1401 2329 1453 2380 aut
1476 2317 1728 2398 praesignificari:
1765 2337 1825 2380 non
1851 2319 1927 2383 enim

560 2407 641 2470 idem
663 2416 720 2483 est,
746 2409 973 2471 universitatem
996 2416 1170 2469 naturarum
1196 2409 1400 2470 sublunarium
1424 2408 1558 2488 adeoque
1583 2414 1616 2467 et
1635 2405 1756 2468 animos
1773 2407 1926 2470 hominnm

563 2505 711 2576 quatenus
735 2499 890 2560 naturales
922 2497 1185 2559 vehementissime
1218 2497 1377 2570 concitari,
1412 2505 1444 2557 et
1475 2504 1589 2558 statum
1620 2495 1707 2575 lmjus
1741 2496 1849 2559 mundi
1881 2497 1926 2558 vel

561 2585 681 2665 generis
705 2585 827 2649 humani
850 2607 887 2648 ex
911 2607 970 2649 una
994 2589 1090 2647 forma
1114 2586 1141 2647 in
1167 2587 1259 2647 aliam
1283 2586 1500 2665 transfigurari.
1547 2583 1663 2646 Deinde
1681 2584 1719 2644 ad
1736 2585 1819 2646 hanc
1836 2595 1924 2648 natu-

562 2693 663 2736 rarum
693 2674 900 2736 incitationem
929 2675 1032 2737 valent
1059 2675 1179 2755 quidem
1209 2675 1299 2736 etiam
1329 2673 1410 2736 Solis
1439 2683 1471 2734 et
1497 2674 1601 2735 Lunae
1633 2671 1869 2751 conjunctiones
1899 2681 1927 2736 ct

563 2760 710 2842 deliquia,
742 2765 797 2824 sed
830 2765 890 2825 alia
922 2766 1010 2843 longe
1043 2764 1169 2827 ratione.
1215 2763 1294 2826 Nam
1319 2772 1467 2843 quatenus
1491 2761 1711 2840 conjunguntur
1735 2762 1925 2842 simpliciter,

561 2850 594 2913 id
613 2859 798 2914 menstruum
817 2863 880 2927 est3
904 2853 1004 2933 itaque
1024 2872 1082 2914 non
1102 2853 1152 2914 diu
1168 2853 1257 2913 durat
1270 2852 1451 2932 conjunctio,
1471 2869 1537 2912 cnm
1551 2851 1639 2912 Luna
1653 2849 1696 2911 sit
1713 2851 1924 2914 velocissima:

564 2938 704 3002 stimulus
727 2940 818 3020 igitur
841 2942 899 3003 iste
923 2962 978 3003 nec
994 2942 1073 3004 acris
1097 2949 1145 3003 est
1169 2961 1223 3003 nec
1239 2942 1381 3015 insolens,
1397 2959 1482 3021 quem
1497 2939 1564 3001 ideo
1586 2957 1681 3019 neque
1705 2959 1824 3020 magna
1847 2959 1924 3003 com-

565 3027 659 3090 motio
683 3029 827 3110 sequitur.
875 3031 1027 3111 Amplius,
1062 3031 1133 3111 quid
1156 3029 1248 3091 habet
1272 3031 1375 3103 Picus,
1410 3048 1462 3090 cur
1491 3027 1589 3107 magis
1617 3028 1812 3092 universales
1838 3030 1925 3092 faciat

563 3115 666 3180 Solem
691 3126 723 3178 et
745 3119 860 3181 Lunam
881 3139 969 3199 quam
993 3117 1156 3181 Saturnum
1181 3126 1213 3179 et
1226 3119 1352 3179 Jovem?
1400 3116 1524 3180 Coelom
1549 3116 1635 3196 ajunt
1658 3117 1793 3197 undique
1819 3135 1922 3199 suptar

561 3205 663 3286 itaque
687 3226 744 3268 non
761 3205 814 3268 Sol
838 3218 955 3269 tantum
980 3208 1033 3270 sed
1058 3216 1090 3268 et
1109 3205 1268 3269 Saturnus.
1315 3208 1365 3268 An
1390 3208 1467 3268 forte
1491 3207 1547 3268 hoc
1571 3204 1676 3277 voluit,
1699 3207 1838 3286 majores
1862 3225 1922 3268 esse

562 3295 642 3357 vires
667 3294 857 3358 luminarium
882 3318 969 3378 qutun
999 3306 1165 3358 ceterorum
1200 3296 1357 3358 erronum?
1403 3297 1528 3368 Fateor,
1562 3295 1614 3354 sed
1646 3313 1717 3354 ecce
1752 3295 1863 3358 iterum
1891 3296 1921 3356 da

560 3381 683 3464 proprio
709 3386 866 3447 stellarum
892 3406 981 3465 opere
997 3386 1166 3466 loquentem
1182 3385 1295 3459 Picum,
1320 3385 1397 3462 quod
1422 3383 1547 3464 quilibet
1570 3381 1686 3444 obtinet
1711 3384 1751 3444 ad
1776 3385 1920 3446 modulum

561 3471 697 3550 corporis
731 3482 762 3533 et
795 3474 924 3535 luminis.
972 3475 1016 3535 At
1048 3475 1084 3534 de
1118 3475 1174 3534 hoc
1207 3493 1261 3534 nos
1289 3475 1352 3552 jam
1385 3492 1441 3533 non
1476 3471 1631 3551 loquimur.
1697 3471 1823 3534 Pridem
1853 3473 1921 3534 enim

563 3562 666 3622 fassus
690 3581 769 3635 sum,
795 3563 851 3623 lroc
876 3565 1006 3642 ipsorum
1031 3583 1105 3641 opus
1129 3582 1186 3623 non
1212 3563 1373 3623 confortari
1397 3560 1664 3641 conjunctionibus.
1712 3561 1814 3622 Nobis
1839 3563 1922 3642 igitur

563 3652 600 3712 de
624 3649 777 3728 objectiva
802 3662 927 3712 naturae
952 3652 1151 3713 commotione
1176 3670 1273 3712 sermo
1298 3671 1364 3711 cum
1389 3651 1439 3722 sit,
1465 3649 1537 3710 illud
1561 3648 1732 3726 negandum
1758 3662 1825 3723 est,
1851 3650 1920 3730 quod

564 3740 601 3800 de
616 3739 737 3818 proprio
752 3739 881 3801 siderum
899 3761 988 3819 opere
1003 3741 1187 3802 conceditur.
1235 3741 1340 3818 Itaque
1356 3749 1469 3817 qrranta
1488 3737 1667 3816 conjunctio,
1688 3747 1782 3798 tanta
1804 3751 1920 3800 naturae

562 3829 740 3889 commotio:
772 3830 797 3888 si
822 3830 991 3907 conjunctio
1017 3830 1172 3900 diuturna,
1200 3827 1224 3888 si
1250 3847 1332 3900 rura,
1362 3848 1473 3905 magna
1504 3845 1620 3904 puroque
1650 3834 1681 3886 et
1710 3826 1848 3889 insolens
1871 3829 1921 3889 erit

561 3917 739 3978 commotio:
764 3938 799 3978 ac
823 3919 946 3996 prolude
970 3918 1066 3996 major
1090 3917 1248 3978 commotio
1272 3917 1512 3996 aconjunctione
1528 3914 1652 3976 Saturni
1666 3924 1698 3974 et
1713 3914 1816 3992 Jovis,
1841 3937 1919 3997 quarn

561 4005 684 4068 aSolis
709 4013 741 4065 et
764 4007 878 4066 Lunae.

654 4094 709 4154 Ait
741 4113 811 4155 vero
844 4095 950 4155 Picus:
984 4113 1042 4154 non
1076 4092 1218 4167 omnium,
1254 4113 1310 4153 non
1342 4092 1568 4171 praecipuorum
1601 4090 1828 4169 astrologorum
1860 4111 1920 4154 esse

564 4182 731 4243 doctrinam
757 4182 793 4242 de
817 4182 1093 4261 conjunctionibus:
1120 4183 1229 4242 l'alsam
1253 4181 1344 4260 igitur
1367 4200 1444 4241 esse.
1491 4180 1566 4241 Dico
1591 4197 1655 4256 ego,
1683 4180 1720 4239 de
1735 4181 1919 4261 conjunctio-

565 4271 652 4332 nibus
677 4270 705 4330 in
730 4271 900 4333 universnm
924 4272 1055 4332 tacuisse
1080 4270 1191 4331 nullum
1216 4290 1253 4331 ex
1277 4270 1448 4347 astrologis.
1495 4267 1581 4338 Quod
1602 4277 1704 4328 autem
1724 4269 1755 4329 in
1779 4290 1920 4350 prognos-

564 4359 634 4421 ticis
658 4378 756 4421 rerum
782 4361 992 4421 universalium
1017 4360 1209 4421 Ptolemaeus
1239 4358 1341 4420 omisit
1372 4359 1448 4418 lranc
1478 4355 1717 4436 conjunctionum
1750 4377 1921 4439 magnarum

566 4449 674 4512 seriem
699 4459 730 4508 et
754 4448 838 4526 quasi
863 4450 1014 4528 politiam,
1043 4466 1235 4510 successores
1258 4448 1379 4509 Arabes
1411 4447 1619 4507 adsciverunt:
1649 4444 1685 4504 de
1721 4447 1782 4509 boc
1813 4449 1922 4526 litigent

563 4538 643 4600 inter
666 4556 735 4600 sese
759 4537 915 4616 astrologi,
941 4537 989 4617 qni
1013 4556 1045 4597 se
1069 4555 1167 4598 rerum
1192 4536 1220 4596 in
1251 4536 1359 4597 mundo
1392 4534 1615 4597 vicissitudines
1647 4553 1685 4594 ex
1715 4537 1815 4598 astris
1839 4555 1922 4616 prae-

562 4627 661 4688 dicere
685 4644 777 4706 posse
796 4626 936 4704 jactante
959 4627 1031 4688 milri
1055 4644 1113 4687 non
1137 4644 1233 4686 rerum
1260 4624 1451 4698 vicissitudo,
1481 4641 1556 4703 (puae
1585 4622 1735 4700 specialia
1760 4627 1858 4688 multa
1879 4624 1921 4686 inÎ‡

560 4716 664 4790 volvit,
690 4715 744 4776 sed
768 4715 834 4776 sola
857 4723 1029 4776 naturarum
1053 4715 1223 4787 conrruotio,
1250 4733 1326 4794 quae
1350 4720 1398 4774 est
1420 4711 1599 4774 universalis
1623 4730 1719 4791 eaque
1739 4732 1803 4776 non
1823 4714 1921 4784 omrris,

561 4820 615 4882 per
637 4803 754 4865 coelum
777 4803 938 4883 quaeritur.

649 4887 895 4965 Messalralamâ¹l
918 4892 1009 4954 Picus
1042 4889 1156 4970 arguit,
1190 4889 1268 4969 quod
1302 4890 1339 4949 ab
1368 4888 1421 4963 iis,
1453 4888 1503 4969 qui
1536 4897 1605 4950 sunt
1637 4889 1786 4952 tardioris
1820 4897 1921 4962 motus,

563 4998 674 5059 magna
705 4983 870 5060 procedere
904 4980 1029 5042 dixerit:
1067 4977 1224 5039 existimat
1247 4978 1327 5057 ipse,
1366 4979 1560 5039 velocitatem
1592 4995 1661 5038 esse
1695 4979 1734 5040 de
1768 4980 1921 5042 nobilitate

563 5067 681 5132 stellae.
729 5067 893 5131 Nobilitati
917 5087 988 5131 vero
1013 5067 1178 5128 efficaciam
1201 5066 1320 5141 adesse,
1345 5065 1388 5128 sic
1411 5066 1507 5146 utqui
1522 5065 1699 5141 velociores,
1726 5071 1918 5148 potentiores

561 5153 640 5218 Dico
653 5164 688 5219 ut
704 5174 760 5237 pro
774 5175 852 5232 mea,
875 5176 936 5220 non
950 5165 984 5219 nt
997 5174 1051 5237 pro
1068 5155 1263 5218 Messahalae
1286 5155 1451 5230 sententia,
1474 5153 1578 5216 Picum
1601 5165 1789 5220 connectere
1810 5157 1918 5241 paleas.
