4584 6192
473 604 540 676 032
956 593 1353 664 praesumamus

475 783 594 867 qnando
609 780 750 854 maxima,
774 787 808 842 et
820 777 1107 859 flagrantissimam:
1131 774 1183 838 ubi
1196 775 1403 857 magnitudine
1417 774 1561 853 decrevit,
1583 775 1832 840 scintillatim

493 893 514 936 n
553 890 590 934 ue
613 868 731 932 minuit.

473 891 673 1023 qqultimo
695 957 762 1019 loco
786 963 924 1037 quartam
947 953 1098 1035 Scaligeri
1121 971 1219 1033 pono;
1249 951 1372 1025 medii,
1401 960 1493 1033 puta
1514 952 1631 1025 aeris,
1664 951 1830 1015 habitan

469 1050 581 1114 alium
604 1055 715 1127 atque
740 1046 867 1118 aliurn,
891 1045 942 1124 qui
956 1045 1039 1105 visus
1054 1041 1151 1105 nostri
1174 1048 1313 1121 respectu
1335 1042 1423 1119 paria
1436 1041 1511 1104 lacit
1524 1062 1593 1105 cnm
1611 1042 1830 1121 magnitudine.

470 1137 583 1200 Ventis
606 1135 686 1197 enirn
717 1133 914 1213 perflantibus
938 1141 969 1195 et
991 1133 1133 1194 humente
1157 1148 1245 1202 aura,
1279 1130 1377 1208 qualis
1401 1129 1459 1191 fuit
1480 1139 1546 1194 toto
1574 1150 1683 1194 mense
1706 1128 1831 1193 Octobri

471 1226 544 1290 enni
571 1220 674 1297 1604,
707 1221 908 1302 fulgidissima
930 1230 1001 1283 sunt
1023 1220 1124 1281 sidera
1147 1228 1180 1279 et
1202 1218 1348 1295 grandia,
1382 1218 1439 1280 boc
1462 1227 1511 1282 est
1533 1218 1701 1300 conspicua
1723 1219 1829 1281 valde:

470 1332 564 1395 quare
588 1311 680 1374 etiam
703 1329 804 1372 eorum
831 1310 1027 1372 scintillatio:
1057 1307 1137 1388 quod
1165 1307 1194 1367 in
1218 1304 1337 1385 Opticis
1364 1308 1469 1388 putavi
1496 1309 1673 1389 contingere
1696 1307 1739 1371 ob
1761 1326 1830 1370 eon-

471 1399 703 1472 anomocus,
738 1399 825 1461 utin
850 1397 1096 1460 lacrumantibus.
1142 1396 1211 1458 Non
1236 1394 1341 1457 mirum
1373 1397 1483 1475 igitur,
1516 1398 1596 1478 quod
1624 1415 1732 1459 mense
1755 1396 1830 1458 dicto

469 1499 589 1553 tantum
610 1507 685 1568 prae
708 1506 741 1547 se
766 1486 870 1549 tulerit
900 1488 1037 1548 ardorem
1065 1485 1121 1546 hoc
1151 1483 1254 1556 sidus,
1288 1502 1356 1545 cnm
1387 1496 1472 1547 esset
1498 1504 1553 1566 per
1576 1505 1610 1547 se
1634 1503 1783 1565 magnum
1802 1495 1830 1545 et

470 1579 599 1650 clarum,
632 1577 700 1656 plus
724 1594 813 1656 qnam
846 1575 962 1655 reliqua
991 1574 1099 1636 omnia.
1146 1571 1208 1634 Sed
1231 1572 1293 1634 alia
1322 1573 1438 1635 ratione
1469 1584 1588 1654 pugnat
1618 1574 1697 1636 haec
1731 1592 1829 1641 mea

471 1666 552 1748 quod
575 1683 633 1726 non
657 1664 733 1725 haec
756 1672 875 1726 tantum
898 1664 988 1725 stella
1012 1680 1101 1736 nova,
1125 1660 1232 1723 sedet
1253 1662 1386 1742 reliquae
1411 1682 1524 1733 omnen,
1548 1682 1627 1743 quae
1652 1661 1828 1734 scintillent,

472 1753 572 1833 magis
604 1752 635 1814 id
666 1761 826 1832 praestant
857 1770 962 1813 recens
994 1758 1098 1823 ortae,
1133 1758 1187 1810 ant
1213 1750 1277 1828 jam
1307 1768 1490 1825 occasune,
1522 1770 1590 1813 cnm
1621 1752 1829 1832 promicante

474 1841 648 1921 vaporibus,
672 1860 761 1921 quam
784 1840 834 1903 ubi
848 1842 938 1919 paulo
962 1848 1033 1900 ante
1056 1839 1105 1898 vel
1120 1846 1192 1918 post
1210 1838 1250 1899 ad
1268 1838 1396 1900 medium
1414 1840 1489 1901 coeli
1513 1840 1698 1920 appulerint.
1732 1841 1829 1920 Atque

472 1931 549 1996 haec
571 1948 667 1992 censa
689 1929 756 2003 fuit,
780 1948 832 1991 cnr
850 1929 939 1991 Nova
961 1928 991 1990 in
1016 1926 1172 1990 occidente
1195 1926 1296 2006 posita
1319 1936 1436 1989 tantum
1458 1936 1710 2009 repraesentaret
1733 1924 1828 1990 exsul-

472 2019 601 2084 tantium
624 2017 810 2080 &minarum
833 2017 1009 2079 incendium.
1055 2015 1148 2076 Ratio
1179 2015 1255 2076 forte
1283 2016 1421 2096 utrinqne
1445 2027 1495 2078 est
1521 2017 1646 2089 eudem,
1676 2035 1739 2079 non
1761 2033 1828 2079 oon-

473 2116 576 2171 tactns
599 2106 687 2181 oculi,
721 2106 775 2168 sed
798 2106 972 2186 profundior
995 2111 1061 2178 abr,
1094 2103 1234 2183 limpidus
1259 2112 1360 2166 tamen
1383 2114 1415 2166 et
1437 2106 1625 2185 perspicuus.
1672 2106 1757 2167 Nam
1777 2122 1831 2186 qu

476 2194 615 2278 parteis
638 2194 727 2256 furnis
750 2194 951 2267 obnubilatur,
975 2192 1053 2254 visui
1077 2191 1190 2268 obstat,
1213 2193 1369 2255 stellarum
1391 2204 1585 2274 conspectum
1608 2194 1713 2274 eripit,
1738 2194 1829 2256 l'erru·

474 2284 596 2366 gineom
630 2280 715 2359 soli,
757 2284 951 2345 rubentemve
984 2290 1017 2343 et
1047 2280 1115 2342 huic
1148 2290 1181 2344 et
1211 2280 1359 2343 sideribus
1396 2284 1505 2345 ceteris
1543 2282 1677 2345 colorem
1710 2280 1828 2345 inducit

473 2372 582 2436 Solent
604 2371 698 2433 etiarn
727 2371 829 2434 sidera
858 2370 1051 2451 utplurimum
1075 2369 1114 2431 ab
1138 2379 1244 2431 exortu
1276 2370 1392 2432 colores
1422 2372 1570 2451 projicere
1592 2371 1702 2433 iridis:
1736 2370 1829 2442 credo,

473 2461 545 2543 qnia
567 2462 666 2523 lumen
690 2460 812 2540 objectu
835 2479 950 2540 aqueae
973 2458 1119 2521 materiae
1136 2460 1229 2539 (quae
1243 2468 1386 2538 quantum
1409 2460 1581 2535 densitatis,
1606 2468 1729 2522 tantum
1742 2458 1829 2521 habet

474 2548 682 2623 tenebrarum)
719 2549 851 2611 diluitur.
924 2548 1008 2610 Tunc
1044 2547 1138 2609 radiis
1174 2566 1228 2627 per
1263 2547 1401 2610 humores
1437 2549 1603 2630 ingressis,
1640 2563 1829 2630 quaecunque

472 2658 567 2703 cauea
590 2637 666 2718 ipsis
693 2637 775 2700 inest
801 2637 969 2711 sideribus,
1003 2637 1101 2698 lumen
1133 2635 1284 2698 coloribus
1315 2636 1467 2714 imbuens,
1498 2638 1564 2717 ejus
1586 2638 1717 2700 effectus
1748 2645 1829 2699 tanto

473 2726 643 2790 evidentius
665 2734 930 2806 repraesentatur;
955 2725 1033 2805 quod
1057 2724 1114 2804 ipsi
1136 2744 1191 2804 per
1205 2744 1238 2785 se
1261 2725 1401 2788 humores
1424 2747 1477 2789 sen
1496 2726 1597 2789 medis
1616 2726 1715 2788 densa
1735 2725 1829 2808 pelle·

473 2815 543 2878 eide
564 2813 745 2876 refractione
769 2814 933 2893 adjuvante
956 2813 1073 2875 colores
1096 2815 1219 2875 eosdem
1241 2813 1325 2875 iridis
1347 2825 1522 2895 procreant,
1546 2823 1581 2877 ut
1602 2814 1709 2877 videre
1732 2813 1827 2876 estis

472 2903 668 2984 prismatibus
692 2903 888 2985 crystallinis.
927 2901 1007 2964 Vide
1031 2902 1068 2964 de
1091 2901 1140 2964 bis
1155 2900 1268 2980 Optica
1290 2922 1359 2965 mea
1380 2905 1512 2982 passim;
1535 2903 1701 2984 praecipue
1715 2900 1826 2984 Capi·

473 2992 518 3055 Ut
541 3001 641 3054 antem
665 2992 840 3056 concludam
862 2993 940 3054 hunc
963 2991 1080 3052 locum:
1114 2990 1172 3052 etsi
1196 3009 1300 3053 verum
1322 3002 1385 3066 est,
1416 3001 1448 3054 et
1470 2993 1672 3054 clarissimam
1704 2988 1826 3073 purissi-

472 3098 611 3162 mumque
644 3079 737 3143 lnisse
769 3081 909 3154 stellam,
942 3089 975 3141 et
997 3079 1140 3159 majorem
1172 3080 1325 3155 omnibus,
1357 3089 1389 3141 et
1411 3091 1447 3143 ut
1476 3082 1636 3161 plurimum
1666 3082 1699 3143 in
1725 3097 1828 3143 occas·

474 3170 556 3234 circa
577 3168 763 3232 horizontem
784 3178 980 3250 conspectam
999 3167 1206 3229 humidissimo
1225 3175 1306 3244 aere,
1330 3168 1403 3230 nihil
1417 3180 1519 3234 tamen
1542 3170 1716 3250 potuissent
1732 3186 1828 3233 omnes

474 3257 533 3322 bae
556 3275 677 3320 causae.
691 3259 888 3338 conjunctae,
911 3257 969 3320 nisi
992 3257 1091 3318 lumen
1114 3257 1212 3336 ipsum
1231 3256 1400 3338 incorpore
1423 3261 1541 3332 stellae,
1565 3268 1648 3321 motu
1669 3260 1719 3323 vel
1737 3256 1828 3322 lacei-

473 3346 548 3409 tatis
571 3346 709 3410 internas
727 3348 778 3410 vel
791 3346 925 3428 corporis
948 3344 1043 3423 ipsius
1066 3344 1258 3419 creberrimo,
1280 3365 1390 3410 causas
1413 3348 1642 3411 scintillationis
1656 3359 1691 3412 et
1704 3350 1828 3413 colorum

474 3434 650 3499 invenisset

1060 3675 1248 3686 —ss-n

1024 3895 1144 3995 Caput
1171 3893 1279 3969 XIX.

909 4070 968 4136 De
989 4073 1132 4136 Materia
1155 4073 1241 4137 Ncot'
1263 4076 1399 4139 Sideris.

564 4234 670 4297 Omnis
694 4232 730 4296 de
754 4231 882 4296 materia
914 4233 1022 4294 stellae
1054 4233 1220 4312 disputatio
1244 4234 1283 4295 ab
1307 4235 1344 4297 iis
1375 4238 1543 4316 dependet,
1577 4256 1657 4317 quae
1691 4237 1827 4301 hactenns

474 4324 613 4387 diximus.
660 4321 736 4386 Cum
759 4322 838 4383 enim
861 4322 890 4383 in
915 4322 999 4384 coelo
1029 4340 1116 4382 nemo
1150 4341 1296 4401 praesens
1326 4326 1465 4388 affuerit:
1496 4334 1580 4388 certe
1613 4327 1763 4408 quidquid
1789 4322 1827 4385 bit

474 4413 569 4476 oculis
591 4430 651 4473 non
675 4410 899 4491 consequimur,
913 4432 915 4435 ’
931 4410 970 4470 ad
994 4428 1067 4489 quos
1091 4411 1203 4473 lumina
1235 4415 1391 4477 stellarum
1420 4415 1550 4495 quadam
1583 4416 1703 4495 speciei
1726 4432 1826 4496 propt·

474 4503 596 4582 gotione
629 4500 821 4574 delabuntur,
853 4500 883 4561 id
907 4499 1019 4561 frustra
1042 4498 1163 4561 nitimur
1194 4501 1349 4581 indagare.
1397 4503 1528 4567 Constat
1550 4504 1645 4584 igitur
1668 4525 1711 4567 ex
1734 4504 1826 4583 dispo·

473 4592 590 4655 tatione
614 4590 651 4651 de
676 4588 785 4651 lumine
809 4589 904 4668 deque
927 4587 1155 4662 scintillatione,
1180 4588 1305 4653 duorum
1329 4592 1457 4655 alterurn
1476 4592 1580 4668 luisse,
1605 4601 1663 4656 aut
1685 4595 1826 4656 dannan

473 4689 528 4742 aut
550 4697 676 4758 corpus,
701 4697 757 4739 sua
780 4686 923 4739 constans
947 4677 1085 4737 materia.
1133 4676 1167 4738 Si
1191 4698 1299 4760 corpus
1323 4682 1397 4757 fuit,
1422 4690 1475 4744 aut
1498 4683 1590 4760 igitur
1614 4691 1736 4745 motum
1758 4681 1827 4744 illul!

474 4768 674 4850 palpitantem
697 4767 778 4828 intra
801 4784 871 4827 sese
892 4764 1005 4840 tenuit,
1029 4784 1067 4825 ex
1090 4766 1176 4844 cujus
1203 4769 1394 4850 paroxysmis
1418 4772 1472 4833 illa
1493 4770 1677 4834 scintillatio
1707 4767 1826 4836 emicuit

473 4865 528 4920 ant
551 4856 649 4936 ipsum
676 4873 730 4935 per
759 4873 793 4914 se
816 4854 997 4934 pellucidum
1024 4854 1235 4917 convolutione
1263 4859 1456 4939 rapidissima
1477 4867 1611 4921 rotatum
1637 4860 1708 4924 lirit.
1753 4860 1827 4922 Nea·

473 4943 611 5024 trobique
627 4964 676 5008 res
690 4944 768 5007 citra
786 4943 868 5005 vitae
891 4942 1047 5023 cujusdam
1071 4942 1233 5021 imaginem
1257 4947 1390 5029 citraque
1414 4949 1614 5011 ministerium
1634 4944 1827 5012 informantis

474 5033 625 5096 moventis
654 5033 704 5095 vel
735 5031 909 5112 vegetantis
947 5032 1102 5095 facultatis
1137 5035 1301 5114 peragitur.
1356 5037 1506 5120 Equidem
1539 5040 1630 5100 faveo
1665 5035 1827 5102 sententiat

473 5118 599 5207 primae,
623 5123 774 5185 dammam
797 5120 901 5194 luisse,
924 5119 994 5202 quio
1017 5129 1051 5184 ut
1072 5121 1193 5183 flamma
1216 5134 1375 5189 consumta
1398 5135 1454 5205 est,
1479 5126 1568 5213 quasi
1590 5127 1756 5192 deficiente
1777 5120 1826 5186 ni·
