4584 6192
571 599 636 665 578
1062 597 1091 647 rn
1108 597 1197 646 tibrum
1215 596 1247 646 ns
1266 593 1345 646 sans
1362 591 1442 645 nava.

572 796 699 856 maguae
722 777 753 837 iu
782 776 900 854 trigono
931 774 1017 853 igneo
1050 772 1285 852 conjunctionis,
1318 780 1380 835 tum
1411 774 1539 835 maxime
1570 777 1758 838 sermonibus
1787 776 1938 860 librisque

570 867 767 927 vehementer
790 866 935 943 agitatae.
982 863 1059 924 Rem
1088 871 1190 923 summ
1222 887 1240 922 a
1263 863 1395 942 Keplero
1428 865 1472 924 ita
1501 864 1683 944 explicatam
1706 867 1868 942 videmus,
1904 877 1938 931 ut

572 975 629 1017 non
654 953 804 1032 possimus
828 972 885 1014 non
910 953 1113 1030 incorruptum
1141 952 1323 1030 liberumque
1354 953 1410 1012 viri
1434 953 1579 1030 judicium
1609 954 1765 1030 admirari,
1797 958 1847 1037 qui
1878 958 1936 1018 ad·

572 1052 654 1105 moto
679 1041 806 1104 clariore
830 1041 1005 1119 disciplinae
1030 1040 1139 1100 lumine
1164 1039 1386 1118 superstitionis
1411 1060 1496 1102 omne
1517 1060 1611 1120 genus
1629 1053 1794 1121 oppugnat.
1844 1044 1936 1116 Quod

573 1131 692 1212 quidem
723 1129 819 1209 magis
847 1130 1012 1190 mirandum
1037 1129 1093 1189 tuit
1116 1128 1145 1189 in
1170 1129 1317 1207 Keplero‚
1344 1129 1391 1208 qni
1416 1138 1499 1189 esset
1523 1139 1712 1192 astronomus
1737 1133 1935 1213 Imperatoris

574 1219 767 1298 astrologicis
791 1218 918 1279 maxime
943 1218 1067 1278 somniis
1091 1216 1205 1291 dediti,
1239 1236 1315 1297 qnae
1349 1218 1455 1278 nutriri
1486 1227 1538 1280 aut
1570 1228 1652 1280 certe
1681 1240 1739 1281 uon
1765 1224 1935 1302 oppugnari

575 1316 699 1389 putares
732 1306 761 1367 in
793 1306 868 1367 libro
909 1306 977 1366 huic
1009 1306 1067 1384 ipsi
1097 1305 1277 1383 Imperatori
1318 1307 1467 1367 dedicato.
1524 1306 1594 1377 Qua
1626 1309 1662 1369 de
1695 1328 1727 1370 re
1758 1310 1825 1390 ipse
1861 1313 1935 1373 haec

574 1399 678 1458 atlert:
702 1393 790 1469 „Etsi
815 1394 983 1472 astrologia
1006 1395 1130 1454 multum
1154 1394 1248 1454 habet
1269 1394 1426 1468 vanitatis,
1451 1403 1483 1455 et
1506 1397 1613 1475 majori
1636 1416 1674 1457 ex
1697 1408 1784 1476 parte
1810 1401 1935 1480 indigua

571 1494 630 1556 est,
654 1484 683 1544 in
708 1502 767 1563 qua
789 1483 885 1544 bonae
910 1484 1001 1543 horae
1026 1483 1218 1555 collocentur,
1244 1484 1314 1561 quia
1337 1492 1439 1544 tamen
1462 1485 1582 1545 morbus
1606 1484 1664 1546 iste
1688 1506 1747 1547 nou
1768 1507 1933 1567 paucorum

574 1583 631 1648 est,
656 1572 709 1632 sed
733 1572 922 1651 potissimam
944 1581 1062 1649 partem
1086 1570 1205 1649 generis
1237 1572 1356 1633 humaui
1384 1573 1538 1652 pervadit,
1573 1583 1606 1635 ut
1637 1593 1743 1652 parum
1774 1577 1813 1637 ad
1849 1597 1933 1639 usum

575 1680 759 1723 communem
783 1661 863 1739 loqui
887 1661 1041 1727 videatur,
1076 1660 1123 1738 qui
1161 1660 1393 1722 mathematicas
1426 1670 1509 1722 artes
1540 1662 1617 1723 citra
1649 1664 1715 1742 ejus
1750 1666 1933 1728 mentionem

570 1751 676 1822 tradit,
701 1767 760 1809 non
783 1766 905 1827 possum
928 1749 1125 1826 supersedere
1157 1749 1225 1827 quin
1259 1750 1297 1809 ab
1331 1749 1580 1828 astrologicamm
1614 1752 1811 1815 traditionum
1847 1774 1931 1817 com-

572 1836 789 1902 memoratione
813 1837 962 1915 auspicer.
1009 1836 1177 1897 Dicendum
1201 1846 1249 1898 est
1273 1838 1342 1917 quid
1366 1839 1491 1900 monstri
1515 1839 1557 1900 sit
1580 1839 1756 1918 trigonus
1780 1842 1932 1921 igneus,

573 1926 803 1989 examinandum
827 1943 900 1986 vero
923 1926 962 1986 ad
986 1925 1118 1986 libellam
1142 1925 1299 2000 veritatis,
1332 1934 1365 1987 ut
1396 1945 1493 2004 nugae
1527 1950 1546 1988 a
1575 1935 1685 1990 natura
1714 1949 1814 1991 rerum
1840 1951 1932 2011 sepa-

572 2024 684 2088 rentur,
711 2015 904 2093 habeantque
928 2014 1092 2092 astrologi,
1117 2014 1186 2093 quid
1213 2015 1249 2074 de
1273 2016 1403 2093 ipsorum
1429 2015 1549 2094 scriptis
1574 2037 1649 2077 unus
1674 2018 1783 2097 aliquis
1802 2020 1932 2099 judicet,

576 2124 663 2186 quem
689 2103 725 2164 de
750 2103 825 2165 artis
847 2102 1021 2182 ignorantia
1044 2122 1186 2163 accusare
1211 2121 1269 2164 nou
1293 2103 1453 2181 possunt.“
1498 2104 1636 2182 Rejectis
1660 2107 1858 2186 astrologicis
1885 2111 1933 2171 iu·

574 2193 664 2273 eptiis
689 2191 719 2253 id
742 2211 831 2253 unum
855 2199 940 2252 tenet
963 2200 994 2252 et
1017 2191 1200 2270 geometrica
1222 2193 1339 2254 ratione
1363 2194 1570 2255 demonstrare
1593 2195 1711 2269 studet,
1737 2196 1764 2257 si
1787 2197 1932 2275 planetae

573 2291 659 2345 certa
682 2281 811 2360 quadam
834 2280 950 2341 ratione
981 2281 1073 2359 positi
1097 2299 1113 2339 e
1139 2280 1233 2341 Terra
1257 2281 1490 2360 adspicientibus
1519 2292 1696 2362 appareant,
1720 2284 1800 2347 hauc
1825 2287 1932 2365 ipsam.

573 2371 621 2434 cui
644 2370 740 2430 vitam
764 2370 914 2449 quandam
938 2387 1117 2447 sensumque
1140 2368 1256 2442 tribuit,
1280 2371 1394 2448 pariter
1412 2372 1525 2431 moveri
1550 2380 1640 2451 atque
1664 2391 1784 2432 sensum
1812 2377 1933 2437 auditus

574 2477 715 2521 sonorum
745 2468 901 2519 concentu.
950 2455 1027 2536 Cap.
1052 2457 1140 2518 VIII.
1165 2456 1254 2518 dicit:
1289 2476 1347 2519 non
1376 2468 1497 2521 movent
1526 2461 1667 2538 planetae
1691 2470 1834 2523 naturam
1858 2466 1932 2526 sub-

573 2549 708 2609 lunarem
736 2554 770 2607 ut
802 2546 925 2625 agentia
954 2545 1122 2618 naturalia,
1153 2546 1294 2607 virtutem
1319 2548 1448 2627 aliquam
1477 2547 1515 2608 ob
1542 2550 1747 2627 praesentiam
1777 2552 1933 2629 partibilis

572 2636 617 2699 rei
641 2634 833 2708 effundentia,
858 2634 912 2695 sed
936 2635 979 2695 sic
1003 2642 1125 2694 movent
1149 2641 1304 2708 naturam,
1338 2645 1372 2697 ut
1404 2636 1526 2715 objecta
1559 2647 1681 2699 movent
1712 2658 1844 2715 seusus,
1882 2642 1932 2703 lux

573 2725 685 2795 oculos,
711 2742 803 2784 sonus
827 2722 969 2797 auditum,
995 2723 1077 2783 calor
1100 2731 1224 2785 tactum.

661 2812 812 2892 Keplerus
836 2810 928 2890 igitur
950 2810 1051 2888 rejicit
1073 2811 1172 2882 illam,
1203 2831 1290 2891 quam
1314 2812 1461 2890 astrologi
1485 2813 1690 2886 somniabant,
1723 2815 1784 2875 vim
1821 2835 1932 2896 aspec-

572 2909 676 2975 tuum,
701 2900 762 2961 vim
786 2900 895 2979 trigoni
920 2919 973 2961 seu
997 2899 1184 2979 triplicitatis
1208 2909 1239 2960 et
1262 2901 1421 2961 discrimen
1450 2902 1575 2979 igneae,
1599 2910 1737 2976 terreae,
1763 2910 1879 2966 aereae
1903 2913 1934 2966 et

575 3008 709 3071 aqueae;
744 2989 844 3068 rejicit
866 2988 1018 3067 singulare
1043 2989 1120 3068 qnod
1144 2989 1290 3067 astrologi
1314 2989 1436 3050 zodiaco
1461 2991 1490 3050 iu
1518 2988 1557 3052 12
1582 2989 1669 3069 signa
1691 2991 1790 3053 diviso
1816 2995 1932 3055 tribue-

573 3080 648 3141 bant
672 3088 864 3150 momentum,
890 3098 944 3139 nec
968 3078 1061 3138 ullam
1084 3077 1144 3137 vim
1169 3078 1447 3140 constellationibus
1472 3089 1502 3140 et
1516 3080 1648 3158 planetis
1673 3099 1710 3141 ex
1733 3082 1856 3143 nomine
1881 3102 1933 3143 suo

572 3170 638 3230 vult
661 3168 768 3241 tribui3
792 3186 849 3246 quc
873 3168 901 3227 iu
927 3168 992 3227 loco
1016 3165 1142 3244 deniqne
1166 3166 1309 3244 planetae
1332 3168 1362 3227 in
1386 3167 1508 3229 zodiaco
1532 3167 1622 3246 positi
1648 3179 1834 3248 appareant,
1861 3170 1932 3232 nihil

571 3259 685 3320 referre
718 3256 836 3318 statuit.
884 3254 1001 3318 Contra
1030 3254 1165 3316 defendit
1196 3274 1312 3328 suam,
1344 3274 1433 3335 quam
1462 3258 1713 3335 supradiximus,
1746 3261 1933 3321 sententiam

574 3347 719 3407 adversus
757 3364 828 3417 eos,
865 3345 913 3423 qni
952 3343 1023 3403 nihil
1062 3344 1180 3404 omnino
1215 3344 1315 3405 sidera
1351 3346 1389 3405 ad
1428 3356 1565 3406 naturam
1603 3345 1798 3408 sublunarem
1830 3350 1931 3409 valere

570 3434 675 3506 velint,
699 3434 827 3496 maxime
853 3434 998 3493 adversus
1020 3430 1203 3492 Ioannem
1231 3434 1366 3508 Picum,
1391 3434 1580 3495 Mirandulae
1605 3435 1753 3508 comitem,
1781 3437 1831 3515 qui
1857 3457 1930 3508 cum,

574 3525 687 3602 primus
713 3523 912 3600 astrologicos
938 3539 1053 3581 errores
1078 3539 1250 3599 oppugnare
1277 3543 1385 3595 ansus,
1417 3524 1513 3584 multa
1537 3523 1648 3583 babeat
1673 3543 1748 3603 quac
1775 3526 1838 3586 siut
1862 3546 1931 3606 pro-

571 3613 681 3681 banda,
705 3613 735 3672 in
759 3612 827 3671 aliis
851 3610 987 3689 partibus
1012 3610 1130 3670 modum
1155 3613 1323 3673 excessisse
1340 3612 1470 3690 Keplero
1494 3612 1622 3672 videtur.
1662 3612 1802 3691 (Disput.
1829 3624 1932 3676 contra

573 3702 754 3779 Astrologos
767 3700 817 3762 lib.
828 3700 901 3761 XII.
918 3700 1033 3759 Bonon.
1050 3695 1159 3766 1495.)
1184 3700 1332 3778 Keplerus
1349 3711 1493 3761 autemut
1509 3701 1713 3777 astrologiam,
1731 3722 1834 3764 suam
1850 3705 1931 3765 scili-

574 3800 631 3862 cet,
649 3790 787 3868 angustis
803 3808 875 3850 sane
896 3788 1002 3848 finibus
1023 3788 1276 3866 circumscriptam
1292 3790 1475 3862 defenderet,
1493 3789 1539 3849 bis
1554 3790 1682 3850 inaximo
1699 3791 1854 3853 adductus
1869 3812 1931 3854 esso

573 3879 692 3939 videtur
716 3878 830 3939 causis:
855 3878 987 3938 Primum
1010 3875 1066 3936 viri
1089 3884 1199 3936 natura
1222 3896 1259 3937 ea
1283 3887 1367 3950 erat,
1394 3899 1469 3957 quae
1494 3879 1531 3938 ad
1556 3877 1702 3956 imagines
1731 3899 1833 3941 rerum
1858 3882 1931 3942 vivi·

574 3969 655 4029 dicre
681 3968 779 4028 auimo
804 3966 1015 4045 concipiendas
1044 3965 1205 4042 proclivis,
1239 3966 1327 4026 rebus
1360 3966 1571 4027 astronomicis
1604 3967 1703 4027 lumen
1736 3977 1769 4028 et
1802 3970 1930 4032 colorem

572 4056 779 4125 conciliatura,
804 4055 879 4115 coeli
903 4063 1000 4116 motus
1025 4055 1062 4113 ad
1086 4052 1291 4115 harmonicam
1315 4056 1461 4115 rationem
1483 4057 1602 4129 referre,
1629 4075 1788 4135 rerumque
1804 4060 1930 4120 omnium

572 4152 748 4207 concentum
785 4143 956 4223 perspicere
989 4150 1159 4204 conaretur.
1219 4143 1335 4204 Deinde
1367 4145 1412 4216 ei,
1452 4153 1486 4204 nt
1517 4145 1710 4222 Imperatoris
1746 4156 1928 4220 astronomo,

571 4252 676 4295 munus
700 4232 912 4294 demandatum
944 4242 1028 4304 erat,
1063 4242 1097 4291 ut
1130 4233 1289 4311 quotannis
1320 4233 1497 4311 Imperatori
1532 4253 1628 4293 rerum
1660 4233 1832 4297 futurarum
1852 4236 1928 4316 judi-

571 4322 648 4383 cium
673 4322 884 4394 conscriberet,
911 4328 942 4381 et
964 4321 989 4379 si
1015 4320 1084 4400 quid
1109 4329 1193 4381 esset
1216 4321 1310 4392 dubii,
1336 4323 1561 4382 consulentibus
1585 4322 1768 4400 Imperatori
1793 4334 1829 4385 et
1853 4345 1928 4388 sum·

571 4412 627 4473 mis
660 4411 889 4488 magistratibus
922 4410 1038 4470 ratione
1072 4429 1108 4468 ex
1142 4409 1232 4469 astris
1263 4410 1339 4470 inita
1372 4412 1577 4488 responderet.
1633 4411 1677 4472 Ut
1709 4413 1930 4490 quodammodo

570 4502 703 4562 muueris
727 4499 859 4578 impositi
883 4498 1016 4559 taedium
1040 4498 1197 4571 minueret,
1223 4517 1299 4577 quae
1324 4518 1380 4559 uon
1404 4518 1527 4578 prorsus
1543 4519 1652 4559 asana
1675 4500 1797 4563 ratione
1826 4505 1929 4565 abhor·

570 4598 689 4657 rorent,
725 4588 909 4666 argumentis
942 4606 980 4647 ex
1012 4587 1203 4667 philosophia
1231 4607 1386 4667 rerumque
1419 4597 1527 4648 natura
1558 4588 1704 4649 desumtis
1743 4592 1871 4654 firmare
1904 4598 1931 4652 ct

571 4686 714 4760 qnantum
739 4684 861 4755 poterat
884 4696 980 4737 rerum
1004 4696 1058 4736 usu
1082 4677 1211 4755 probare
1236 4677 1396 4749 studebat,
1433 4695 1519 4755 quani
1553 4677 1591 4737 ob
1615 4696 1678 4737 rem
1701 4685 1929 4758 tempestatum,

569 4766 681 4830 caloris
706 4765 886 4845 frigorisque
916 4765 1139 4826 vicissitudines
1173 4785 1322 4845 nunquam
1356 4766 1514 4826 desinebat
1546 4766 1729 4840 observare,
1766 4768 1878 4832 Lunae
1905 4778 1931 4828 et

568 4859 760 4937 planetarum
785 4854 863 4914 situs
888 4853 1033 4915 rationem
1057 4855 1182 4915 habens.
1230 4855 1366 4935 Denique
1391 4855 1560 4935 aequalium
1584 4855 1704 4934 plurimi
1736 4860 1929 4941 astrologiam

571 4943 669 5022 magis
693 4943 829 5006 minusve
852 4943 1003 5016 fovebant,
1028 4961 1115 5021 quam
1132 4961 1248 5002 omnem
1267 4944 1295 5010 si¹
1313 4944 1468 5022 rejecisset
1483 4944 1640 5023 Keplems‚
1666 4944 1839 5009 timendum
1862 4954 1928 5018 crat,

571 5053 608 5094 ne
633 5032 724 5106 viros,
748 5032 859 5112 partim
875 5033 931 5094 sibi
954 5031 1088 5091 amicitia
1103 5032 1289 5109 conjunctos,
1306 5033 1416 5112 partim
1431 5035 1568 5093 doctrina
1588 5042 1618 5093 et
1643 5034 1764 5111 iugenio
1792 5037 1928 5117 insigues,

571 5121 699 5183 haberet
722 5122 924 5182 adversarios.
973 5119 1117 5189 Quosne
1141 5120 1228 5180 nimis
1253 5122 1407 5200 despicere
1432 5123 1597 5195 videretur,
1623 5122 1659 5184 iis
1684 5141 1763 5201 quae
1790 5127 1832 5187 ad
1856 5123 1927 5186 veri·
