4584 6192
544 619 612 688 458
740 691 745 699 ,
967 619 1068 670 literae
1085 618 1189 682 Rani-ri
1208 619 1359 683 aliorumque
1376 626 1479 672 mutuae

545 812 620 864 quam
647 797 752 861 magicis
779 795 1023 859 praecantationibus
1050 809 1126 842 novos
1153 794 1268 857 planetas
1288 807 1301 843 a
1321 795 1389 843 coelo
1418 793 1533 843 direiime
1552 797 1578 843 et
1597 807 1702 843 avocare
1729 790 1902 842 contenderet

547 869 729 988 Vernmpingtat
740 883 798 987 uqxfl,
815 874 897 916 tecum
910 866 1081 986 qsespoamplius
1093 865 1152 914 milri
1166 866 1293 915 nonlicet.
1321 866 1384 915 Vale
1396 867 1432 915 vir
1449 866 1612 916 eruditissime
1625 872 1651 915 et
1664 879 1703 915 me
1716 870 1744 913 ut
1756 863 1821 912 soles
1834 876 1900 912 ama

658 953 675 988 a
692 953 740 988 uae
797 941 887 1003 ,Aug
979 971 985 983 .

1094 1007 1263 1056 Excellentiae
1283 1006 1352 1056 Tuae

1425 1077 1615 1127 studiosissimus

1353 1149 1500 1198 Gaiileus
1529 1148 1679 1197 Gaiilens

1202 1220 1237 1270 M.
1259 1218 1291 1269 D.
1311 1219 1442 1270 Hetruriae
1464 1220 1584 1281 Physicns
1604 1226 1630 1267 et
1647 1217 1850 1268 Mathematicus.

636 1309 777 1360 Horkius
804 1310 902 1358 interim
919 1312 995 1360 redux
1014 1327 1044 1361 ex
1062 1312 1137 1362 Italia
1156 1312 1188 1360 ad
1207 1311 1342 1373 Keplerum
1361 1311 1429 1358 veuit
1456 1310 1527 1374 eique
1547 1321 1636 1357 causas
1665 1307 1810 1371 explicavit,
1840 1320 1904 1372 quac

546 1383 626 1448 lpaum
644 1382 772 1438 moverint,
790 1386 819 1428 nt
838 1387 925 1430 contra
944 1383 1082 1432 Galilaeum
1101 1385 1126 1431 in
1145 1385 1225 1432 aciem
1243 1382 1361 1444 prodiret,
1386 1381 1451 1427 inter
1469 1394 1531 1444 quas
1549 1386 1648 1442 praeter
1666 1379 1759 1444 ingenii
1777 1378 1904 1429 levitatem

550 1453 761 1516 adolescentisque
779 1451 862 1502 famae
883 1455 1051 1516 cupiditatem,
1071 1470 1120 1502 non
1139 1455 1241 1501 minima
1260 1453 1334 1501 inisse
1353 1451 1449 1499 ridetur
1466 1458 1654 1513 praeceptorum
1672 1452 1748 1514 ipsius
1766 1451 1791 1497 in
1811 1447 1903 1498 acade-

547 1525 600 1576 mia
625 1522 778 1572 Bononiensi
803 1523 968 1574 subobscurus
996 1525 1191 1582 exhortationes,
1217 1525 1313 1588 illisque
1335 1522 1518 1572 accensendum
1536 1535 1584 1570 non
1605 1521 1745 1570 dubitamus
1763 1519 1902 1585 Magiuum,

543 1595 696 1659 comparatis
720 1595 785 1643 iliius
804 1594 837 1644 ad
855 1593 990 1659 Keplerum
1018 1596 1082 1645 datis
1110 1598 1201 1653 literis,
1230 1610 1290 1659 quas
1318 1595 1506 1658 praemisimus,
1535 1592 1647 1641 cumbis
1674 1606 1739 1656 quae
1767 1598 1904 1656 sequnntur

549 1663 651 1730 Kapleri
671 1664 703 1713 ad
722 1664 869 1714 Galilaeum.
1679 1682 1682 1687 Α

636 1735 810 1799 Kepierus,
830 1736 944 1800 perlectis
962 1737 1048 1793 literis,
1076 1752 1138 1802 quas
1158 1736 1284 1786 Galilaeae
1313 1736 1345 1785 ad
1368 1735 1496 1785 lulianum
1514 1732 1626 1783 Medicas
1652 1731 1795 1795 (Oratorem
1812 1731 1850 1782 M.
1870 1731 1903 1782 D.

546 1805 692 1867 iiatrnriae)
711 1807 814 1856 dederat
832 1805 923 1871 (comp.
943 1807 1097 1857 Hanschinm
1115 1823 1173 1873 pag.
1195 1805 1249 1868 97),
1268 1808 1332 1858 haec
1350 1808 1384 1855 illi
1404 1807 1560 1871 perscripsit:

639 1878 687 1938 Ex
712 1879 806 1939 literis
841 1880 917 1952 tuis,
948 1877 1149 1942 celeberrime
1173 1880 1248 1952 Vir,
1279 1898 1353 1959 quas
1378 1880 1416 1938 ad
1440 1879 1489 1938 ΙΙΙ.
1515 1874 1674 1937 Oratorem
1698 1876 1904 1937 Florentinum

472 1990 475 1994 ·
550 1963 618 2032 cal.
645 1966 788 2028 Octobris
812 1967 966 2029 Florentia
988 1968 1113 2041 misisti,
1143 1970 1273 2029 salutem
1298 1988 1358 2047 qua
1380 1987 1427 2028 rne
1456 1963 1602 2045 impertiri
1627 1963 1749 2025 voluisti
1772 1966 1903 2044 percepi,

547 2075 659 2137 proque
683 2075 720 2116 ea
743 2056 858 2134 gratias
883 2075 940 2133 ago
965 2066 1052 2137 teque
1081 2068 1185 2118 mutua
1208 2077 1275 2118 mea
1303 2057 1466 2135 impertior.
1514 2054 1564 2115 Ad
1589 2062 1693 2114 cetera
1721 2072 1797 2132 qnae
1822 2054 1904 2114 desi-

548 2145 662 2206 derasti
683 2153 812 2216 (Opticam
832 2160 857 2203 et
875 2161 1011 2204 tractatum
1031 2156 1061 2205 de
1075 2156 1154 2205 Stella
1171 2170 1236 2205 nova
1247 2156 1359 2219 Kepieri,
1377 2170 1424 2204 uec
1443 2170 1492 2204 non
1512 2165 1602 2202 nomen
1620 2150 1727 2199 auctoris
1745 2149 1815 2207 iibri,
1836 2152 1905 2212 culus

547 2233 646 2283 titulum
664 2233 690 2280 in
709 2233 823 2298 catalogo
841 2235 955 2284 librorum
967 2236 1169 2285 Franloturtensi
1188 2244 1247 2285 aute
1266 2237 1391 2285 biennium
1410 2233 1605 2298 deprehenderit.
1627 2231 1674 2289 „de
1691 2235 1761 2279 matu
1773 2228 1904 2292 Terraa“)‚

548 2305 683 2366 dominus
707 2304 859 2383 Segethus
883 2307 953 2385 quid
977 2309 1062 2368 uobis
1095 2327 1249 2369 commune
1282 2308 1376 2367 visum
1400 2326 1465 2367 meo
1490 2308 1555 2368 ioco
1589 2302 1802 2381 respondebit,
1836 2322 1905 2363 nam
1971 2362 1973 2366 ,

549 2393 579 2454 in
604 2393 711 2454 italica
736 2403 802 2475 tyro
827 2415 902 2455 sum.

745 2482 821 2543 Jove
855 2482 972 2544 interim
1005 2504 1071 2544 cum
1104 2503 1158 2544 suo
1193 2483 1339 2543 famulitio
1376 2489 1552 2562 perpetuam
1585 2478 1726 2540 semitam
1759 2489 1905 2561 pergente

549 2573 689 2642 (praemisit
711 2579 749 2628 bis
766 2580 890 2643 Kepierus
908 2581 1031 2644 quaedam
1050 2581 1080 2630 de
1101 2580 1283 2638 „Narratione”
1303 2594 1363 2637 rua,
1382 2594 1447 2644 qnae
1465 2579 1531 2628 inira
1548 2574 1707 2644 sequentur),
1746 2570 1906 2632 certiorem

549 2667 580 2720 te
604 2660 706 2729 reddo,
730 2659 850 2721 venisse
874 2662 912 2720 ad
937 2682 984 2721 me
1009 2662 1149 2721 hesterno
1174 2662 1221 2721 die
1245 2662 1288 2721 M.
1309 2661 1431 2741 Horcky
1455 2661 1594 2720 reducem
1618 2656 1771 2725 exitaiia,
1797 2677 1905 2738 quam-

551 2746 598 2808 vis
621 2748 735 2826 passim
759 2747 789 2808 in
813 2749 919 2808 itinere
944 2768 1044 2809 moras
1069 2749 1212 2809 nexuerit.
1250 2749 1359 2809 Miram
1382 2759 1414 2809 et
1433 2748 1628 2827 spectabilem
1648 2747 1904 2824 occursationem:

550 2836 690 2896 camille
720 2836 875 2897 exultante
899 2838 983 2898 vultu
1007 2847 1038 2897 et
1061 2837 1154 2898 veluti
1179 2838 1359 2916 triumphato
1376 2836 1514 2897 Galilaeo
1539 2856 1585 2896 me
1610 2845 1642 2894 ut
1666 2836 1907 2897 consentientem

550 2922 762 3002 alloqueretur,
789 2944 846 3004 ego
870 2946 940 2987 vero
965 2928 1177 3004 responderem
1201 2945 1238 2986 ex
1263 2927 1389 3006 formula
1412 2926 1554 3006 epistolii,
1579 2944 1636 3003 quo
1661 2925 1717 3000 ipsi
1743 2924 1906 2986 amicitiam

551 3012 805 3074 renunciaveram.
852 3015 886 3075 ld
917 3024 1002 3075 tanto
1034 3023 1190 3094 utrumque
1216 3016 1312 3094 magis
1335 3014 1541 3093 perturbavit,
1582 3013 1659 3092 quod
1698 3029 1752 3071 nec
1786 3012 1837 3075 iile
1871 3014 1907 3074 de

551 3119 619 3163 mea
641 3102 866 3164 renunciatione
890 3103 1007 3163 sciebat
1030 3103 1153 3184 (quippe
1177 3104 1283 3164 literae
1307 3122 1392 3163 meae
1407 3103 1574 3163 Bononiam
1598 3101 1719 3161 delatae
1743 3110 1815 3162 sunt
1838 3110 1908 3180 post

549 3189 615 3269 ejus
639 3190 819 3262 discessum)
843 3211 937 3269 neque
963 3211 1017 3269 ego
1042 3192 1150 3266 aliter,
1185 3212 1272 3272 quarn
1297 3194 1405 3253 lectum
1438 3193 1483 3252 iili
1512 3190 1682 3269 epistolium
1716 3188 1745 3249 in
1776 3190 1906 3252 auimnrn

548 3278 733 3341 induxeram.
781 3280 857 3341 Post
878 3281 1003 3341 multam
1027 3281 1255 3342 altercationem
1288 3281 1404 3341 demum
1428 3280 1527 3358 patuit
1550 3298 1631 3339 error
1655 3277 1811 3357 utriusque
1835 3299 1906 3359 per-

549 3367 740 3440 suasionum,
774 3376 864 3446 atque
898 3369 947 3429 ille
981 3369 1052 3430 mibi
1084 3390 1206 3431 suarum
1237 3370 1383 3431 rationum
1421 3377 1588 3441 momenta,
1623 3367 1669 3428 sui
1704 3366 1904 3443 certissimus,

549 3456 750 3516 sincerissimo
792 3457 901 3517 affectu
935 3459 1101 3531 recensuit,
1142 3478 1199 3536 ego
1230 3459 1273 3519 illi
1308 3468 1486 3535 argumenta
1524 3477 1580 3516 sua
1609 3456 1687 3517 solvi
1720 3472 1773 3514 seu
1806 3458 1906 3536 potius

550 3544 696 3624 oppressi,
722 3544 793 3605 nihii
817 3544 874 3605 nisi
899 3546 972 3605 meis
998 3546 1257 3607 observationibus
1281 3548 1409 3625 propriis
1435 3545 1570 3624 ingestis.
1619 3545 1686 3605 Non
1712 3551 1778 3603 erat
1804 3547 1907 3625 opinor

549 3633 749 3705 constantiae,
775 3653 834 3693 nou
858 3654 895 3694 ex
919 3634 1099 3695 auctoritate
1124 3636 1236 3713 publici
1261 3635 1375 3713 scripti,
1401 3636 1439 3695 ad
1463 3635 1588 3713 primam
1612 3653 1710 3693 meam
1730 3629 1907 3696 instantiam

549 3722 731 3783 sententiam
759 3732 883 3783 mutare.
935 3724 1051 3784 Mansit
1070 3723 1126 3784 bac
1155 3725 1219 3784 vice
1244 3724 1274 3783 in
1298 3725 1463 3794 sententia;
1490 3732 1620 3783 ceterum
1646 3720 1743 3782 doluit
1764 3726 1904 3798 pessime,

550 3829 638 3889 quum
662 3812 705 3871 iili
729 3830 923 3885 recenserem,
950 3813 1020 3889 qnid
1045 3813 1083 3871 ad
1107 3821 1137 3872 te
1162 3813 1363 3891 scripsissem.
1411 3814 1493 3871 Tunc
1517 3810 1604 3883 enim,
1630 3812 1714 3889 quasi
1739 3807 1797 3871 hoc
1822 3813 1905 3873 unico

550 3898 653 3960 labore
677 3901 850 3979 proposito,
886 3920 1000 3960 summa
1030 3902 1234 3978 persuasionis
1259 3902 1287 3960 vi
1312 3921 1358 3961 rne
1383 3919 1555 3978 oppugnare
1582 3900 1691 3977 coepit,
1716 3908 1749 3958 nt
1774 3900 1811 3958 de
1831 3919 1904 3961 con-

550 3996 641 4067 cepta
664 3989 801 4066 opinione
825 4008 870 4048 me
905 3988 1064 4067 dejiceret,
1100 3988 1174 4050 nihii
1205 3988 1302 4067 ipsum
1333 4010 1553 4066 συκοφαντικως
1581 3999 1687 4048 contra
1714 4005 1761 4047 me
1787 3990 1905 4067 egisse:

549 4077 668 4138 omnino
692 4095 870 4156 persuasum
894 4078 1004 4149 fuisse,
1031 4078 1117 4149 hanc,
1150 4098 1237 4157 quam
1262 4079 1326 4157 ipse
1352 4078 1380 4138 in
1405 4078 1548 4155 scriptum
1572 4096 1656 4137 snum
1685 4078 1905 4153 transtulisset,

550 4183 618 4225 esse
643 4165 800 4241 genuinam
824 4185 920 4226 meam
944 4166 1135 4227 sententiam.
1170 4167 1338 4227 Faciebant
1361 4167 1450 4226 iidem
1465 4166 1513 4226 his
1536 4164 1787 4226 attestationibus
1812 4168 1905 4228 etiarn

551 4261 741 4330 argumenta,
771 4254 876 4333 quibus
908 4255 1069 4315 etiamnum
1100 4265 1205 4315 contra
1227 4254 1362 4316 Joviaies
1394 4255 1544 4315 satellites
1579 4255 1711 4332 adeoque
1736 4262 1768 4312 et
1800 4263 1907 4316 contra

551 4360 634 4402 meas
666 4340 759 4419 ipsius
793 4343 1022 4404 observationes
1053 4364 1209 4424 meamque
1235 4343 1487 4417 „Narrationem“
1515 4346 1619 4421 (quam
1644 4360 1743 4403 coram
1769 4342 1906 4418 exhibui)

549 4437 666 4509 pugnat
689 4431 842 4492 acerrime.
880 4433 925 4492 De
951 4433 987 4491 iis
1012 4451 1093 4504 vere,
1120 4453 1195 4510 quae
1216 4442 1321 4493 contra
1339 4440 1369 4494 te
1386 4432 1487 4492 durius
1506 4432 1689 4509 scripsisset,
1714 4430 1757 4491 sic
1778 4451 1907 4511 respon·

550 4519 657 4580 debat:
684 4520 978 4581 obsecundatum
1003 4541 1042 4581 se
1062 4522 1121 4581 hic
1140 4522 1315 4600 publicae
1341 4524 1479 4586 samue,
1506 4520 1738 4580 doctissimis
1763 4520 1799 4581 in
1820 4541 1907 4582 aca-

550 4607 675 4669 demia
697 4609 926 4669 Bononiensi
951 4611 1233 4687 professoribus
1266 4630 1330 4671 non
1363 4609 1507 4690 paucis,
1538 4609 1664 4687 aliisque
1698 4626 1751 4685 per
1774 4608 1908 4683 ltaliam,

551 4696 587 4757 de
612 4715 734 4774 quorum
759 4716 906 4758 consensu
931 4699 1017 4758 iidem
1042 4698 1113 4758 mihi
1139 4698 1210 4759 fecit
1234 4699 1419 4759 documentis
1451 4696 1729 4769 manifestissimis;
1768 4697 1908 4776 quamvis

550 4784 587 4848 iis
611 4803 669 4844 uon
692 4792 759 4846 erat
782 4804 865 4864 opus.
915 4787 1022 4860 „Anne
1046 4787 1136 4865 igitur
1160 4789 1216 4848 hoc
1240 4808 1297 4849 uon
1323 4796 1406 4848 esset
1428 4786 1483 4846 viri
1509 4786 1594 4858 boni,
1615 4783 1786 4863 justissimo
1811 4786 1907 4848 dolori

551 4872 774 4933 academiamm
803 4875 1029 4934 accommodare
1061 4876 1228 4949 calamum,
1263 4894 1435 4954 oppugnare
1467 4875 1610 4951 figmenta
1641 4881 1842 4952 portentosa,
1876 4874 1908 4936 iu

551 4958 684 5022 taudem
709 4961 862 5036 veritatis,
893 4962 922 5022 in
946 4964 1157 5024 contumeliam
1180 4972 1307 5024 naturae
1331 4962 1547 5044 comparata?“
1595 4962 1731 5041 Denique
1755 4980 1792 5022 eo
1816 4963 1910 5024 rediit

550 5066 668 5110 summa
691 5049 847 5125 orationis,
873 5053 914 5112 ut'
928 5060 1099 5129 appareret,
1124 5052 1226 5132 plures
1249 5070 1303 5131 per
1325 5050 1547 5115 Italianviros
1566 5051 1671 5111 doctos
1696 5049 1725 5110 in
1749 5051 1909 5129 procinctu

550 5136 675 5200 stetisse
698 5137 835 5218 publicae
859 5139 1115 5214 contradictionis,
1140 5158 1215 5221 quos
1233 5160 1291 5202 non
1310 5142 1436 5206 mutatio
1456 5139 1633 5215 senentes,
1658 5136 1713 5202 sed
1737 5137 1790 5227 tui·
1805 5137 1909 5204 domi·
