4584 6192
986 616 1312 696 ἰιιιιιιπ
1505 711 1508 716 ,
1744 583 1808 692 roa

465 805 681 885 magnitudinis
712 805 959 883 circumstabant,
992 809 1132 892 vulgares
1160 815 1259 869 tamen
1287 808 1357 870 illae
1390 807 1508 868 inerunt
1531 811 1562 868 et
1585 806 1621 867 do
1642 804 1810 886 promiscuo

465 896 590 957 fixarum
615 914 748 969 numero,
771 896 853 957 nulla
875 896 986 977 proprii
1009 908 1108 960 rnotns
1131 898 1289 961 nobilitate
1317 896 1459 976 insignes.
1505 896 1590 956 Haec
1606 903 1718 956 nostra
1740 909 1811 956 vero

465 985 496 1046 in
520 984 648 1047 medinm
671 984 761 1047 trium
784 987 968 1064 superiorum
990 987 1179 1068 planetarum
1203 1006 1270 1050 sese
1294 986 1429 1066 ingessit,
1451 983 1528 1045 Jove
1544 991 1576 1046 et
1589 984 1689 1047 Marte
1712 982 1810 1045 satel-

466 1073 570 1135 litibus
593 1074 881 1148 anteambulonibns,
896 1074 1028 1137 Saturno
1052 1076 1199 1159 stipatore
1220 1076 1399 1156 pedissequo
1419 1093 1482 1137 usa
1520 1073 1580 1135 Illa
1597 1073 1672 1136 coeli
1694 1080 1812 1153 partem

466 1163 683 1233 duodecimam,
707 1181 782 1242 quae
799 1163 930 1227 aTanro
949 1164 1034 1244 signo
1054 1175 1152 1228 terreo
1167 1184 1272 1227 nomen
1288 1165 1389 1235 babet,
1413 1161 1581 1241 occupavit,¹
1605 1163 1686 1224 nulla
1703 1162 1811 1243 plane·
1922 1188 1925 1195 ·

466 1260 565 1313 tarnrn
589 1253 795 1333 conjonctione
817 1270 889 1333 prae
913 1254 1022 1315 ceteris
1037 1262 1106 1317 tunc
1131 1254 1274 1335 temporis
1298 1254 1462 1316 illustrem:
1488 1252 1562 1313 haec
1577 1251 1606 1312 in
1622 1250 1707 1330 signo
1726 1250 1813 1331 igneo

466 1341 628 1420 Sagittarii
653 1341 779 1414 exarsit,
803 1341 831 1402 in
852 1361 908 1422 qno
932 1344 1171 1406 celebratissima
1194 1345 1247 1406 illa
1265 1342 1412 1406 revolutio
1436 1340 1546 1421 trigoni
1565 1340 1644 1419 ignei
1667 1338 1813 1420 superiori

466 1430 627 1493 Decembri
660 1438 810 1492 sumserat
840 1430 975 1507 initium
1005 1434 1083 1515 qdod
1111 1453 1170 1495 non
1200 1433 1257 1495 nisi
1285 1442 1356 1513 post
1383 1428 1448 1494 800
1481 1448 1623 1491 annorum
1653 1428 1813 1491 intervalla

465 1520 529 1582 fieri
552 1527 664 1601 potest.
710 1519 768 1582 Illa
790 1520 915 1599 vulgare
937 1529 970 1584 et
996 1521 1125 1602 ignobile
1157 1531 1275 1603 tempus
1303 1522 1429 1596 invasit,
1463 1519 1546 1581 nulla
1573 1516 1717 1599 peculiari
1740 1521 1821 1579 nota

466 1607 603 1689 insigne:
628 1609 702 1670 haec
722 1608 828 1671 incidit
846 1610 876 1671 in
896 1630 962 1671 eum
980 1613 1116 1693 praecise
1137 1631 1254 1688 annum,
1280 1630 1367 1692 quem
1386 1608 1530 1688 astrologi
1553 1605 1684 1672 universi
1704 1605 1814 1687 trigoni

465 1697 547 1777 ignei
569 1698 715 1778 principio
748 1699 957 1782 eventurisqne
985 1701 1131 1781 prodigiis
1162 1700 1343 1763 coelestibus
1375 1696 1613 1779 diligentissimis
1641 1694 1812 1782 praemoni-

467 1787 601 1849 tionibus
633 1786 843 1865 designarent:
874 1787 905 1849 in
933 1808 999 1852 eum
1027 1791 1163 1871 praecise
1195 1808 1343 1864 mensem,
1377 1808 1434 1870 qno
1462 1806 1564 1850 mense
1587 1785 1697 1849 Martis
1721 1784 1813 1846 stella

467 1876 583 1938 dnobus
607 1876 807 1955 superioribus
827 1876 892 1957 ipsa
912 1897 1039 1984 quoqne·
1044 1881 1183 1954 accessit,
1207 1898 1346 1961 magnam
1366 1876 1601 1958 conjunctionem
1617 1875 1652 1936 de
1669 1872 1813 1957 Cypriani

468 1965 606 2027 doctrina
629 1964 773 2068 irnpluens;
797 1965 826 2026 in
850 1985 917 2028 eum
939 1969 1075 2047 praecise
1099 1970 1186 2043 diem,
1211 1988 1267 2050 qno
1287 1969 1335 2029 die
1354 1968 1438 2029 Mars
1460 1975 1532 2047 post
1546 1964 1708 2027 Saturnum
1730 1962 1812 2043 prins

468 2062 642 2134 superatum
666 2053 756 2115 etiam
779 2053 885 2117 Jovem
910 2065 974 2119 erat
1002 2068 1177 2120 assecutus:
1206 2058 1276 2141 quid
1298 2057 1414 2131 multis,
1439 2056 1468 2117 in
1492 2072 1558 2115 eom
1581 2054 1715 2133 praecise
1738 2050 1815 2113 coeli

468 2142 586 2218 locnrn,
621 2143 658 2204 ad
688 2162 775 2225 quern
807 2145 935 2206 omnium
966 2148 1185 2251 astrologorum
1208 2147 1302 2219 ocnli,
1328 2163 1519 2226 congressum
1542 2141 1629 2204 Jovis
1653 2151 1685 2204 et
1707 2139 1815 2203 Martis

469 2241 691 2312 exspectantes,
717 2232 931 2311 dirigebantur
977 2236 1083 2318 Itaqne
1106 2237 1188 2318 prior
1211 2236 1264 2298 illa
1287 2235 1394 2297 muodo
1415 2253 1474 2295 non
1497 2231 1684 2337 praemonito
1708 2247 1814 2311 snper·

466 2322 606 2383 renitet
627 2322 741 2382 velut
733 2323 911 2401 improvisos
935 2324 1040 2400 hostis,
1065 2326 1218 2406 occupatis
1238 2324 1319 2387 urbis
1344 2322 1467 2386 moeniis
1490 2322 1572 2404 prius
1593 2322 1622 2383 in
1643 2321 1707 2383 foro
1731 2326 1815 2381 com-

469 2411 580 2493 paruit,
604 2429 694 2493 qnam
717 2410 799 2472 cives
823 2412 1041 2492 expeditionem
1065 2415 1130 2495 ejus
1155 2416 1235 2478 fama
1257 2414 1608 2495 percepissentt'nostra
1631 2428 1702 2471 vero
1726 2407 1815 2487 vulgo

467 2508 650 2580 exspectata
674 2521 692 2560 a
715 2500 803 2579 longo
833 2510 984 2582 tempore,
1018 2523 1084 2567 curn
1112 2506 1207 2567 multa
1237 2503 1418 2566 solennitate
1447 2508 1479 2562 et
1504 2498 1678 2580 triumphali
1706 2514 1817 2578 pompa

468 2590 509 2653 ad
532 2589 611 2652 diem
640 2589 835 2652 constitutum
863 2600 911 2652 est
938 2592 1087 2672 ingressa,
1122 2613 1204 2655 more
1223 2583 1441 2696 praepotentis
1472 2585 1596 2669 alicujus
1620 2586 1814 2659 Monarcnaa

468 2678 520 2763 qni
547 2678 735 2758 metropolim
768 2679 853 2759 regni
889 2680 1037 2744 invisurus
1076 2682 1248 2766 praemissis
1281 2684 1367 2785 lpnge
1400 2687 1492 2742 antea
1522 2678 1719 2740 metatoribus
1749 2675 1817 2738 loca

470 2768 629 2831 comitatui
653 2768 811 2848 designat:
831 2769 957 2872 'jamque
979 2774 1100 2874 purgari
1130 2774 1264 2853 plateae,
1289 2772 1353 2875 jam
1381 2768 1495 2831 excitus
1519 2767 1686 2831 rumoribus
1708 2765 1817 2846 vnlgns

468 2859 646 2931 discurrere,
669 2856 731 2936 jam
754 2857 838 2937 pueri
862 2877 960 2921 moras
984 2860 1139 2936 incusare;
1165 2880 1231 2923 cunr
1254 2860 1400 2932 sarcinae,
1424 2876 1490 2920 cunr
1513 2858 1649 2937 supellex
1672 2862 1818 2937 argentea

465 2948 533 3027 jam
556 2947 686 3008 adsunt:
720 2966 789 3007 mox
811 2946 971 3009 subsecuto
994 2950 1136 3032 principis
1159 2951 1318 3023 comitatu,
1351 2947 1418 3009 dum
1446 2946 1535 3027 primi
1561 2953 1666 3027 portas
1690 2944 1819 3014 subeunt
1905 2991 1913 3009 .

469 3045 668 3119 equorumque
698 3035 841 3116 strepitos
874 3055 927 3117 per·
964 3046 1064 3100 strata
1094 3040 1209 3101 viamm
1242 3049 1273 3101 et
1304 3038 1443 3100 lituorum
1484 3037 1607 3116 clangor
1644 3040 1819 3115 personant,

472 3124 564 3187 exciti
587 3124 716 3187 universi
742 3125 890 3188 fenestras
921 3137 1082 3209 occupant,
1116 3130 1235 3209 plateas
1265 3129 1433 3208 complent,
1464 3125 1568 3207 pavidi
1595 3123 1713 3186 laetitia
1735 3122 1818 3203 pueri

469 3223 652 3293 teneraeque
682 3214 808 3294 puellae.
860 3216 1007 3280 Incedunt
1038 3218 1181 3279 sublimes
1215 3218 1243 3280 in
1277 3218 1359 3298 equis
1389 3218 1496 3278 heroes
1528 3215 1635 3296 fidique
1669 3209 1817 3273 ministri:

469 3304 583 3365 lustrat
605 3303 699 3364 hianti
724 3322 774 3364 ore
797 3304 993 3387 sollicitisque
1018 3308 1111 3369 oculis
1132 3304 1474 3410 pnumqnemqpe'plebs
1494 3302 1715 3382 contemplandi
1738 3298 1819 3379 ragis

468 3393 580 3455 avida':
605 3391 730 3473 deniqne
750 3403 819 3472 post
834 3393 954 3473 longum
969 3414 1074 3474 agmen
1096 3397 1191 3458 oritur
1209 3396 1477 3479 tympanistarnm
1472 3404 1510 3455 et
1526 3392 1688 3455 tubicinum
1712 3398 1818 3463 turma,
1868 3443 1872 3451 .

468 3482 606 3563 seqnitur·
629 3489 809 3543 armatorum
834 3486 1061 3546 venerabundus
1084 3486 1167 3560 ordo,
1192 3505 1346 3548 cursorum
1369 3484 1492 3564 elegans
1516 3501 1553 3543 ex
1576 3490 1700 3561 utroque
1725 3479 1818 3539 latere

469 3559 674 3650 manipnlos?
684 3570 713 3630 in
738 3572 834 3632 medio
858 3571 938 3634 Rex
961 3592 1106 3653 generoso
1131 3575 1298 3654 tripudians
1322 3574 1450 3647 caballo,
1476 3581 1617 3672 ostroqpo
1640 3567 1765 3647 insignis
1789 3571 1821 3627 et

469 3680 564 3739 aurp:
590 3679 644 3721 nec
668 3658 827 3739 digitorum
850 3661 958 3723 indicio
978 3683 1033 3725 nec
1047 3658 1333 3743 interrogationibus
1349 3681 1444 3743 opus:
1469 3680 1522 3722 sno
1541 3659 1666 3743 quisque
1681 3655 1821 3739 privatim

469 3750 572 3814 animo
596 3748 661 3810 viso
685 3749 830 3810 satellitio
854 3751 947 3812 dicit:
971 3752 1017 3813 Eo
1042 3753 1097 3815 tibi
1120 3753 1241 3814 tandem
1265 3771 1352 3833 quem
1376 3750 1569 3834 desiderasti,

564 3838 664 3899 'l'alis
672 3837 765 3917 igitur
788 3839 844 3899 fnit
868 3840 1017 3920 apparitio
1041 3843 1137 3905 nostri
1161 3841 1278 3903 sideris
1604 3845 1607 3854 '

562 3926 678 3998 Quodsi
701 3926 770 4009 quid
795 3928 851 3989 hoc
875 3928 912 3988 ad
936 3948 998 3991 rem
1022 3932 1105 4006 iacit,
1130 3933 1221 3993 stella
1244 3930 1312 3992 anni
1336 3926 1429 3990 1572
1454 3926 1639 3989 sublimitate
1663 3921 1821 3985 claritate-

469 4038 528 4102 qne
558 4037 612 4079 sua
640 4019 779 4098 (quarum
811 4016 864 4077 illa
893 4035 952 4079 non
984 4037 1079 4099 passa
1108 4029 1158 4083 est
1189 4021 1271 4084 illam
1304 4017 1453 4093 occidere,
1486 4016 1561 4080 haec
1585 4016 1622 4077 de
1653 4013 1701 4076 die
1731 4010 1822 4074 etiarn

470 4106 609 4170 exhibuit
631 4105 867 4187 spectandam)
859 4125 888 4166 ιιι
904 4105 985 4186 vulgi
1008 4109 1144 4188 primum,
1170 4117 1215 4173 nt
1225 4103 1382 4190 plurimum
1397 4108 1452 4170 sub
1467 4106 1516 4168 dio
1535 4103 1695 4178 versantis,
1720 4099 1823 4163 oculos

469 4217 541 4260 sese
557 4196 693 4275 ingessit,
719 4201 835 4256 tantum
855 4213 912 4255 non
934 4213 1004 4257 aure
1024 4199 1168 4261 vellicans
1191 4199 1325 4280 singulos
1345 4199 1383 4260 ad
1403 4197 1448 4259 sui
1472 4194 1694 4297 spectaculum:
1718 4197 1823 4253 nostra

470 4289 550 4350 haec
573 4285 640 4348 aliis
664 4304 719 4346 usa
742 4283 995 4361 circumstantiis,
1026 4306 1093 4350 cum
1115 4307 1211 4371 neque
1235 4290 1297 4350 alte
1321 4269 1500 4368 pervaderet
1522 4292 1554 4346 et
1580 4281 1715 4364 proxime
1738 4279 1822 4343 insa-

470 4383 613 4460 queretnr
636 4372 770 4437 Solem
763 4392 791 4434 ιιι
820 4392 972 4450 occasum,
1004 4378 1171 4456 crepusculi
1199 4377 1375 4440 claritudine
1404 4374 1640 4442 circumamicta,
1673 4371 1717 4433 nti
1744 4370 1824 4431 solet

469 4466 636 4545 Hesperus,
661 4470 891 4543 versaretnrqne
912 4462 989 4526 inter
1008 4466 1122 4529 medios
1141 4469 1291 4548 planetas,
1315 4464 1400 4572 quasi
1421 4484 1495 4527 nnus
1510 4481 1548 4525 ex
1567 4463 1683 4525 illorum
1702 4473 1823 4521 numero

471 4563 564 4630 esset,
590 4552 699 4615 nemini
723 4551 804 4632 prins
828 4570 922 4657 quam·
941 4554 1049 4625 doctis,
1072 4558 1251 4636 praesertim
1274 4556 1324 4639 qni
1347 4552 1562 4639 astronomiam
1585 4560 1617 4613 et
1634 4549 1824 4631 planetarum

472 4644 566 4706 sitnm
591 4643 770 4714 didicerant,
791 4641 892 4722 potuit
914 4641 1102 4707 innotescere
1126 4641 1329 4727 novitatisque
1348 4646 1421 4707 suae
1444 4625 1608 4705 maniie'sta
1630 4638 1702 4702 lieri
1726 4639 1823 4708 (cvms-

470 4742 529 4802 vol
549 4744 609 4809 1,p
611 4738 688 4790 .ttt
711 4737 757 4801 ιι)
810 4731 917 4810 Itaque
940 4733 1062 4812 pulchre
1085 4735 1286 4802 Weidnems:

740 4834 848 4910 Quippe
870 4837 1071 4895 mathematicis
1092 4843 1151 4891 tarn
1171 4854 1263 4892 rarum
1284 4841 1313 4888 et
1333 4832 1425 4887 nobile
1446 4831 1556 4905 signnm

739 4919 811 4974 Jova
831 4920 907 4975 dat
900 4916 1038 4991 smprimis,
1060 4935 1115 4971 non
1135 4915 1309 4972 observabile
1330 4914 1426 4987 vulgo.

561 5005 658 5086 Hujus
682 5026 797 5110 quoque
822 5007 878 5069 loci
903 5007 1021 5069 videtur
1045 5025 1112 5092 esse
1137 5003 1322 5084 comparatio
1347 5001 1455 5065 sideris
1478 4999 1574 5063 nostri
1597 5016 1663 5061 curn
1687 4991 1823 5057 οοιιιιιιίι.

472 5096 554 5160 Sunt
576 5095 654 5159 enirn
678 5096 727 5177 qui
751 5106 927 5160 cometam
950 5094 1114 5178 appellent,
1133 5092 1317 5167 Gontlreros,
1332 5091 1487 5166 Mollems,
1507 5085 1669 5158 Blitnerns‚
1683 5084 1824 5148 Krsbbus

472 5194 506 5248 et
529 5183 591 5247 alii.
627 5183 670 5245 Et
687 5185 887 5258 inveniuntur,
910 5186 959 5267 qni
974 5204 1009 5250 eo
1029 5184 1094 5274 ipso
1117 5193 1228 5264 negent
1251 5182 1371 5245 stellam
1394 5170 1562 5252 dicendam,
1585 5176 1662 5261 qnod
1685 5174 1824 5259 perierit:
