4584 6192
965 599 1048 665 cuo
1064 600 1136 651 v111·
1654 601 1725 672 'uer

373 779 460 846 Nihil
482 779 561 842 enim
584 777 633 842 bic
656 777 810 840 efficaciae
840 796 906 839 curu
938 778 1094 841 celeritate
1122 798 1292 853 commuue,
1324 798 1378 860 per
1410 800 1444 841 ee
1475 780 1603 861 quidem.
1648 782 1727 846 Nam

374 888 453 951 quae
476 888 530 950 per
553 869 701 948 quandam
726 867 811 948 quasi
835 868 1080 947 compositionem
1105 869 1337 930 accidentariam
1359 870 1427 931 iude
1446 872 1604 946 resultant,
1629 871 1666 933 de
1689 872 1728 936 iis

374 978 434 1022 uou
459 966 508 1020 est
529 958 616 1038 huJ‘us
640 958 697 1019 loci
723 956 830 1018 dicere.
877 958 912 1018 In
941 977 1061 1020 cursore
1091 958 1191 1036 nobile
1217 959 1378 1032 velocitas,
1409 960 1441 1021 in
1463 959 1550 1039 Rege
1582 959 1667 1042 quies
1696 969 1729 1024 et

374 1047 540 1113 stabilitas.
587 1045 667 1128 Quid
697 1045 862 1124 (loperuico
896 1046 977 1109 dices
1011 1047 1094 1122 Pice,
1128 1048 1177 1126 qui
1202 1045 1304 1109 Solem
1337 1048 1426 1108 docet
1457 1058 1554 1126 stare,
1588 1068 1653 1112 cum
1687 1051 1729 1114 sit

377 1137 583 1199 nobilissimus
598 1135 806 1216 planetarum?
843 1136 948 1216 Neque
963 1157 1038 1198 sana
1061 1144 1110 1198 est
1127 1138 1187 1198 ulio
1204 1136 1384 1199 moderatio
1400 1135 1526 1213 illorum,
1551 1140 1600 1219 qui
1615 1136 1727 1203 Satur·

374 1245 446 1289 num
469 1226 507 1288 ob
536 1225 679 1304 majorem
707 1223 850 1286 ambitum
872 1224 950 1286 Jove
974 1226 1089 1287 iaciunt
1111 1225 1299 1288 velociorem.
1344 1226 1424 1289 Nam
1447 1244 1521 1287 vera
1543 1229 1729 1291 astronomia

373 1323 461 1379 tauto
485 1334 555 1376 vere
579 1314 739 1376 tardiorem
759 1324 791 1375 et
813 1315 981 1393 segniorem
1006 1316 1094 1391 facit,
1128 1322 1239 1395 quanto
1272 1324 1321 1377 est
1352 1315 1418 1394 ejus
1450 1315 1580 1393 spatium
1612 1317 1728 1381 itineris

373 1404 487 1469 Joviali
511 1403 639 1484 amplius
662 1414 693 1464 et
717 1403 842 1482 longius.
889 1402 974 1473 Quae
1007 1405 1044 1465 de
1071 1405 1163 1466 verbo
1192 1402 1244 1467 50.
1271 1402 1451 1487 (lentiioquii
1475 1404 1563 1466 Picus
1594 1405 1725 1482 disserit,

375 1512 415 1557 ea
437 1493 510 1557 nihil
533 1494 572 1555 ad
596 1512 664 1567 uus,
695 1512 761 1554 cum
785 1492 1014 1554 Mirandulanus
1046 1493 1110 1574 ipse
1138 1512 1177 1554 ex
1204 1512 1240 1555 eo
1270 1501 1388 1556 tautum
1411 1494 1553 1569 deducat,
1584 1504 1726 1575 quantum

374 1583 425 1647 uic
447 1584 608 1645 retinemus
631 1591 663 1643 et
687 1578 933 1656 defendimus.¹⁹)

465 1673 557 1735 Libro
576 1672 611 1746 V,
628 1667 658 1733 6.
683 1671 789 1750 objicit
801 1672 891 1733 Picus
915 1670 1077 1749 astrologis
1101 1672 1216 1736 medias
1240 1671 1463 1754 conjunctiones
1486 1670 1726 1751 respicientibus,

375 1762 457 1846 quod
480 1762 552 1823 illae
575 1761 637 1822 sint
665 1761 770 1833 fictae,
794 1769 977 1840 apparentes
1001 1760 1077 1821 enim
1103 1760 1196 1823 luisse
1225 1761 1469 1824 considerandas.
1514 1761 1639 1836 Fateor,
1672 1781 1728 1826 nec

373 1852 433 1914 boo
454 1859 572 1912 tautum
596 1850 650 1911 sed
675 1859 772 1911 totam
796 1851 871 1910 hauc
895 1858 1005 1923 artem,
1035 1849 1213 1929 religionum
1244 1861 1275 1912 et
1302 1850 1491 1931 imperiorum
1519 1850 1658 1929 periodos
1689 1870 1728 1915 ex

374 1939 633 2020 conjunctionibus
657 1938 884 2012 determinandi,
914 1957 969 2017 ego
994 1956 1109 2018 quoque
1132 1959 1200 2001 oum
1222 1940 1295 2001 Pico
1319 1938 1499 2018 ineptiarum
1523 1948 1555 2000 et
1577 1940 1727 2020 supersti-

373 2015 467 2093 tionis
490 2029 608 2097 damno.
646 2028 691 2089 At
708 2048 764 2089 uon
782 2028 849 2088 ideo
867 2028 948 2089 nulia
966 2037 1014 2088 est
1037 2029 1257 2107 astrologomm
1281 2028 1466 2108 experientia
1485 2029 1522 2089 de
1539 2029 1726 2107 conjunctio·

373 2119 472 2182 nibus.
519 2115 599 2188 Quid
624 2125 685 2178 turn
710 2117 797 2190 enirn,
822 2117 848 2179 si
872 2136 944 2178 vera
967 2118 1134 2197 conjunctio
1159 2118 1260 2180 differt
1278 2139 1297 2179 a
1312 2118 1433 2179 media?
1456 2136 1522 2179 cum
1540 2135 1613 2179 vera
1627 2118 1728 2199 aliqua

372 2207 508 2289 proxime
532 2206 659 2267 accedat
681 2207 719 2267 ad
743 2206 893 2268 mediam?
927 2206 1007 2269 Nam
1031 2206 1090 2266 etsi
1113 2227 1191 2267 anuo
1214 2204 1308 2271 1583.
1329 2226 1404 2288 quae
1420 2216 1503 2268 motu
1522 2207 1619 2268 medio
1639 2208 1728 2269 stetit

372 2298 414 2359 ad
437 2296 613 2376 principium
636 2296 763 2364 Arietis,
788 2315 826 2355 ea
847 2315 917 2357 vero
941 2304 1023 2355 motu
1047 2294 1153 2357 incidit
1176 2297 1205 2358 in
1222 2292 1372 2369 21⁰)(et
1385 2314 1463 2357 auno
1487 2295 1604 2358 demum
1631 2293 1724 2361 1703.

370 2385 500 2467 primum
515 2385 669 2464 continget
688 2385 789 2464 aliqua
812 2385 840 2445 iu
855 2383 899 2461 Υ,
924 2385 1115 2446 nihilominus
1139 2386 1306 2465 conjunctio
1326 2404 1473 2465 apparens
1497 2404 1532 2446 eo
1557 2404 1635 2447 anno
1659 2387 1725 2457 tuit,

372 2494 434 2555 quo
467 2493 543 2536 anno
576 2473 676 2535 media
696 2469 932 2535 ostendebatur.
979 2474 1085 2552 Itaque
1119 2475 1144 2535 si
1173 2476 1242 2555 quid
1272 2477 1382 2536 facturn
1409 2475 1439 2535 in
1463 2473 1554 2536 rebus
1577 2474 1725 2550 humanis,

372 2563 455 2647 quod
473 2564 512 2626 ad
536 2562 773 2641 conjunctionem
798 2563 826 2624 in
840 2563 946 2625 Ariete
970 2562 1165 2638 referebatur,
1192 2564 1254 2625 falli
1271 2565 1388 2645 quidem
1403 2563 1484 2625 circa
1498 2564 1614 2642 signum
1628 2564 1727 2645 potuit

372 2653 645 2735 experimentorum
679 2661 713 2713 at
741 2671 798 2714 uon
827 2653 906 2714 eirca
928 2653 1026 2731 ipsam
1049 2651 1303 2732 conjunctionem
1336 2654 1373 2715 de
1397 2652 1504 2733 quibus
1527 2651 1574 2714 hic
1597 2653 1723 2732 agimus.

339 2737 345 2744 ’
462 2742 531 2805 Non
556 2742 630 2802 haec
653 2741 730 2814 dico,
755 2741 831 2820 quod
855 2744 1073 2822 astrologorum
1097 2742 1284 2804 inductiones
1306 2761 1399 2822 usqne
1414 2742 1453 2803 ad
1467 2742 1612 2822 specialia
1633 2761 1725 2823 prae-

373 2831 504 2895 dicenda
526 2831 698 2902 defendam,
723 2831 775 2892 sed
800 2840 832 2890 ut
855 2830 1015 2903 obtineam,
1043 2830 1124 2891 circa
1146 2840 1263 2910 tempus
1287 2850 1461 2913 magnarum
1485 2831 1726 2910 conjunctionum

372 2930 481 2985 tantu
514 2920 606 2981 fuisse
638 2920 850 2982 commotiones
883 2927 1055 2981 naturarum
1089 2919 1277 3001 ipsorumque
1305 2923 1464 2983 affectuum
1492 2920 1672 2983 naturalium
1695 2921 1744 2984 iu'

371 3010 560 3083 bominibus,
588 3019 621 3071 ut
648 3009 746 3070 exiis
769 3008 887 3088 decepti
911 3009 972 3069 siut
1002 3009 1161 3088 astrologi,
1193 3017 1336 3091 putantes
1366 3029 1414 3073 res
1442 3010 1538 3089 ipsas,
1568 3003 1644 3090 quae
1670 3028 1726 3091 per

370 3100 445 3163 ilias
468 3100 682 3162 commotiones
705 3097 900 3178 gerebantur,
925 3098 963 3158 ab
986 3098 1043 3160 hoc
1066 3099 1190 3161 coelesti
1213 3100 1359 3180 principio
1381 3099 1546 3180 profectas.

943 3540 1062 3640 Caput
1088 3541 1156 3616 IX.

417 3722 475 3788 De
497 3726 681 3805 aspectuum
704 3729 877 3784 edmerum
899 3720 1038 3802 adeoque
1060 3726 1091 3782 et
1114 3720 1249 3803 disponi
1270 3721 1423 3805 suffiscus,
1447 3726 1558 3783 conoe
1579 3719 1675 3787 Joost

840 3812 959 3874 Picum
980 3809 1254 3873 Miroudulouum.

460 3969 529 4032 Jam
544 3970 618 4032 libro
629 3970 685 4037 VI,
697 3966 727 4033 5.
742 3969 831 4032 Piens
845 3970 901 4031 hoc
915 3970 1039 4049 primum
1054 3971 1218 4050 impugnat,
1238 3970 1314 4052 qnod
1333 3975 1507 4049 aspectuum
1522 3966 1572 4029 alii
1593 3967 1654 4032 siut
1667 3988 1722 4050 per

366 4081 406 4127 se
431 4061 534 4134 fausti,
560 4060 611 4121 alii
635 4059 759 4121 infausti
784 4068 815 4120 et
837 4060 918 4135 mali,
943 4068 977 4120 nt
999 4061 1172 4139 quadratus,
1198 4060 1360 4142 oppositus.
1401 4057 1469 4119 Hae
1491 4056 1521 4119 in
1544 4068 1631 4138 parte
1654 4078 1721 4123 oum

363 4151 444 4216 Pico
468 4150 637 4212 consentio:
662 4167 730 4209 nam
756 4158 896 4227 aspectus
920 4149 986 4209 sola
1009 4149 1199 4214 vehementia
1220 4148 1375 4227 distingui,
1404 4165 1507 4209 omues
1531 4165 1602 4209 vero
1625 4167 1720 4231 aeque

365 4241 410 4305 ed
441 4239 622 4301 incitandam
653 4248 790 4300 naturam
823 4257 918 4299 rerum
947 4238 1150 4300 sublunarium
1177 4239 1288 4318 pollere
1316 4238 1442 4300 affirmo.
1487 4235 1531 4298 Et
1553 4257 1646 4300 cause
1668 4258 1720 4302 cur

365 4329 535 4412 quadratus
565 4328 674 4400 malus,
708 4328 836 4390 refertur
867 4328 895 4388 iu
926 4345 1016 4390 sexus
1048 4327 1266 4403 diversitatem,
1300 4328 1377 4408 quod
1408 4326 1534 4388 alterum
1566 4327 1719 4408 signorum

365 4419 518 4503 quadrato
542 4417 717 4479 distantium
735 4417 777 4478 sit
794 4416 998 4491 masculinum,
1022 4417 1146 4479 alterum
1166 4417 1353 4491 femininum3
1377 4416 1413 4477 de
1434 4416 1540 4497 quibus
1559 4417 1622 4479 dixi
1641 4418 1718 4497 quod

362 4526 451 4571 vana
473 4507 652 4569 existimem.
701 4505 775 4569 Cum
810 4525 881 4568 vero
914 4505 1046 4587 quaerit,
1080 4516 1177 4569 utrum
1210 4517 1351 4586 aspectus
1383 4504 1463 4568 inter
1493 4505 1561 4585 ipsa
1593 4524 1718 4586 corpora

363 4598 560 4683 planetarum
590 4604 734 4677 putentur
764 4617 802 4658 an
834 4606 973 4676 respectu
1005 4597 1160 4657 effectuum
1192 4596 1241 4676 qui
1274 4602 1437 4675 sequuntur
1462 4594 1493 4657 iu
1522 4594 1569 4657 hie
1593 4594 1717 4658 Terris?

362 4705 488 4754 rursum
518 4685 599 4748 iliius
630 4686 722 4769 probo
754 4687 951 4761 sententiam,
985 4684 1057 4747 nihil
1089 4685 1127 4746 ab
1156 4685 1279 4748 invicem
1306 4683 1370 4765 pati
1400 4683 1541 4764 planetas
1562 4682 1592 4745 in
1616 4684 1716 4760 coelo;

362 4796 465 4857 neque
489 4794 541 4838 eos
564 4776 720 4837 scientiam
745 4776 856 4838 habere
879 4794 983 4855 posse,
1013 4775 1129 4855 quando
1158 4775 1218 4836 bini
1247 4783 1349 4837 mutuo
1382 4780 1561 4836 concurrant
1589 4773 1715 4855 aspectu

362 4869 398 4932 in
413 4865 526 4939 Terris,
550 4867 577 4928 si
599 4865 648 4927 vel
672 4865 787 4927 animas
807 4866 868 4927 illis
892 4865 1054 4926 rationales
1074 4865 1198 4927 tribuas.
1244 4864 1379 4943 Denique
1403 4870 1544 4944 aspectus
1567 4863 1623 4926 hos
1645 4880 1714 4926 esse

364 4958 449 5023 inter
470 4955 571 5017 radios
594 4955 624 5017 in
639 4955 761 5017 Terram
781 4956 1005 5029 descendentes,
1030 4953 1150 5017 minime
1173 4972 1244 5016 vero
1267 4954 1346 5016 inter
1368 4972 1494 5033 corpora
1516 4954 1583 5034 ipsa
1604 4954 1728 5037 plane-·

364 5056 484 5112 tarum:
516 5044 604 5117 haec,
633 5044 766 5124 inquam,
795 5045 895 5107 omnia
920 5044 1029 5125 recipio
1059 5062 1125 5106 cum
1146 5043 1231 5107 Pico.
1277 5045 1383 5124 Itaque
1407 5042 1462 5104 hoc
1492 5042 1603 5123 ipsum,
1634 5044 1712 5125 quod

365 5133 555 5218 experientia
577 5142 719 5209 testatur,
743 5142 879 5198 naturam
901 5135 1089 5197 sublunarem
1107 5133 1219 5197 rnoveri
1233 5135 1272 5196 ab
1286 5132 1469 5213 aspectibus,
1492 5151 1558 5196 cum
1571 5141 1711 5215 aspectus

437 5239 525 5291 xoprm
538 5241 608 5290 opere
624 5240 651 5281 11.
1464 5234 1497 5287 41
