4584 6192
1939 580 2104 655 caput
2139 589 2203 641 V.
2244 588 2276 641 3
2288 626 2303 641 .
3351 583 3482 655 253

768 777 894 831 esto
959 766 1198 829 tabella
1265 786 1458 847 opaca
1515 763 1675 840 DG,
1749 766 2039 828 foramine

764 867 977 938 patens
1063 855 1174 918 EF
1257 854 1593 934 angustiori
1681 873 1859 934 qnam
1942 863 2042 915 est

763 947 993 1025 globus.
1090 943 1353 1006 Visibile
1416 944 1501 1004 sit
1560 943 1670 1003 HI.
1765 943 2038 1023 Papyrus

758 1038 813 1097 in
837 1036 920 1111 K,
955 1033 1063 1096 ubi
1101 1033 1455 1095 intersectio
1494 1041 1801 1111 postrema
1829 1031 2035 1092 radia-

757 1124 981 1186 tionum
1032 1141 1110 1183 ex
1155 1122 1233 1185 H.
1329 1118 1507 1192 Quod
1545 1120 1596 1181 si
1644 1120 1872 1182 tabella
1918 1120 2034 1181 ab-

754 1221 937 1287 esset,
968 1221 1081 1292 p'er
1111 1208 1219 1275 20.
1258 1209 1657 1289 praemissam
1685 1209 1715 1270 1
1756 1208 2032 1291 pingeret

755 1322 817 1364 se
859 1303 1087 1364 ultima
1123 1319 1386 1362 suarum.
1410 1299 1809 1360 radiationum
1837 1297 2029 1358 inter-

753 1391 1022 1453 sectione
1069 1388 1129 1449 in
1178 1390 1259 1457 L,
1318 1396 1380 1449 et
1423 1387 1483 1447 Η
1535 1394 1818 1466 punctum
1865 1386 1924 1446 in
1971 1385 2032 1445 K

752 1488 993 1560 puncto,
1027 1478 1236 1539 radios
1255 1495 1399 1538 vero
1427 1493 1708 1537 cenorum
1742 1474 2030 1535 laterales

754 1571 1144 1643 intersectas,
1194 1566 1453 1628 alterum
1498 1565 1557 1625 in
1607 1563 1858 1625 alterius
1896 1562 2032 1623 loca

752 1655 1244 1733 intersectionum
1328 1653 1714 1734 projicerent.
1854 1650 2030 1712 Nunc

751 1745 1035 1827 opposita
1087 1743 1322 1805 tabella
1378 1761 1496 1804 non
1542 1740 1678 1819 plus
1727 1739 2029 1800 radiorum

752 1852 822 1895 ex
877 1834 941 1895 H
1006 1832 1223 1893 defluit
1282 1831 1343 1892 in
1417 1830 1736 1909 sphaeram
1758 1876 1775 1902 ,
1849 1846 2027 1908 quam

752 1931 1039 2004 quantum
1084 1939 1195 2000 per
1237 1918 1344 1980 EF
1387 1926 1593 1998 potest
1637 1928 1702 1978 et
1747 1926 2028 1995 quantum

753 2013 870 2073 fere
928 2011 989 2072 in
1054 2010 1114 2069 Κ
1178 2007 1426 2069 confluit
1490 2009 1807 2085 (quantum
1873 2004 2027 2066 alias

752 2100 928 2162 etiam
958 2097 1093 2160 sine
1123 2097 1360 2175 objectu
1384 2097 1731 2175 perforatae
1758 2093 2025 2156 tabellae
2096 2113 2138 2149 n
2249 2103 2255 2104 ⁷

749 2189 1016 2269 proxime
1081 2186 1139 2246 K
1202 2185 1519 2246 terminum
1580 2182 2024 2244 intersectionis

753 2278 995 2339 ultimae
1046 2274 1514 2346 accumulatur),
1566 2280 1630 2333 et
1674 2289 1859 2333 conus
1904 2271 2022 2331 iste

751 2366 1006 2447 quadam
1079 2362 1266 2424 veluti
1339 2362 1651 2442 putatione
1717 2359 2019 2431 minuitur,

750 2464 812 2517 nt
865 2454 1070 2516 nullos
1133 2452 1499 2513 intersectos
1543 2450 1603 2511 in
1650 2448 1704 2509 L
1760 2447 2021 2527 jaculari

749 2544 899 2605 ibive
994 2539 1408 2603 confusionem
1497 2556 1711 2619 parere
1801 2536 2017 2616 possit.

756 2629 1040 2694 Vicissim
1087 2628 1492 2690 radiatiouum
1539 2646 1614 2688 ex
1652 2628 1683 2687 1
1729 2644 1914 2686 conus
1960 2626 2018 2684 in

751 2722 798 2783 L
838 2717 1258 2782 terminandus
1327 2717 1506 2796 plane
1565 2721 1871 2778 castratus
1925 2720 2022 2774 est

750 2810 988 2889 objectu
1031 2806 1148 2868 DE
1196 2805 1461 2867 tabellae
1506 2804 1882 2866 nobilissima
1926 2802 2019 2863 sui

750 2906 934 2976 parte,
986 2912 1201 2974 nempe
1232 2894 1567 2955 radiatione
1603 2911 1713 2972 per
1749 2899 2020 2953 centrum

749 2989 803 3048 A
844 2995 910 3048 et
957 2983 1299 3048 clarissimo
1345 3000 1626 3044 mucrone
1663 2982 1735 3055 L,
1786 2989 2020 3042 tantum

754 3076 959 3149 abest,
1028 3081 1099 3135 ut
1155 3071 1471 3152 quicquam
1531 3069 1590 3131 in
1646 3069 1706 3132 K
1772 3076 2027 3149 spargat

757 3166 829 3227 ad
886 3162 1299 3225 confusionem
1365 3160 1718 3221 faciendam.
1808 3157 2026 3219 Relin-

758 3253 952 3334 quitur
999 3258 1204 3312 autem
1250 3248 1690 3311 radiationibus
1727 3265 1805 3307 ex
1835 3247 1865 3308 1
1913 3265 2028 3307 non

759 3342 1031 3422 amplius,
1082 3358 1258 3419 quam
1307 3337 1464 3418 quod
1507 3356 1615 3419 per
1650 3336 1759 3397 EF
1803 3335 2030 3415 ingredi

760 3437 980 3510 potest.
1056 3428 1216 3491 Illud
1266 3446 1408 3488 vero
1458 3424 1737 3507 quicquid
1785 3433 1881 3486 est
1925 3424 2248 3504 radiorum,
2298 3449 2433 3492 sese
2472 3449 2580 3511 per
2626 3428 3008 3494 latitudinem
3051 3433 3174 3497 MN
3223 3437 3474 3497 succes-

761 3521 884 3582 sive
929 3518 1268 3580 intersecat
1311 3532 1418 3595 per
1471 3511 1571 3577 19.
1620 3514 2046 3594 praemissam,
2097 3524 2160 3577 et
2207 3518 2337 3596 jam
2387 3518 2817 3581 intersectione
2878 3519 3047 3582 facta
3092 3522 3315 3585 transit
3360 3522 3476 3585 AL

761 3607 1085 3687 inciditque
1133 3605 1194 3667 in
1241 3621 1532 3685 papyrum
1580 3604 1639 3665 in
1679 3603 1735 3663 K
1782 3604 2062 3682 positam,
2112 3606 2357 3685 propius
2407 3625 2584 3687 qnam
2633 3615 2731 3668 est
2769 3606 2840 3681 L,
2891 3617 2954 3670 et
2991 3629 3106 3671 non
3152 3612 3228 3673 ad
3276 3629 3471 3691 puuc-

762 3707 898 3771 tum,
947 3696 1059 3757 sed
1108 3693 1388 3773 sparsim,
1436 3692 1577 3773 quia
1620 3692 1679 3754 in
1717 3692 1841 3753 MN
1884 3693 2014 3772 jam
2062 3693 2228 3755 facta
2266 3704 2365 3757 est
2407 3696 2780 3758 intersectio.
2857 3696 3189 3777 Propterea
3235 3700 3474 3779 pictura
3570 3763 3573 3767 ,

762 3805 797 3845 a
837 3783 1136 3846 lateribus
1200 3782 1462 3844 obscura
1527 3790 1590 3842 et
1652 3781 1904 3842 confusa
1968 3789 2081 3843 est.
2177 3780 2355 3852 Quod
2413 3785 2465 3845 si
2530 3802 2819 3865 papyrum
2867 3805 2905 3845 a
2970 3787 3160 3848 latere
3227 3788 3471 3866 propius

764 3874 1105 3943 admoveas,
1149 3871 1376 3933 rectius
1424 3869 1663 3950 quidem
1708 3869 2030 3949 pingentur
2077 3871 2294 3945 latera,
2346 3891 2643 3952 nunquam
2693 3881 2894 3934 tamen
2942 3876 3279 3955 exquisite:
3330 3874 3471 3954 quia

763 3960 1219 4024 intersectiones
1286 3978 1400 4020 non
1468 3967 1704 4020 tantum
1747 3957 1810 4020 iu
1867 3960 2222 4038 profundum
2278 3961 2406 4024 MN
2479 3961 2667 4042 (qnod
2731 3978 2943 4042 parum
3007 3964 3294 4036 referret)
3360 3962 3467 4024 sed

764 4051 940 4113 etiam
990 4050 1050 4111 in
1103 4049 1290 4110 latum
1339 4055 1723 4127 sparguntur.

932 4136 1207 4217 Cumque
1251 4137 1311 4197 in
1359 4137 1465 4198 EF
1529 4137 1611 4197 sit
1676 4137 1841 4199 facta
1905 4135 2259 4198 intersectio
2305 4135 2392 4198 IE
2440 4146 2505 4199 et
2547 4138 2632 4199 ΠΡ
2678 4157 2808 4199 cnm
2856 4138 3011 4204 HK.
3077 4138 3479 4201 terminentur

763 4246 898 4290 vero
943 4226 1106 4289 radii
1151 4224 1425 4306 (objectu
1472 4226 1685 4305 papyri
1734 4226 1791 4286 in
1841 4225 1918 4298 K,
1968 4225 2023 4285 N
2075 4226 2208 4286 loco
2264 4243 2590 4287 concursus
2648 4225 2980 4300 radiorum)
3027 4228 3088 4288 in
3136 4227 3263 4290 MN
3309 4228 3475 4310 prius

765 4336 937 4397 quam
980 4316 1102 4378 AL
1147 4323 1493 4388 transeant,
1559 4332 1668 4393 per
1719 4310 1820 4376 19.
1869 4313 2297 4393 praemissam,
2364 4332 2505 4393 ergo
2552 4334 2629 4376 ex
2676 4316 2905 4378 dextris
2952 4316 2984 4377 Ι
3029 4317 3179 4379 fiunt
3224 4317 3477 4379 sinistra

766 4406 908 4480 MN,
951 4423 1066 4467 nec
1111 4403 1241 4465 fieri
1286 4410 1518 4484 potest,
1565 4410 1632 4463 ut
1680 4422 1839 4465 nova
1884 4402 2153 4463 sectione
2200 4403 2419 4465 dextra
2464 4404 2746 4465 evadant.

930 4495 1281 4573 Angustam
1328 4500 1531 4553 autem
1595 4491 1974 4553 fenestellam
2023 4490 2128 4551 EF
2174 4500 2420 4594 oportet
2463 4510 2630 4560 esse,
2701 4512 2775 4553 ne
2822 4480 3005 4555 latior
3050 4493 3217 4556 facta
3279 4493 3477 4555 officio

765 4584 868 4645 hoc
915 4602 1027 4644 suo
1072 4580 1362 4643 excidat.
1411 4580 1748 4660 proximam
1795 4580 1994 4659 globo,
2044 4598 2116 4641 ne
2164 4581 2341 4641 nimis
2390 4599 2599 4661 parum
2649 4589 2713 4643 et
2758 4582 3065 4644 confusius
3112 4583 3350 4662 quidem
3398 4581 3474 4642 de

767 4669 1204 4751 hemisphaerio
1250 4671 1410 4731 intro
1457 4670 1676 4731 radiet.

931 4769 1434 4826 Corollarium.
1503 4773 1763 4840 Apparet
1802 4767 1929 4821 hinc
1969 4784 2045 4821 ex
2084 4774 2249 4837 parte
2291 4784 2423 4821 usus
2464 4768 2746 4823 foraminis
2785 4783 2964 4823 ureae
3006 4769 3060 4823 in
3103 4768 3298 4824 oculo:
3343 4766 3474 4822 item

770 4868 927 4922 quare
967 4853 1156 4906 latera
1197 4850 1418 4904 retinas
1458 4850 1686 4919 propius
1729 4851 1954 4902 admota
1994 4848 2325 4919 crystallino
2366 4864 2529 4917 quam
2571 4849 2791 4904 fundus.

930 4936 1369 5019 Propositio
1429 4936 1672 4999 XXIV.
1784 4934 2068 4997 Radios
2133 4937 2333 4997 intra
2396 4936 2706 4997 densius
2778 4935 3090 4997 medium
3166 4951 3496 4997 conver-²

775 5037 1027 5106 gentes
1107 5045 1367 5089 versus
1441 5027 1632 5088 idem
1716 5024 2022 5104 aliquod
2105 5032 2484 5104 punctum,
2570 5024 3029 5103 superficies
3113 5024 3498 5088 conoides*

777 5116 1262 5201 hyperbolica
1296 5115 1604 5178 medinm
1632 5113 2057 5180 terminans
2094 5113 2397 5194 colligit
2423 5112 2513 5175 ad
2539 5130 2749 5175 unum
2775 5112 3073 5198 aliquod
3110 5120 3473 5194 punctum,
