4584 6192
893 569 898 574 “
958 555 1154 627 θῑΜΉ·
1671 559 1738 630 250

377 738 502 810 puin
519 736 585 803 hoe,
604 738 866 795 aimianninarei
886 740 1014 795 censione
1033 740 1183 796 debilium
1201 742 1372 812 ηῑίφιιηω
1391 742 1517 813 opprimi.
1544 742 1739 814 metim

378 821 468 891 cpite
487 821 612 876 cende
636 820 705 876 illud
733 820 906 875 fundamenti
926 822 987 876 loco
1008 821 1077 885 furit,
1104 821 1211 877 lumine
1231 822 1260 875 in
1280 824 1389 891 pariete
1417 823 1548 878 dhtincte
1567 839 1617 893 per
1643 822 1737 880 ludu

378 901 499 970 ioum
521 899 654 971 ingresse
680 900 797 954 debilius
818 917 838 955 e
858 900 984 955 validiori
1009 901 1161 964 occultarir
1189 909 1333 956 coerctsto
1357 920 1424 957 vero
1449 902 1582 957 foramine
1602 920 1658 962 nen
1677 901 1737 958 ueri

378 978 669 1052 proportionaliaaut
688 980 813 1050 quamuis
834 980 925 1034 omuia
945 980 1125 1035 debilitentur
1144 982 1258 1046 lumina,
1278 982 1342 1052 plne
1357 988 1451 1037 tamen
1471 981 1596 1037 clarinti
1616 980 1737 1053 fortioris

378 1057 514 1116 Qtnr
534 1057 708 1131 debiliusqrre
729 1067 865 1131 emergat

954 1472 1075 1573 Caput
1101 1472 1164 1546 VI.

834 1650 892 1712 De
912 1652 1007 1713 ouria
1034 1648 1105 1713 luce
1129 1650 1281 1712 edem

463 1806 535 1869 Non
568 1807 664 1871 solius
696 1815 745 1870 est
774 1808 890 1889 physici
923 1808 961 1871 de
993 1809 1059 1870 luce
1093 1808 1223 1871 siderum
1252 1809 1422 1887 disputare,
1459 1808 1514 1869 sed
1546 1808 1657 1888 aliquid
1688 1808 1739 1872 bio

379 1894 469 1958 edm
492 1905 686 1958 estrouomns
709 1897 787 1977 quod
811 1896 895 1959 dicat
916 1897 1024 1971 babet3
1048 1897 1228 1976 praesertim
1251 1897 1288 1959 de
1304 1897 1408 1960 Lunae
1431 1896 1643 1960 illustratione.
1672 1897 1739 1961 Noa

379 1992 535 2065 utrumqne
558 1985 824 2065 contemplationis
848 2004 943 2048 causa
964 1987 1190 2066 conjungemus.

853 2129 881 2187 l.
928 2126 983 2186 De
1015 2126 1104 2187 luce
1137 2125 1268 2188 Solis.

465 2245 545 2310 com
568 2244 650 2309 Solis
674 2246 703 2307 in
728 2248 837 2309 mundo
860 2249 1044 2312 incredibilis
1068 2269 1104 2311 ac
1126 2267 1221 2329 prope
1244 2248 1347 2310 divina
1369 2247 1416 2309 ris
1439 2248 1496 2321 ait,
1521 2269 1541 2310 a
1563 2249 1636 2313 Sole
1660 2251 1738 2314 eninr

379 2335 475 2398 omnia
506 2343 606 2397 motos
636 2343 668 2398 et
696 2337 759 2397 vita
790 2345 824 2398 et
854 2337 1045 2400 conservatio
1072 2346 1105 2400 et
1131 2346 1256 2399 ometus
1286 2336 1462 2400 coelestium
1492 2346 1524 2399 et
1552 2340 1738 2414 terrestium,

380 2426 454 2487 adeo
476 2432 595 2504 utque
617 2424 739 2503 propius
762 2427 985 2505 contempleris,
1010 2427 1067 2488 hoc
1089 2427 1177 2506 plura
1201 2426 1229 2487 iu
1254 2423 1306 2489 illo
1328 2444 1387 2487 uno
1410 2425 1547 2488 invenias
1570 2428 1737 2490 miracula:

380 2514 485 2575 decere
517 2512 727 2593 philosophum
755 2514 901 2587 arbitror,
924 2534 1029 2576 omnes
1056 2524 1183 2577 naturae
1212 2515 1373 2576 thesauros
1400 2513 1503 2577 rimari
1533 2515 1573 2577 ad
1596 2516 1741 2597 dogmata

381 2611 465 2665 tento
494 2601 639 2664 miraculo
672 2603 885 2664 convenientia
915 2605 1104 2683 proferenda.
1151 2605 1199 2665 Ac
1222 2622 1288 2665 cum
1307 2604 1370 2683 jam
1394 2602 1425 2663 in
1448 2603 1551 2683 optice
1573 2622 1737 2679 versemur,

382 2709 444 2771 epe,
469 2690 551 2771 quod
570 2687 661 2752 estin
678 2691 734 2752 hec
757 2692 887 2753 scientia
899 2692 1125 2768 nobilissimum,
1146 2692 1334 2754 excutiamus
1356 2689 1483 2770 huicque
1507 2694 1624 2772 corpori
1638 2692 1740 2775 appli-

381 2798 491 2842 cemus.
537 2777 587 2839 Er
619 2778 720 2840 divino
743 2780 830 2841 Mose
858 2781 1016 2851 discimus,
1049 2780 1149 2843 omnia
1171 2781 1310 2860 primitus
1343 2798 1380 2841 ex
1410 2797 1491 2860 oque
1517 2788 1673 2856 constare;
1704 2800 1740 2843 ee

381 2887 444 2930 eum
467 2867 498 2929 iu
522 2865 672 2947 principio
695 2868 778 2930 rudis
801 2868 1011 2950 indigesteque
1035 2870 1132 2932 moles
1164 2870 1339 2943 sisteretur,
1372 2888 1411 2929 ex
1438 2868 1560 2931 humido
1591 2877 1623 2931 et
1655 2869 1739 2932 arido

381 2976 429 3019 eeu
454 2975 494 3018 ex
517 2974 598 3037 aqna
627 2964 659 3017 et
682 2964 763 3018 terra
792 2968 951 3033 constans,
987 2959 1092 3021 stetim
1120 2977 1156 3019 eo
1189 2958 1256 3038 ipso
1284 2958 1381 3039 primo
1409 2956 1457 3017 die
1490 2958 1642 3020 conditam
1671 2977 1739 3020 esse

382 3045 490 3121 lucem,
526 3062 602 3125 qnae
631 3044 679 3105 die
710 3055 818 3124 quarto
846 3045 877 3108 in
904 3048 990 3108 varia
1017 3065 1144 3127 corpora
1168 3046 1258 3108 luerit
1281 3045 1455 3109 distribute
1499 3045 1549 3107 Ex
1572 3047 1628 3108 boo
1649 3056 1740 3126 portu

382 3134 570 3197 unissime
608 3133 778 3196 sententiaa
814 3135 935 3196 solvens
971 3136 1152 3216 conjecturis
1181 3154 1239 3197 non
1280 3133 1419 3196 absurdis
1455 3134 1672 3213 remigantibus
1708 3134 1738 3196 in

384 3222 589 3286 vastissimum
614 3221 701 3300 hujus
715 3223 979 3303 contemplationis
1003 3244 1146 3286 oceanum
1170 3224 1268 3285 enitor
1290 3232 1323 3285 et
1345 3223 1401 3285 boe
1425 3229 1537 3293 statuo,
1561 3221 1643 3286 Solis
1667 3240 1737 3285 eor·

382 3330 433 3393 pus
456 3329 497 3373 ex
520 3310 653 3373 materia
675 3322 816 3373 constare
840 3312 968 3374 omnium
1001 3314 1095 3375 totins
1123 3313 1225 3375 mnndi
1252 3311 1452 3384 densissima,
1484 3320 1519 3373 ut
1544 3311 1627 3375 intra
1653 3312 1739 3391 cujus

382 3400 627 3481 angustissimum
649 3399 750 3461 orbem
774 3408 892 3463 tantum
916 3403 1088 3464 conclusum
1111 3401 1153 3462 sit
1174 3400 1331 3471 materiae,
1354 3400 1552 3482 quantumin
1575 3409 1644 3463 tota
1665 3419 1741 3463 aure

383 3491 524 3552 aetherea
554 3505 610 3568 per
637 3488 783 3552 infinitam
811 3489 874 3551 iere
902 3491 1017 3552 solidas
1045 3491 1195 3569 sphaerae
1228 3490 1397 3552 mundanae
1433 3490 1661 3570 amplitudinem
1690 3498 1740 3551 est

383 3578 558 3659 dispersum.
1430 3587 1437 3598 “

462 3666 546 3729 Esse
569 3673 671 3727 eutem
694 3665 876 3728 densitatem
900 3666 988 3746 hujus
1018 3666 1153 3747 corporis
1185 3666 1215 3728 in
1246 3685 1362 3728 summo
1385 3666 1489 3746 gradu,
1520 3666 1646 3746 requirit
1672 3665 1738 3745 ejus

383 3754 531 3819 reiorilics
553 3754 600 3816 vis
623 3762 686 3815 tam
710 3755 789 3816 acris
809 3765 931 3835 tamque
956 3756 1043 3835 longe
1057 3762 1209 3836 porrecte
1240 3756 1320 3817 Nem
1344 3754 1370 3815 si
1393 3753 1466 3816 licet
1489 3755 1738 3834 exemplaremm

383 3844 583 3908 mbluuarinm
606 3843 832 3905 accommodare
868 3844 1051 3907 coelestibus
1081 3846 1131 3917 (ut
1164 3853 1266 3906 antem
1294 3844 1409 3917 liceret,
1434 3844 1499 3923 jam
1522 3843 1610 3905 modo
1633 3842 1738 3905 Moses

383 3933 493 4006 eiecit,
525 3932 576 4013 qni
599 3932 724 3993 eandem
752 3932 890 3994 omnibus
914 3934 1071 3994 materiam
1095 3932 1265 4008 ostendit),
1290 3932 1426 4012 equidem
1456 3929 1638 4009 ignitorum,
1662 3949 1738 4011 quae

383 4030 446 4084 suut
470 4022 609 4103 ejusdem
631 4020 824 4100 quantitatis,
855 4030 942 4084 tanto
970 4020 1117 4102 quidlibet
1141 4021 1303 4084 violentius
1336 4020 1396 4082 urit
1418 4028 1450 4081 et
1473 4019 1600 4098 longius,
1625 4028 1738 4100 quanto

384 4109 523 4174 densius:
560 4109 630 4190 plus
659 4109 751 4171 carbo
784 4128 874 4191 quam
910 4110 1047 4181 flamma,
1085 4111 1154 4189 plus
1193 4111 1304 4172 sermm
1341 4110 1473 4171 candens
1510 4126 1599 4189 quam
1635 4107 1737 4172 carbo.

384 4196 529 4271 Quorsum
565 4196 730 4277 respiciens
767 4199 887 4279 quidam
924 4208 1059 4262 vetemm
1095 4198 1356 4279 pbilosophorum,
1395 4205 1428 4260 ut
1460 4206 1509 4260 est
1540 4198 1571 4259 in
1601 4196 1737 4277 Diogene

386 4286 512 4362 laertio,
538 4306 598 4350 nou
622 4296 686 4348 tam
710 4287 841 4349 absurde
864 4289 982 4351 locutus
1006 4307 1094 4368 quem
1109 4288 1210 4368 inique
1223 4295 1370 4367 exceptus
1393 4294 1451 4361 est,
1477 4284 1579 4349 Solem
1598 4294 1738 4348 statuens

385 4393 443 4438 esse
468 4377 650 4439 candentem
673 4376 813 4458 lapidem.
860 4377 1108 4439 Nou'metuebat
1131 4376 1182 4438 ille
1206 4376 1323 4439 scilicet
1345 4395 1411 4438 cum
1434 4376 1622 4448 Aristotele,
1646 4394 1683 4436 ne
1705 4375 1737 4437 in

386 4463 501 4528 Terram
514 4464 696 4547 procideret,
719 4466 746 4526 si
768 4465 846 4546 lapis
861 4474 958 4528 esset:
984 4466 1064 4544 quod
1082 4485 1121 4527 an
1145 4473 1228 4527 recte
1244 4464 1358 4539 iecerit,
1383 4484 1421 4526 ex
1436 4461 1567 4526 Gilberti
1583 4461 1737 4525 Guilielmi

388 4689 465 4749 leuem
494 4690 678 4748 radiationem
708 4689 802 4745 clerae
833 4690 935 4744 stellae
962 4690 1123 4754 lateralem,
1154 4697 1186 4745 et
1209 4687 1283 4743 circe
1307 4688 1369 4741 coni
1396 4704 1478 4743 axem
1498 4688 1527 4742 iu
1554 4686 1646 4741 alieno
1675 4685 1737 4739 loco

390 4784 548 4845 regentem:
574 4772 646 4843 quod
668 4778 747 4825 taum
768 4771 876 4824 facilius
898 4776 1004 4839 potest,
1033 4773 1103 4843 quod
1125 4772 1196 4824 haec
1215 4768 1335 4823 radiatio
1358 4768 1419 4836 jans
1439 4768 1588 4823 debilitate
1608 4774 1653 4820 est
1673 4782 1736 4818 eon·

390 4855 521 4988 mxi
539 4851 734 4986 mambae-d
742 4928 871 5003 quaeetio
897 4929 1084 5004 intelligenda
1101 4933 1136 4986 de
1156 4932 1245 5002 primo
1266 4941 1385 4985 annone
1405 4933 1520 4992 exortu,
1541 4941 1601 4982 oum
1620 4932 1667 4980 eet
1686 4925 1737 4980 lux

392 5010 469 5077 dubia
489 5029 546 5067 uon
565 5013 601 5065 de
621 5012 716 5081 plene.
756 5014 828 5068 Nam
849 5025 886 5064 ea
902 5012 963 5080 jam
983 5015 1066 5082 plene
1093 5014 1180 5067 vincit
1200 5014 1308 5067 sideru:
1334 5010 1559 5079 quemadmodum
1580 5007 1664 5060 etiam
1686 5005 1737 5060 illc

392 5092 492 5148 duitas
513 5092 598 5155 adum,
620 5108 692 5162 quae
712 5101 758 5146 eet
777 5099 859 5146 noctu
880 5107 900 5144 e
917 5093 1006 5157 Luna,
1030 5098 1121 5147 adrem
1143 5112 1180 5146 ex
1202 5094 1261 5146 alto
1282 5090 1365 5160 pleno
1386 5091 1453 5143 erbe
1473 5089 1639 5143 illustrante
