4584 6192
565 619 631 686 456
922 629 926 636 ’
987 623 1087 673 Literse
1105 620 1207 686 Keplen'
1227 622 1378 687 altorumque
1395 628 1498 673 mutuas

559 799 637 880 juris
653 804 716 860 est:
742 818 786 858 an
811 798 935 859 studio
960 796 1162 859 Galilaeus
1186 799 1309 859 orbem
1334 798 1541 860 deluserit?
1576 799 1921 880 Hancmihiqnaestio·

563 907 632 949 nem
656 888 771 967 placuit
794 887 879 948 initio
903 896 1046 962 tractare,
1070 894 1134 947 tum
1159 887 1229 966 quia
1260 888 1439 948 vestibulum
1463 889 1634 958 obsidebat,
1671 900 1734 953 tum
1762 890 1921 970 quietam
1967 895 1971 909 ⁴

561 977 649 1038 multi
673 984 777 1050 erant,
804 976 852 1056 qui
885 977 1039 1058 malebant
1071 977 1192 1036 credere
1227 985 1257 1036 te
1289 978 1411 1050 fallere,
1446 996 1535 1055 quam
1566 998 1629 1039 rem
1662 998 1771 1039 novam
1804 980 1919 1059 detegi.

562 1064 711 1126 Rationes
736 1084 806 1126 vero
839 1084 887 1126 me
920 1073 951 1125 et
981 1066 1258 1143 argumentationes
1281 1066 1494 1126 invictissimas
1528 1076 1633 1127 contra
1665 1068 1742 1128 bunc
1766 1069 1920 1130 Nuncium

563 1156 752 1236 protulisse?
780 1155 912 1215 Hoccine
938 1155 1032 1214 bonae
1056 1153 1165 1214 indolis
1189 1154 1347 1227 indicium,
1383 1155 1471 1215 amici
1494 1163 1526 1216 et
1544 1156 1747 1217 benefactoris
1768 1157 1918 1219 intentum

561 1245 761 1325 pervertere?
806 1242 847 1303 Et
879 1242 929 1303 ubi
967 1253 1049 1303 artes
1084 1243 1307 1303 inversionum?
1354 1240 1415 1303 Cur
1449 1264 1505 1304 non
1540 1245 1665 1323 probat,
1706 1246 1782 1324 quod
1818 1246 1918 1308 dixit?

562 1333 625 1397 Cur
648 1354 705 1397 non
729 1340 868 1393 recenset
891 1332 944 1392 illa
968 1341 1162 1409 argumenta,
1197 1343 1230 1392 ut
1259 1351 1362 1392 omnes
1393 1332 1518 1392 videant
1542 1335 1676 1410 pessima
1699 1334 1756 1394 fide
1781 1335 1919 1396 dictum?

563 1423 660 1485 Extat
683 1423 814 1501 epistola
836 1440 918 1494 mea,
952 1420 1005 1482 illa
1029 1422 1178 1500 loquatur.
1226 1421 1344 1481 Passim
1368 1440 1422 1498 per
1445 1421 1607 1499 epistolam
1631 1425 1713 1484 lusus
1738 1424 1915 1504 interspersi

559 1511 616 1574 hoc
649 1511 790 1585 consilio,
825 1519 858 1571 ut
881 1509 1018 1571 irrisores
1042 1510 1104 1570 risu
1134 1510 1340 1588 praevenirem
1369 1509 1397 1569 in
1430 1511 1593 1571 traditione
1623 1513 1664 1572 rei
1693 1531 1790 1573 novae
1824 1522 1856 1573 et
1888 1513 1916 1573 in

561 1602 668 1682 vulgus
689 1600 848 1661 absurdae.
889 1598 923 1659 Si
947 1599 1012 1676 quis
1037 1599 1113 1659 forte
1132 1618 1236 1677 parum
1257 1606 1392 1658 attentus
1416 1617 1454 1658 ex
1477 1600 1524 1659 bis
1549 1600 1663 1661 lusibus
1688 1621 1793 1662 ansam
1825 1602 1917 1663 sumit

562 1689 711 1751 dubitanti
735 1690 773 1750 de
796 1707 864 1748 mea
887 1689 1048 1759 sententia,
1073 1687 1121 1748 hic
1145 1696 1225 1747 certe
1250 1707 1354 1747 scurra
1377 1707 1413 1746 ex
1437 1707 1538 1748 eorum
1554 1709 1675 1750 numero
1699 1709 1756 1751 non
1782 1699 1840 1763 est,
1866 1689 1917 1771 qui

561 1799 599 1840 ex
622 1778 750 1859 privatis
775 1777 848 1838 meis
873 1776 969 1836 literis
993 1777 1078 1848 satis,
1105 1777 1174 1855 quid
1201 1785 1342 1847 tenerem,
1367 1776 1423 1836 fuit
1446 1778 1579 1839 edoctus,

651 1869 735 1927 Haec
760 1873 847 1939 sunt,
874 1863 1027 1938 Galilaea,
1054 1882 1130 1943 quae
1155 1884 1201 1924 me
1226 1866 1380 1939 mordent,
1406 1867 1521 1944 reliqua
1544 1867 1636 1927 rideo.
1683 1867 1761 1928 Nam
1785 1876 1915 1946 punctus

561 1958 626 2038 ejus
649 1955 853 2036 promiscuos,
882 1954 990 2032 quibus
1013 1973 1059 2013 me
1083 1953 1220 2031 impetit,
1253 1961 1287 2013 ut
1309 1972 1430 2014 muscae
1455 1955 1581 2035 alicujus
1620 1974 1713 2034 aeque
1744 1964 1914 2018 contemno.

559 2046 626 2110 Nec
649 2064 714 2106 sum
738 2044 813 2104 adeo
838 2041 986 2121 stupidus,
1012 2050 1045 2103 ut
1067 2061 1189 2103 movear
1206 2043 1387 2103 auctoritate
1411 2044 1491 2121 vnlgi
1516 2044 1676 2122 negativa,
1703 2053 1756 2104 aut
1778 2045 1817 2105 ab
1850 2045 1914 2123 ejus

559 2134 723 2197 oscitantia
746 2141 777 2193 et
800 2130 999 2210 ineptitudine
1020 2140 1124 2192 contra
1140 2131 1304 2192 astronomi
1330 2132 1544 2209 experientiam
1568 2142 1600 2192 et
1622 2133 1836 2195 dexteritatem
1860 2154 1912 2195 ra-

557 2224 694 2288 tiociuer.
743 2219 823 2291 Quid
846 2220 952 2281 mirum
975 2221 1163 2297 professores
1188 2221 1410 2282 academiarum
1432 2221 1618 2300 promiscuos
1656 2241 1807 2301 opponere
1845 2241 1912 2283 sese

558 2310 723 2376 inventioni
747 2310 791 2371 rei
815 2328 910 2370 novae
934 2309 962 2369 in
988 2310 1037 2368 illa
1062 2308 1225 2388 provincia,
1252 2310 1279 2370 in
1306 2330 1363 2389 qua
1385 2310 1428 2370 rei
1453 2310 1630 2370 mitissimae
1655 2324 1687 2371 et
1711 2312 1790 2389 apud
1810 2330 1912 2373 omnes
1980 2338 1983 2346 ·

560 2411 749 2465 astronomos
774 2397 1069 2467 contestatissime,
1093 2398 1293 2477 parallaxium
1318 2400 1444 2470 scilicet,
1469 2407 1573 2460 extent
1597 2410 1822 2478 oppugnatores
1847 2401 1911 2462 loco

547 2488 806 2562 eminentissimi,
840 2487 1015 2549 eruditionis
1049 2487 1129 2547 fama
1158 2488 1353 2550 celeberrimi.
1402 2493 1519 2559 (Spectat
1541 2497 1578 2546 his
1597 2500 1732 2548 Antonium
1750 2499 1912 2549 beurandum

554 2587 713 2640 Palicanum.
746 2584 830 2649 comp.
849 2599 908 2650 pag.
929 2580 984 2643 93.)
1028 2575 1134 2654 Neque
1169 2577 1246 2637 enim
1284 2578 1382 2637 celare
1419 2585 1450 2636 te
1488 2578 1571 2651 volo,
1615 2580 1809 2657 complurium
1843 2580 1910 2641 Ita-

558 2670 653 2731 lorum
676 2668 781 2728 literas
805 2667 936 2744 Pragam
960 2665 1049 2737 ferri,
1080 2665 1128 2743 qui
1153 2672 1204 2725 tuo
1228 2665 1400 2745 perspicillo
1423 2667 1564 2744 planetas
1588 2668 1656 2728 illos
1680 2668 1775 2729 videri
1799 2687 1909 2748 perne-

556 2765 641 2838 gant.
687 2755 754 2834 Ego
780 2754 897 2834 quidem
922 2773 1036 2814 meeum
1071 2753 1135 2832 ipse
1169 2773 1277 2815 causas
1311 2754 1454 2833 dispicio,
1490 2775 1541 2817 cur
1574 2764 1634 2817 tarn
1669 2757 1755 2818 multi
1788 2767 1908 2837 negent,

557 2848 649 2909 etiam
674 2844 723 2926 qui
746 2842 949 2922 perspicillmn
974 2849 1127 2903 tractant:
1163 2853 1194 2904 et
1217 2843 1243 2903 si
1266 2863 1434 2923 comparem
1464 2863 1518 2916 ea,
1553 2864 1628 2924 quae
1659 2846 1730 2906 mihi
1759 2845 1909 2908 interdum

555 2935 707 3006 eveniunt,
731 2932 818 2993 video
843 2951 899 2992 non
925 2950 991 2992 esse
1016 2931 1210 3010 impossibile,
1236 2940 1270 2992 ut
1293 2952 1367 2994 unus
1391 2933 1495 2992 rideat
1517 2934 1595 3012 quod
1615 2953 1672 2995 non
1696 2934 1802 2996 vident
1829 2935 1911 2996 mille

556 3024 618 3087 alii.
665 3020 718 3083 Sic
742 3021 843 3082 Varus
877 3021 927 3081 ilie
960 3039 998 3080 ex
1026 3019 1166 3100 Drepane
1199 3022 1356 3099 prospexit
1387 3022 1516 3083 classem
1550 3042 1566 3083 e
1596 3032 1683 3102 portu
1715 3022 1911 3103 Carthaginis

554 3113 721 3178 solventem
747 3110 971 3189 numeravitqne
995 3127 1106 3182 naves,
1140 3110 1219 3189 quod
1243 3129 1329 3170 nemo
1352 3117 1418 3170 tota
1444 3108 1550 3172 Sicilia
1572 3113 1680 3190 potuit.
1731 3112 1832 3193 Saepe
1857 3131 1912 3174 usu

556 3202 652 3276 venit,
678 3208 809 3278 atquae
833 3197 903 3259 mihi
926 3207 1052 3279 prosunt
1065 3198 1247 3277 perspicilla,
1274 3218 1310 3259 ea
1334 3218 1391 3259 non
1414 3200 1533 3279 prosint
1556 3201 1635 3274 aliis,
1659 3209 1691 3261 et
1715 3220 1791 3281 quae
1816 3202 1910 3263 ceteri

555 3292 690 3363 laudant,
717 3308 753 3349 ea
776 3306 831 3366 ego
856 3287 893 3347 de
916 3287 1032 3348 nebulis
1056 3305 1204 3349 accusem.
1251 3287 1321 3366 lpse
1345 3307 1420 3348 unus
1444 3297 1476 3349 et
1498 3289 1587 3363 idem,
1612 3309 1678 3351 cnm
1702 3289 1811 3368 incipio
1836 3309 1912 3351 con-

541 3379 706 3464 templari,
730 3395 804 3455 puro
829 3377 909 3436 fruor
929 3383 1063 3454 aspectu,
1087 3377 1136 3436 uhi
1154 3376 1335 3455 aliquantum
1352 3378 1500 3452 immoror,
1525 3379 1641 3439 colores
1661 3378 1744 3439 iridis
1764 3381 1910 3441 oriuntur.

553 3467 652 3548 Igitur
671 3466 730 3527 etsi
747 3484 863 3525 mecum
882 3465 1010 3524 nondum
1031 3464 1187 3543 quicquam
1209 3465 1321 3537 dubito,
1344 3466 1426 3525 dolet
1445 3474 1545 3527 tamen
1567 3486 1613 3527 me
1634 3476 1695 3527 tam
1715 3468 1765 3528 diu
1787 3468 1911 3530 destitui

555 3555 736 3621 testimoniis
761 3555 887 3615 aliorum
906 3555 943 3614 ad
960 3554 1047 3614 fidem
1067 3553 1175 3613 ceteris
1198 3554 1375 3614 faciendam.
1415 3556 1466 3622 Te,
1493 3554 1640 3630 Galilaea,
1667 3575 1739 3634 rogo
1759 3564 1795 3617 ut
1813 3566 1911 3618 testes

555 3644 673 3724 aliquos
696 3643 791 3723 primo
816 3661 932 3722 quoque
957 3651 1090 3719 tempore
1114 3644 1274 3718 producas
1321 3643 1368 3702 Ex
1402 3644 1498 3704 literis
1523 3645 1600 3705 enim
1626 3645 1684 3705 tuis
1709 3645 1747 3704 ad
1773 3646 1911 3707 diversos

554 3734 655 3808 didici,
680 3732 733 3793 tibi
759 3751 816 3792 non
840 3731 945 3792 deesse
970 3738 1084 3790 testes:
1110 3731 1164 3790 sed
1189 3731 1334 3791 neminem
1358 3742 1480 3809 praeter
1503 3742 1533 3792 te
1558 3735 1614 3793 hcc
1636 3735 1816 3795 referentem
1836 3753 1910 3813 pro-

556 3824 665 3886 ducere
688 3839 829 3901 possum,
854 3839 911 3899 quo
936 3821 1046 3879 famam
1072 3818 1219 3897 epistolae
1242 3839 1326 3880 meae
1351 3821 1519 3882 defendam.
1566 3823 1599 3882 In
1625 3830 1655 3882 te
1679 3839 1742 3881 uno·
1762 3824 1911 3885 recumbit

554 3919 622 3976 tota
644 3909 866 3971 observationis
890 3907 1065 3968 auctoritas.
1112 3907 1179 3968 bisi
1205 3910 1281 3969 forte
1305 3910 1406 3987 placet
1430 3910 1483 3970 tibi
1513 3910 1714 3970 testimonium
1742 3911 1780 3971 ab
1810 3912 1909 3982 hoste,

555 4001 634 4082 quod
656 3998 735 4062 inter
759 3996 948 4059 scribendum
968 3994 1081 4056 incidit.
1105 3997 1234 4057 Fatetur
1249 3997 1408 4069 (llorkius)
1424 4018 1456 4057 se
1473 4005 1523 4058 tuo
1543 3998 1741 4060 instrumento
1762 3996 1816 4063 24.
1833 4002 1909 4080 Apr.

553 4089 669 4151 vidisse
692 4085 713 4148 2
737 4086 876 4166 planetas
901 4085 982 4145 circa
1004 4083 1130 4153 Jovem,
1156 4082 1208 4146 25.
1233 4087 1308 4165 Apr.
1334 4095 1470 4164 quatuor.
1518 4087 1643 4166 Raptim
1665 4088 1793 4166 produxi
1817 4091 1908 4150 char-

555 4184 620 4238 tam
644 4183 727 4236 tuam
752 4176 792 4235 ad
814 4175 861 4235 ill.
886 4170 1045 4233 Oratorem
1069 4173 1289 4247 transmissam,
1315 4184 1346 4234 et
1369 4194 1438 4235 ecce
1463 4182 1495 4235 tu
1515 4194 1630 4255 quoque
1654 4177 1692 4235 ad
1717 4171 1770 4238 24.
1792 4177 1909 4257 Aprilis

556 4263 682 4328 exhibes
706 4264 790 4338 duos,
816 4262 906 4323 add.
932 4258 984 4322 25.
1010 4262 1084 4339 Apr.
1111 4270 1240 4340 quatuor
1263 4263 1413 4341 planetas.
1460 4264 1580 4324 Invenit
1607 4273 1708 4325 tamen
1731 4265 1794 4326 ista
1817 4285 1908 4348 syco-

554 4352 682 4434 phantia
705 4351 842 4413 naeniam
866 4349 1155 4428 impudentissimam
1179 4351 1215 4410 de
1238 4351 1458 4424 reflexionibus,
1485 4372 1543 4432 qua
1565 4354 1706 4431 populum
1730 4354 1908 4417 abduceret

531 4443 674 4522 'Vulgus
709 4440 787 4501 enim
819 4438 986 4518 opticarum
1018 4437 1167 4499 rationum
1199 4439 1369 4517 imperitum
1405 4458 1492 4501 aures
1532 4441 1661 4502 libenter
1698 4445 1910 4506 accommodat

554 4530 750 4596 obtrectatori
774 4547 812 4588 ex
835 4527 943 4607 opticis
963 4526 1110 4605 loquenti:
1135 4526 1205 4606 qnia
1224 4528 1302 4587 inter
1319 4546 1440 4588 coecum
1461 4538 1492 4589 et
1507 4529 1657 4590 videntem
1677 4532 1775 4592 nescit
1794 4533 1907 4595 distin-

552 4640 642 4701 guere
673 4618 842 4698 gaudetque
873 4614 1126 4695 qualibuscunque
1159 4615 1327 4693 imperitiae
1352 4636 1425 4676 snae
1449 4618 1585 4680 tribunis.
1633 4617 1717 4689 Quos
1748 4619 1775 4680 si
1795 4621 1908 4699 jubeas

552 4709 635 4772 odire
659 4708 821 4784 scriptores
845 4704 970 4783 optices,
996 4702 1025 4763 iu
1048 4722 1111 4764 rem
1133 4713 1324 4782 praesentem
1349 4706 1459 4779 venire,
1485 4707 1617 4767 libellum
1632 4707 1845 4771 stultissimum
1870 4728 1909 4772 ex

553 4797 676 4876 seipso
700 4794 857 4867 refellere,
890 4791 1071 4872 experieris,
1102 4793 1191 4853 malle
1215 4793 1271 4853 hoc
1296 4795 1417 4854 doctore
1442 4813 1562 4855 curvum
1587 4796 1686 4857 dicere
1709 4803 1842 4872 rectum,
1874 4805 1909 4861 ut

553 4873 694 4964 lascivire
719 4889 823 4945 contra
844 4879 1063 4962 philosophiam
1086 4880 1224 4959 possint,
1249 4900 1336 4960 quam
1360 4890 1394 4943 nt
1417 4882 1446 4942 id
1471 4883 1581 4944 laboris
1605 4884 1661 4944 sibi
1685 4892 1817 4949 sumant.
1863 4886 1907 4949 Et

551 4971 713 5055 imperabit
735 4972 792 5033 sibi
816 4971 921 5032 doctus
945 4969 1054 5049 aliquis
1078 4968 1166 5047 hujus
1190 4969 1334 5031 scientiae
1359 4989 1489 5050 gnarus,
1515 4980 1548 5033 ut
1571 4991 1716 5054 papyrum
1739 4975 1853 5053 perdat
1876 4973 1907 5036 in

552 5061 720 5148 refutandis
751 5060 799 5121 his
822 5058 931 5138 nugis?
977 5056 1196 5136 Osapientem
1218 5057 1438 5139 Pythagoram,
1464 5060 1513 5141 qui
1535 5062 1620 5123 nulla
1643 5080 1675 5123 re
1704 5060 1767 5122 alia
1788 5062 1909 5142 majes-

553 5156 651 5212 tatem
685 5147 892 5231 philosophiae
923 5145 1067 5224 contueri
1098 5146 1232 5222 censuit,
1267 5166 1356 5227 quam
1384 5148 1525 5211 silentio!
1580 5150 1668 5213 Nunc
1701 5150 1772 5230 quia
1799 5150 1908 5231 jecisti
