4584 6192
993 568 1075 634 caput
1092 568 1137 619 Vl.
1157 568 1184 619 8.
1702 561 1768 632 283

410 753 509 808 turam
530 746 637 808 Lunae
660 764 727 806 cum
750 744 838 819 Sole,
872 744 922 806 ubi
951 745 1044 806 etiam
1067 745 1163 806 sectio
1188 745 1291 806 Lunae
1319 752 1405 806 recta
1433 745 1514 807 linea
1536 763 1604 806 esse
1632 752 1767 823 putatur,

411 834 530 895 minime
552 852 625 895 vero
649 853 750 895 curva.
797 835 894 912 Igitur
917 834 1150 913 quotiescunque
1174 834 1291 895 Lunam
1315 834 1447 913 inspicis,
1472 853 1577 895 conum
1601 834 1676 895 facis
1700 854 1768 896 cnm

411 923 522 985 circulo
544 922 779 984 illuminationis.
816 924 910 984 Visus
934 942 962 983 u.
987 924 1021 983 lit
1044 922 1130 983 lineis
1153 924 1246 984 rectis
1267 923 1297 983 in
1321 941 1410 984 uuum
1432 929 1570 984 centrum
1591 922 1669 985 oculi
1692 941 1767 985 con·

410 1012 572 1073 liuentibus
595 1032 615 1073 a
636 1011 680 1073 rei
702 1012 787 1072 visae
810 1012 931 1095 punctis
955 1011 1101 1073 omnibus.

497 1100 571 1162 Jam
593 1118 665 1161 vero
689 1100 887 1173 dictumest,
921 1101 1024 1161 Lunae
1057 1099 1177 1179 globum
1206 1100 1299 1162 videri
1333 1100 1456 1179 planum
1486 1100 1600 1162 discum
1633 1121 1765 1182 perpen-

411 1189 573 1251 dicularem
597 1190 634 1263 ei,
660 1208 735 1268 quae
760 1208 797 1249 ex
820 1191 906 1250 oculo
929 1190 958 1250 in
981 1190 1085 1250 Lunae
1109 1198 1255 1250 centmm.
1294 1189 1420 1250 Planum
1444 1190 1536 1267 igitur
1558 1190 1772 1270 imaginarium¹

411 1298 464 1339 seu
492 1279 594 1358 potius
627 1278 799 1356 superlicies
827 1277 904 1339 oculi
937 1278 1022 1357 quasi
1052 1277 1145 1357 plana
1177 1288 1264 1338 secat
1296 1296 1402 1338 conum
1431 1279 1496 1357 jam
1528 1279 1651 1341 dictum.
1696 1279 1768 1341 Jam

411 1367 590 1447 Apollonius
619 1366 722 1427 definit
754 1366 872 1444 ellipsin
902 1367 978 1427 hanc
1002 1385 1088 1440 esse,
1123 1367 1241 1446 quaudo
1274 1385 1367 1428 conus
1390 1368 1481 1446 plano
1514 1378 1654 1442 secatur,
1690 1368 1768 1448 quod

411 1475 506 1536 neque
529 1455 706 1534 parallelum
729 1454 769 1515 sit
797 1456 862 1515 basi
891 1456 957 1516 coni
991 1474 1085 1534 neque
1119 1454 1326 1516 subcontrario
1358 1456 1509 1533 positum,
1542 1456 1585 1517 sic
1610 1465 1643 1518 ut
1672 1457 1767 1518 sectio

412 1545 572 1605 conveniat
593 1562 660 1605 cum
691 1562 865 1623 quacunque
888 1552 986 1617 recta,
1017 1563 1094 1623 quae
1118 1564 1137 1604 a
1159 1544 1272 1604 vertice
1296 1543 1362 1604 coni
1386 1543 1416 1603 iu
1440 1545 1596 1622 superlicio
1630 1546 1767 1620 ducitur;

410 1634 466 1693 boc
489 1641 540 1694 est
562 1641 596 1694 nt
618 1651 711 1693 conus
738 1642 821 1693 totus
853 1632 1054 1694 abbrevietur.
1101 1633 1167 1692 Hae
1196 1651 1299 1693 omnes
1332 1632 1518 1693 conditiones
1548 1632 1712 1711 implentur
1734 1633 1764 1694 in

411 1723 468 1782 bac
490 1729 598 1782 nostra
620 1721 764 1781 sectione,
810 1720 943 1781 Primuru
966 1721 1044 1781 enim
1068 1721 1137 1800 quia
1166 1721 1288 1799 planum
1320 1720 1528 1797 imaginarium
1552 1731 1600 1781 est
1632 1739 1764 1799 perpen-

411 1809 543 1871 diculare
567 1817 668 1870 rectae
692 1828 729 1870 ex
752 1810 838 1870 oculo
858 1810 886 1868 in
911 1819 1045 1871 centrum
1060 1810 1174 1883 Lunae,
1199 1828 1347 1889 nunquam
1373 1809 1431 1870 erit
1451 1810 1630 1887 parallelum
1654 1810 1766 1870 circulo

412 1898 638 1959 illuminationis
662 1897 718 1957 nisi
743 1898 771 1958 in
797 1898 1025 1959 accuratissima
1052 1899 1260 1978 conjunctione
1283 1899 1333 1960 vel
1361 1898 1549 1977 oppositione
1573 1899 1677 1958 Lunae
1701 1915 1766 1958 curn

412 1987 503 2049 Sole:
531 1986 650 2065 quando
674 1986 721 2046 hic
746 2005 837 2047 conns
861 1995 961 2047 rectus
976 1996 1033 2058 est,
1057 1987 1127 2065 qnia
1150 1988 1217 2047 axis
1241 2006 1294 2048 seu
1317 1995 1403 2047 recta
1422 2006 1458 2045 ex
1474 1987 1559 2048 oculo
1580 1987 1607 2046 in
1632 1995 1768 2047 centrum

411 2074 514 2136 cuculi
538 2074 741 2135 illuminatorii
766 2094 820 2136 seu
843 2075 925 2135 basis
949 2084 996 2135 est
1019 2075 1275 2155 perpendicularis
1294 2076 1368 2136 basi.
1404 2074 1446 2134 Et
1469 2084 1541 2135 tunc
1565 2094 1622 2134 non
1647 2074 1766 2135 videtur

411 2164 500 2225 Luna
532 2163 647 2224 laicata
678 2162 725 2222 vel
758 2164 893 2241 gibbosa.
939 2164 1054 2224 Deinde
1088 2182 1154 2223 curn
1183 2163 1270 2224 Luna
1294 2184 1313 2223 a
1335 2162 1407 2223 Sole
1430 2162 1613 2242 digreditur,
1638 2162 1766 2224 circulus

411 2251 640 2313 illuminationis
664 2251 825 2312 inclinatur
848 2252 886 2312 ad
910 2261 1024 2313 rectam
1048 2271 1100 2330 per
1124 2271 1211 2312 suum
1233 2260 1369 2312 centrum
1393 2260 1425 2311 et
1448 2250 1564 2312 oculum
1589 2269 1644 2313 ceu
1667 2269 1764 2326 uem,
1838 2300 1840 2303 ,

411 2350 443 2402 et
464 2349 537 2401 tnnc
559 2340 594 2400 tit
620 2359 713 2400 conus
741 2341 890 2402 scalenus.
937 2341 979 2401 Et
1002 2341 1027 2401 is
1051 2348 1172 2401 secatur
1199 2341 1291 2420 plano
1315 2340 1354 2400 ad
1385 2358 1471 2400 axem
1503 2339 1764 2419 perpendiculari:

411 2430 507 2490 sectio
530 2429 623 2508 igitur
645 2447 702 2489 nou
730 2436 833 2508 potest
860 2448 927 2489 esse
960 2428 1175 2491 subcontrario.
1225 2429 1327 2489 Tertio
1361 2428 1531 2490 dissecatur
1558 2428 1651 2489 etiam
1682 2436 1765 2490 totns

412 2537 514 2579 conus.
567 2518 601 2578 ld
634 2537 663 2578 n.
697 2535 815 2595 semper
846 2518 893 2591 lit,
926 2518 1044 2596 quando
1076 2518 1199 2596 planum
1233 2523 1280 2578 est
1313 2517 1352 2577 ad
1386 2536 1474 2578 axem
1505 2516 1764 2596 perpendiculare.

412 2606 551 2685 Impletis
574 2605 665 2684 igitur
688 2606 825 2667 omnibus
849 2606 1080 2675 conditionibus,
1103 2605 1269 2685 phantasia
1292 2605 1410 2666 termini
1435 2606 1510 2667 lucis
1533 2607 1563 2666 in
1578 2607 1666 2666 Luna
1689 2606 1765 2684 ejus,

412 2697 458 2774 qni
478 2714 498 2755 a
512 2693 586 2755 Sole
609 2694 674 2754 loco
697 2695 815 2755 videtur
839 2695 989 2767 ulteriore,
1015 2713 1119 2756 cavum
1134 2695 1240 2755 Lunae
1259 2695 1400 2769 falcatae,
1425 2696 1584 2773 gibbumve
1601 2693 1768 2775 ἀμφικνρτε

413 2783 627 2856 determinans,
652 2783 710 2843 erit
733 2783 886 2861 elliptica:
912 2785 989 2862 quod
1015 2793 1080 2844 erat
1104 2784 1377 2844 demonstrandum.

500 2870 601 2943 Quare
625 2871 650 2931 si
678 2879 762 2932 totus
793 2871 920 2933 circulus
953 2872 1180 2933 illuminationis
1204 2873 1285 2933 cerni
1317 2879 1436 2951 posset,
1470 2871 1625 2949 perfectae
1653 2870 1768 2951 ellipsis

412 2962 506 3041 ligura
528 2969 700 3039 appareret.
746 2961 792 3021 At
815 2960 885 3040 quia
915 2961 1039 3022 dimidia
1066 2979 1137 3039 pars
1167 2960 1215 3021 vel
1239 2978 1275 3020 ea
1303 2962 1374 3040 quid
1398 2960 1527 3039 amplius
1556 2969 1628 3039 post
1657 2978 1766 3039 corpus

413 3050 516 3110 Lunae
540 3049 626 3122 latet,
651 3046 795 3127 qnantum
814 3049 904 3128 igitur
922 3050 1051 3123 videtur,
1075 3050 1105 3109 id
1129 3068 1217 3110 arcus
1242 3050 1449 3110 tautummodo
1472 3058 1521 3109 est
1543 3049 1695 3129 ellipseos.
1731 3049 1767 3110 Id

414 3158 469 3199 non
492 3145 612 3200 tantum
634 3139 673 3198 ad
697 3138 844 3217 picturam
875 3139 1039 3199 schematis
1067 3140 1271 3199 necessarium
1296 3146 1345 3199 est
1367 3138 1461 3209 scitu,
1491 3139 1543 3199 sed
1574 3140 1665 3199 etiam
1690 3137 1770 3198 inira

413 3229 442 3288 in
472 3227 601 3307 quodam
629 3227 816 3305 problemate
845 3227 928 3287 utile.
976 3228 1087 3287 Posset
1109 3247 1146 3288 ex
1170 3227 1232 3299 IV,
1263 3222 1316 3289 56,
1342 3226 1519 3288 Vitellionis
1546 3226 1683 3306 probari,
1715 3225 1770 3288 sed

415 3314 631 3376 demonstratio
654 3333 712 3376 noo
737 3323 876 3394 praestat
893 3316 933 3388 id,
958 3316 1035 3395 qnod
1056 3317 1257 3395 pollicebatur
1279 3316 1455 3394 propositio,
1480 3315 1624 3377 circulum
1649 3314 1768 3395 oblique

415 3406 580 3485 inspectum
599 3403 694 3464 videri
713 3404 876 3465 sectionem
899 3405 1121 3478 columnarem3
1145 3406 1288 3484 quianon
1308 3406 1462 3484 quaelibet
1484 3404 1649 3466 columnari
1668 3403 1771 3465 vicina

416 3491 594 3555 columnaris
617 3502 674 3553 est.
721 3491 755 3553 Si
789 3494 844 3554 hoc
877 3494 1116 3554 demonstrasset
1140 3493 1281 3565 Vitellio,
1311 3494 1377 3573 jam
1400 3493 1531 3555 Serenus
1549 3489 1592 3566 ⁵²)
1622 3492 1768 3571 reliquum

418 3583 604 3661 supplesset,
637 3581 686 3659 qui
720 3582 852 3643 ostendit
881 3582 947 3643 coni
976 3591 1008 3642 et
1035 3584 1191 3644 columnae
1224 3582 1387 3642 sectionem
1419 3600 1487 3642 esse
1521 3583 1656 3642 eandem.
1704 3581 1769 3640 Hoc

416 3670 515 3750 itaque
538 3668 639 3730 differt
661 3669 797 3730 delectus
823 3670 953 3732 falcatae
967 3671 1071 3732 Lunae
1092 3692 1110 3731 a
1129 3672 1250 3732 defectu
1275 3669 1500 3743 obtenebratae,
1527 3672 1604 3749 quod
1629 3670 1679 3730 ille
1703 3677 1769 3729 ter-

418 3759 547 3820 minatur
570 3757 678 3836 ellipsi‚
703 3759 751 3819 hic
774 3759 908 3837 perfecto
933 3758 1052 3821 circulo.

502 3844 762 3916 Quemadmodum
785 3867 856 3908 vero
885 3848 980 3908 sectio
1009 3849 1140 3908 falcatae
1169 3847 1218 3906 vel
1248 3847 1393 3925 gibbosae
1418 3846 1523 3906 Lunae
1546 3852 1596 3906 est
1624 3845 1769 3923 elliptica.

419 3936 460 3998 sic
484 3933 660 3996 dimidiatae
685 3938 855 3997 necessario
880 3936 998 4015 quidem
1027 3946 1111 3997 recta
1144 3954 1289 4013 apparere
1320 3934 1432 3995 debuit.
1479 3934 1559 3994 Vide
1583 3934 1688 3993 Vitell.
1714 3932 1770 3995 IV.

419 4043 461 4103 pr.
486 4020 540 4086 76.
566 4031 598 4084 et
620 4024 716 4085 Arist.
746 4024 811 4086 loco
836 4025 927 4085 dicto.
974 4025 1104 4086 Videtur
1136 4033 1235 4084 autem
1265 4025 1290 4084 ei
1321 4024 1358 4083 ad
1390 4022 1599 4084 rectitudinem
1633 4022 1772 4101 exiguum

420 4114 529 4193 aliquid
561 4112 679 4173 deesse.
726 4115 815 4173 Anno
843 4110 935 4174 1602.
962 4110 1067 4190 11121.
1091 4112 1268 4173 Decembris
1297 4112 1415 4191 vesperi
1445 4112 1605 4189 diligenter
1635 4111 1772 4182 intuitus,

420 4202 518 4262 censui
548 4199 686 4279 superius
719 4220 809 4263 comu
843 4212 977 4276 acutum,
1016 4202 1142 4263 inferius
1182 4201 1314 4263 nonnihil
1347 4202 1503 4262 obtusum:
1536 4200 1566 4260 id
1600 4200 1773 4280 diligentius

418 4290 571 4369 explorare
596 4289 720 4351 cuilibet
742 4290 861 4352 obvium
884 4299 942 4351 est.

503 4377 584 4440 Illud
614 4377 707 4440 etiam
735 4379 999 4445 considerandum,
1029 4396 1067 4438 au
1091 4377 1180 4457 plane
1209 4376 1360 4438 bisecetur
1383 4377 1478 4439 Luna.
1526 4377 1658 4439 Primum
1683 4377 1771 4451 enim,

421 4468 475 4529 etsi
498 4466 627 4529 circulus
650 4466 775 4528 visionis
799 4468 926 4530 circulus
950 4478 1033 4529 esset
1057 4468 1223 4538 maximus,
1253 4476 1353 4527 tanmu
1378 4466 1506 4527 circulus
1537 4465 1772 4538 illuminationis,

420 4557 465 4636 qni
488 4555 654 4617 sectionem
687 4566 916 4634 repraesentat,
950 4556 1138 4618 transcendit
1169 4555 1298 4617 medium
1330 4554 1481 4615 circulum.
1529 4552 1629 4631 Supra
1651 4554 1725 4614 Nro.
1751 4550 1771 4614 3

421 4651 482 4720 (tig-
501 4649 550 4713 87)
574 4641 658 4705 CAB
682 4644 712 4704 in
743 4663 822 4705 nova
845 4647 931 4706 Luna
959 4646 1017 4707 tuit
1052 4640 1134 4707 180⁰
1156 4642 1210 4705 31‘
1234 4642 1309 4717 20⁰,
1342 4644 1370 4703 in
1401 4644 1491 4722 plena
1519 4639 1597 4704 180⁰
1620 4639 1673 4704 28‘
1701 4638 1773 4714 l2“,

421 4752 488 4813 ergo
511 4734 541 4793 in
566 4731 725 4793 dimidiata
748 4734 806 4794 erit
832 4730 913 4796 181)ο
927 4731 980 4798 29’
995 4730 1070 4795 46”.
1117 4734 1159 4793 Et
1183 4733 1311 4794 circulus
1336 4731 1561 4792 illuminationis
1584 4730 1773 4791 transcendit

421 4822 544 4883 medinm
567 4838 622 4901 per
647 4817 797 4884 14‘53⁴‘.
846 4822 937 4884 Sinus
960 4820 1026 4885 433
1059 4829 1108 4881 est
1140 4823 1177 4881 de
1210 4818 1339 4884 100000
1368 4828 1435 4881 toto
1468 4821 1535 4881 sinn
1567 4819 1775 4881 ducentesima

421 4910 648 4990 quadragesima
669 4928 751 4989 pars.
790 4909 918 4972 Starent
941 4912 1042 4991 itaque
1066 4928 1105 4970 ex
1128 4910 1225 4971 altera
1248 4918 1335 4988 parte
1360 4909 1459 4970 lucida
1482 4905 1557 4977 241,
1580 4908 1620 4968 ab
1643 4908 1774 4969 evanida

422 5004 450 5057 et
470 4999 633 5061 tenebrosa
655 5009 743 5077 parte
766 4996 841 5063 239.

504 5087 576 5148 Jam
598 5104 671 5149 vero
694 5105 789 5167 neque
813 5087 941 5150 circulus
964 5087 1089 5148 visionis
1114 5094 1227 5165 aequat
1248 5085 1390 5146 circulum
1412 5084 1584 5161 maximnm,
1608 5092 1641 5146 et
1664 5085 1693 5145 in
1716 5085 1773 5147 lroc
