4584 6192
955 584 1037 663 cepas
1054 589 1085 648 i·
1111 592 1135 649 ³-
1660 574 1724 662 lll

368 772 448 840 acies
472 770 504 837 in
537 789 646 848 uunrn,
679 791 785 853 nempe
809 771 838 834 in
871 781 941 834 ante
973 773 1192 852 investigatum
1224 774 1322 836 locnrn
1355 775 1513 854 imaginis,
1548 774 1726 857 qualitatis

368 883 452 946 prop.
479 862 509 926 i.
534 864 623 943 liujus
648 863 818 941 descriptus
843 872 904 935 est,
930 863 1072 942 apposita
1095 862 1124 923 in
1148 864 1314 943 propinquo
1337 882 1370 924 re
1394 864 1524 943 insigni:
1554 872 1625 926 tnnc
1648 864 1727 926 oculi

369 956 405 1017 ad
428 971 492 1015 rem
516 952 596 1013 hanc
618 961 762 1013 coeuntes
790 950 935 1011 videbunt
963 960 994 1011 et
1022 952 1183 1032 imaginem
1214 952 1392 1031 imperatam
1424 952 1609 1015 secundarie.
1655 953 1728 1014 Alia

368 1044 458 1106 etiam
490 1042 591 1121 magis
630 1040 758 1102 subdola
794 1038 895 1100 cantio
928 1058 981 1119 per
1011 1036 1042 1102 l.
1080 1041 1277 1119 praemissam
1312 1041 1448 1103 adhiberi
1487 1050 1609 1121 potest,
1644 1041 1727 1120 cujus

367 1130 604 1213 experimentum
632 1130 693 1190 vidi
716 1128 854 1190 Dresdae
884 1128 912 1187 in
942 1129 1064 1190 theatro
1093 1129 1241 1191 artificiali
1270 1129 1430 1191 Electoris.
1478 1129 1540 1192 Sed
1569 1131 1647 1211 qnod
1672 1148 1728 1210 ego

369 1218 674 1283 demonstrationibus
697 1217 829 1279 imbutus
852 1215 955 1277 videre
979 1236 1026 1277 me
1050 1218 1254 1292 affirmabam,
1287 1219 1381 1279 ceteri
1409 1219 1573 1298 negabant.
1621 1220 1728 1299 Itaque

368 1328 422 1371 non
446 1306 576 1370 consilio
600 1307 743 1380 custodis,
769 1305 823 1365 sed
847 1306 932 1366 casui
954 1306 1063 1367 tribuo.
1111 1306 1221 1369 Discus
1246 1307 1274 1367 in
1303 1308 1401 1370 medio
1432 1309 1564 1370 crassior
1586 1327 1640 1369 seu
1665 1309 1729 1368 lens

369 1395 544 1482 meudina
567 1396 652 1475 pedis
677 1395 825 1456 diametro
849 1394 953 1455 stabat
975 1394 1005 1454 in
1025 1394 1164 1474 ingressu
1188 1415 1324 1457 camerae
1349 1397 1470 1457 clausae
1495 1405 1600 1457 contra
1624 1397 1728 1457 fenes-

368 1489 489 1557 tellam,
524 1502 601 1565 qnae
624 1483 712 1545 nuica
739 1482 882 1563 patebat,
908 1483 1111 1544 declinantem
1141 1502 1246 1563 parum
1271 1485 1309 1545 ad
1337 1486 1485 1547 dextram.
1532 1485 1611 1546 Dum
1636 1485 1728 1563 igitur

369 1576 518 1638 oculorum
552 1574 634 1633 acies
666 1573 857 1634 tenebrosam
892 1571 1095 1655 capacitatem
1130 1582 1306 1653 pererrant,
1345 1574 1469 1636 fortuito
1504 1582 1535 1635 et
1568 1573 1597 1633 in
1631 1572 1729 1634 locnm

368 1663 508 1744 imaginis
541 1661 695 1735 incidunt,
729 1659 899 1741 propiorem
933 1659 1052 1739 quidem
1087 1681 1176 1741 quani
1211 1670 1277 1723 erat
1305 1663 1380 1725 lens.
1428 1660 1505 1725 Cum
1538 1663 1639 1742 itaque
1663 1662 1728 1721 leus

373 1752 503 1832 maligne
527 1750 746 1825 illustraretur,
778 1749 880 1809 oculos
904 1767 961 1808 non
992 1750 1151 1810 admodum
1176 1750 1339 1813 alliciebat.
1388 1748 1451 1813 Sed
1474 1769 1568 1831 neque
1595 1749 1729 1830 parietes

375 1851 458 1905 mans
482 1839 596 1902 lentem
620 1839 779 1899 admodum
803 1845 892 1898 erant
915 1838 1087 1917 conspicui3
1112 1840 1183 1919 quia
1205 1840 1233 1899 in
1258 1839 1360 1901 multis
1383 1839 1526 1902 tenebris.
1566 1839 1612 1900 At
1626 1839 1727 1899 fenes-

372 1930 445 1992 tella
465 1936 497 1991 et
521 1927 756 1989 circumstantes
779 1945 837 1999 res,
862 1944 937 2005 quae
958 1926 1053 1987 multa
1073 1929 1137 1988 luce
1165 1929 1349 2004 fruebantur,
1372 1937 1444 2008 post
1462 1929 1574 1990 lentem
1598 1927 1730 1988 latentes

370 2018 482 2081 claram
505 2015 664 2077 sistebant
687 2014 716 2075 in
742 2021 810 2075 aere
836 2017 897 2085 (me
922 2016 1001 2076 inter
1020 2024 1051 2075 et
1074 2016 1201 2089 lentem)
1226 2019 1270 2077 sui
1296 2016 1465 2096 imaginem.
1503 2017 1604 2079 Primo
1628 2016 1730 2095 itaque

370 2106 447 2169 nictu
473 2105 634 2167 cernebam
654 2104 767 2164 aeriam
781 2103 859 2163 hanc
883 2102 1052 2182 imaginem,
1079 2114 1112 2166 at
1128 2106 1268 2184 repetitis
1288 2106 1442 2168 obtutibus
1462 2104 1609 2186 paulatim
1633 2102 1730 2165 minus

371 2204 460 2277 atque
484 2193 594 2255 minus.
641 2192 774 2253 Possunt
804 2191 980 2271 amplificari
1004 2192 1074 2253 ludi.
1122 2194 1188 2255 Nos
1212 2195 1260 2256 hic
1291 2194 1479 2256 evidentiora
1507 2202 1539 2256 et
1564 2192 1731 2273 promtiore

370 2300 583 2365 proponemus,
608 2280 647 2341 ad
670 2280 842 2341 institutum
867 2280 985 2341 scilicet
1009 2279 1227 2346 accommoda.

456 2369 680 2449 Propositio
696 2369 752 2431 VI.
792 2369 989 2447 Imagines
1010 2390 1123 2433 rerum
1144 2390 1208 2451 per
1227 2372 1376 2451 globum
1400 2388 1550 2451 aqueum
1568 2370 1729 2432 visarum

371 2480 436 2523 uno
460 2459 585 2534 oculo,
610 2456 919 2536 haerentinipsa
942 2460 1150 2539 superficie
1174 2462 1349 2540 propiore
1373 2458 1480 2539 aquei
1507 2456 1618 2538 globi.
1652 2454 1729 2519 Cum

370 2552 424 2612 boc
446 2548 487 2610 ab
511 2546 698 2627 experientia
722 2545 926 2619 confirmetur,
951 2547 1108 2625 plurimum
1137 2549 1294 2612 confirmat
1316 2549 1404 2610 fidem
1427 2566 1512 2609 meae
1537 2547 1729 2607 demonstra-

371 2638 460 2702 tionis
485 2636 524 2697 de
554 2636 620 2697 loco
653 2633 794 2713 imaginis
825 2653 916 2714 snpra
939 2651 1005 2716 cap.
1031 2638 1089 2697 111.
1114 2638 1297 2718 propositae.
1344 2638 1422 2699 Nam
1456 2636 1631 2697 destituitur
1653 2634 1730 2696 visio

371 2726 518 2790 mcietate
548 2724 715 2798 oculorum,
750 2722 846 2785 altero
876 2722 972 2784 solum
1001 2726 1146 2788 adhibito.
1195 2724 1298 2797 Quare
1331 2728 1413 2788 locus
1438 2724 1467 2786 in
1491 2723 1731 2804 perpendiculari

371 2816 456 2897 plane
481 2812 542 2875 erit
565 2812 603 2873 ab
634 2812 690 2874 bac
722 2811 869 2872 societate
899 2813 1061 2875 oculorum.
1108 2815 1166 2876 Hic
1196 2815 1382 2895 propositum
1410 2833 1447 2874 ex
1471 2813 1501 2877 5.
1527 2823 1559 2875 et
1582 2810 1613 2875 3.
1637 2831 1730 2891 prae-

372 2905 471 2967 missis
495 2902 613 2963 evinco.
660 2899 735 2963 Cnm
767 2900 845 2962 enim
879 2902 996 2965 oculum
1025 2903 1103 2965 inter
1132 2912 1164 2965 et
1194 2905 1314 2983 globum
1346 2903 1446 2964 nullus
1476 2911 1614 2964 occurrat
1647 2903 1729 2961 locus

375 2992 496 3074 imagini
520 2999 628 3069 aptus,
662 2990 774 3069 primus
799 2988 906 3069 globus
930 3000 997 3065 est,
1029 2992 1077 3072 qui
1102 2994 1167 3053 luce
1192 3013 1246 3054 sua
1269 2993 1385 3054 oculum
1410 2991 1540 3062 retinet,
1569 2991 1635 3052 luce
1658 3006 1729 3050 vero

375 3082 478 3144 eadem
502 3098 561 3160 qna
583 3087 614 3140 et
631 3078 732 3158 imago
757 3084 887 3141 constat.
926 3076 1028 3148 Quare
1052 3099 1106 3161 per
1121 3077 1152 3143 3.
1177 3082 1376 3160 praemissam
1395 3086 1426 3141 et
1448 3080 1555 3160 globus
1576 3086 1607 3140 et
1630 3077 1730 3156 imago

376 3172 480 3233 eodem
503 3166 626 3230 ridendi
651 3174 720 3228 actu
745 3166 970 3247 spectabuntur.

460 3256 675 3337 Propositio
699 3256 770 3319 vu.
818 3256 1004 3334 Imagines
1031 3276 1154 3319 rerum
1182 3277 1245 3338 per
1273 3257 1416 3338 globum
1448 3275 1601 3337 aqueum
1630 3254 1730 3315 visa-

377 3367 445 3410 rum
465 3353 623 3426 ntroqne
642 3344 746 3406 oculo
766 3344 943 3405 confusae
964 3360 998 3407 ec
1018 3346 1231 3425 geminatae
1252 3355 1450 3427 apparent,
1475 3344 1730 3425 utplurimum.

377 3438 438 3499 Hoc
461 3432 650 3515 experientia
678 3432 883 3495 confirmatum
916 3454 1065 3514 nunquam
1087 3436 1190 3512 tieret,
1223 3435 1249 3496 si
1274 3435 1384 3496 Portae
1414 3434 1621 3515 experimenta
1644 3433 1731 3493 modo

378 3527 509 3607 allegata
533 3522 597 3584 sine
622 3520 755 3585 ulteriori
785 3522 906 3582 cautela
938 3523 1156 3599 consisterent,
1190 3531 1244 3586 ant
1266 3523 1344 3586 citra
1371 3543 1487 3585 omnem
1520 3522 1732 3585 limitationem

379 3634 447 3676 sera
469 3619 554 3674 esset
575 3610 616 3683 X,
641 3608 696 3673 47.
725 3609 909 3673 Vitellionis.
955 3612 1054 3674 Probo
1084 3614 1127 3674 sic
1157 3613 1353 3692 propositum.
1400 3613 1480 3675 Nam
1508 3630 1562 3691 per
1586 3609 1615 3673 5.
1648 3610 1731 3670 locus

379 3702 514 3782 imaginis
537 3699 670 3761 usitatus
693 3718 747 3779 pro
772 3709 897 3778 utroque
922 3702 1006 3763 oculo
1036 3700 1205 3763 adhibendo
1233 3702 1424 3781 utplurimum
1448 3702 1568 3781 ineptus
1593 3698 1730 3760 efficitur.

379 3790 453 3873 Ergo
476 3808 532 3871 per
555 3784 586 3851 6.
612 3789 735 3850 cuilibet
758 3788 843 3849 oculo
868 3786 967 3870 imago
991 3790 1115 3853 haerere
1138 3790 1258 3852 videtur
1281 3790 1310 3851 in
1335 3788 1490 3869 superficie
1514 3788 1604 3867 globi.
1644 3784 1731 3858 Quod

380 3880 403 3942 si
423 3878 598 3963 superficies
630 3876 711 3956 globi
734 3885 818 3937 esset
845 3876 928 3939 locus
960 3878 1100 3959 imaginis
1132 3880 1263 3941 usitatus
1286 3897 1340 3958 pro
1370 3887 1496 3958 utroque
1520 3878 1605 3939 oculo
1631 3875 1733 3948 (utin

380 3967 525 4031 nonnullis
549 3965 656 4027 mediis
680 3964 743 4027 tieri
766 3963 910 4044 possibile
935 3970 1012 4042 est),
1037 3978 1109 4030 tunc
1132 3977 1258 4047 utroque
1288 3968 1373 4028 oculo
1397 3986 1457 4027 una
1481 3972 1513 4028 et
1535 3965 1641 4027 eadem
1664 3981 1732 4026 cer·

381 4066 496 4121 neretur
519 4056 627 4134 imago.
673 4054 768 4134 Atqui
791 4053 840 4114 hic
867 4056 988 4136 ponitur
1016 4057 1098 4118 locus
1122 4057 1197 4132 iste,
1222 4057 1251 4118 in
1278 4074 1334 4137 qno
1363 4066 1489 4135 utroque
1518 4054 1604 4117 oculo
1628 4053 1735 4114 eadem

381 4147 474 4228 imago
508 4144 658 4217 cernitur,
692 4141 814 4223 propior
845 4145 924 4206 visni
957 4165 1046 4227 quam
1078 4147 1205 4226 globns3
1243 4163 1368 4207 necesse
1402 4153 1450 4206 est
1482 4162 1553 4221 ergo
1590 4140 1736 4222 geminari

380 4235 535 4315 imaginem
560 4240 592 4293 et
620 4230 761 4293 confundi
791 4229 902 4308 visum,
936 4244 1098 4315 propterea
1126 4233 1195 4314 qnia
1228 4234 1333 4295 eodem
1365 4232 1474 4296 intuitu
1504 4233 1583 4295 idem
1617 4232 1736 4312 quidem
1854 4306 1861 4319 Ι

383 4324 484 4386 ritrnm
509 4322 623 4383 directe
648 4320 759 4395 cernit,
786 4326 819 4381 at
842 4322 930 4383 simul
960 4324 1065 4385 eadem
1089 4324 1156 4385 luce
1180 4343 1239 4404 qna
1267 4322 1378 4384 vitrum
1403 4322 1499 4384 cernit
1521 4329 1553 4383 et
1575 4321 1736 4401 imaginem

382 4413 471 4475 altero
495 4409 583 4473 oculo
606 4409 733 4483 directe,
757 4409 854 4470 altero
879 4410 1038 4474 indirecte.
1085 4412 1120 4473 In
1145 4411 1299 4473 schemate
1324 4406 1381 4487 76,
1406 4429 1473 4472 oum
1496 4410 1525 4471 D
1548 4410 1633 4472 locus
1657 4408 1734 4470 ima·

382 4500 452 4580 ginis
475 4499 581 4581 puncti
603 4497 632 4558 A
657 4516 725 4559 esse
754 4497 904 4575 debuerit,
934 4508 1061 4582 ntroqne
1089 4502 1175 4563 oculo
1199 4501 1240 4576 B,
1266 4498 1290 4561 C
1315 4506 1488 4580 spectante,
1518 4517 1613 4579 neque
1636 4494 1738 4578 possit

382 4590 425 4671 igi
446 4590 532 4652 visus
556 4588 586 4649 in
601 4586 640 4660 D,
666 4585 736 4666 quia
756 4586 811 4647 ΡΗ
835 4606 884 4649 res
909 4597 957 4650 est
980 4590 1168 4652 evidentior:
1193 4588 1306 4651 accidit
1330 4589 1429 4669 igitur,
1454 4595 1487 4650 nt
1511 4587 1577 4648 visu
1599 4584 1630 4647 in
1654 4585 1735 4646 alte·

383 4697 440 4741 rum
470 4674 665 4741 refractionis
696 4682 839 4754 pnnctnm
863 4678 889 4738 F
917 4679 1081 4754 translato,
1115 4678 1203 4741 lineis
1227 4675 1294 4751 CF,
1317 4678 1371 4739 BF
1398 4676 1538 4739 videatur
1570 4672 1738 4755 quidemn

383 4775 518 4845 punctum
543 4764 687 4845 legitime,
712 4764 767 4824 sed
791 4764 906 4828 duabus
931 4768 1061 4843 lucibus,
1086 4768 1185 4829 altera
1208 4786 1245 4829 ex
1268 4767 1313 4840 A,
1338 4765 1425 4827 lineis
1450 4764 1518 4841 ΑΕ,
1542 4764 1603 4837 EF,
1628 4760 1681 4824 FO
1705 4760 1736 4821 in

385 4853 561 4930 (loculum,
596 4854 695 4915 altera
727 4852 814 4914 lineis
842 4854 914 4931 LK,
939 4856 1008 4931 ΚΡ,
1033 4857 1084 4918 FB
1115 4857 1144 4918 in
1169 4857 1195 4918 B
1224 4855 1343 4917 oculum
1374 4853 1524 4917 veniente.
1571 4852 1738 4930 Propterea

386 4945 471 5021 usna,
504 4944 643 5006 insuetus
666 4942 742 5003 duas
766 4942 905 5006 diversas
929 4964 978 5007 res
1002 4947 1052 5022 A,
1066 4937 1100 5007 L*
1117 4946 1232 5008 directe
1261 4945 1330 5024 (per
1358 4942 1585 5015 refractionem)
1618 4936 1738 5014 intueri,

386 5032 492 5097 directo
517 5040 647 5112 utroque
671 5030 756 5092 oculo
780 5031 810 5092 in
838 5042 982 5112 puuctum
1005 5035 1043 5103 F,
1068 5035 1252 5097 certificatur
1275 5031 1392 5113 quidem
1417 5030 1453 5091 de
1477 5031 1519 5105 F,
1549 5026 1740 5092 confunditur

385 5140 450 5184 vero
473 5124 554 5185 cirea
577 5120 617 5195 A,
642 5120 670 5181 L
698 5119 856 5200 imagines.
902 5123 982 5185 Nam
1011 5132 1151 5185 manente
1181 5122 1225 5184 sic
1253 5121 1320 5182 visu
1347 5128 1379 5182 et
1407 5117 1522 5181 directo
1550 5119 1636 5181 oculo
1658 5115 1685 5179 B
1709 5114 1738 5177 in

457 5224 677 5278 manoperam
1492 5221 1526 5273 lt
