4584 6192
1038 594 1176 666 284
2035 601 2383 652 Astronomiae
2419 599 2543 652 Pars
2580 598 2777 665 Optica.

1127 775 1236 841 ΗΒ·
1278 772 1360 824 ⁹¹·
1527 776 1834 854 proportio
1880 777 1949 838 fit
1993 777 2186 855 maj0r
2231 777 2425 854 partis
2476 776 2708 838 lucidae
2755 778 2834 838 ad
2882 776 3285 840 tenebrosam.
3362 776 3462 840 Sit
3505 776 3769 840 circulus

1521 865 1732 926 Lunae
1779 866 2077 927 maximus
2125 862 2385 939 FAGE,
2446 865 2701 926 circulus
2758 864 3214 927 illuminationis
3259 863 3377 927 FG
3430 865 3605 945 eique
3654 866 3768 929 ΔΕ

1522 953 1599 1014 ad
1646 961 1846 1015 rectos
1892 972 2003 1032 per
2049 962 2354 1027 centrum,
2427 963 2494 1013 ut
2539 954 2622 1014 sit
2668 954 2976 1033 proportio
3035 954 3415 1016 latitudinum
3470 955 3769 1017 obscurae

1052 1053 1081 1090 Δ
1427 1052 1460 1089 ¹
1523 1050 1587 1104 et
1634 1043 1863 1104 lucidae
1911 1044 2133 1120 partie,
2196 1062 2346 1122 quae
2395 1040 2509 1103 AC
2560 1043 2638 1103 ad
2689 1040 2816 1105 ΟΕ.
2911 1041 3012 1104 Sit
3061 1042 3190 1121 jam
3235 1043 3444 1104 BIDH
3505 1044 3769 1107 circulus

1518 1131 1774 1193 visionis
1821 1132 2010 1192 minor
2058 1151 2132 1190 ex
2188 1132 2397 1191 eodem
2454 1138 2697 1203 centro,
2758 1138 2827 1192 ut
2871 1149 3013 1209 pars
3070 1148 3368 1211 apparens
3428 1132 3630 1194 lucida
3686 1134 3770 1195 sit

1239 1250 1278 1288 a
1520 1218 1757 1293 ICHD‚
1829 1220 2082 1281 obscura
2145 1217 2367 1282 ICHB.
2461 1218 2613 1281 Cum
2682 1238 2824 1297 ergo
2890 1221 2963 1280 de
3027 1222 3409 1299 proportione
3458 1220 3610 1303 AC,
3658 1219 3768 1284 ΟΕ

1529 1309 1807 1386 aequalia
1850 1309 1986 1381 AB,
2035 1308 2146 1369 DE
2192 1309 2317 1369 sint
2363 1309 2587 1381 ablata,
2639 1309 3009 1369 residuorum
3055 1310 3239 1387 igitur
3275 1308 3405 1382 ΒΟ,
3457 1307 3569 1372 ΟῙ)
3617 1329 3766 1388 pro-

1038 1394 1236 1473 portio
1286 1395 1481 1474 major
1529 1397 1664 1456 erit.

1215 1483 1383 1544 Haec
1447 1485 1679 1564 quidem
1736 1484 1813 1545 ad
1880 1485 2140 1562 speciem
2207 1492 2421 1545 contra
2484 1484 2875 1545 bisoctionem
2933 1484 3050 1545 dici
3112 1493 3385 1563 possunt.
3480 1488 3574 1548 At
3627 1506 3767 1549 cum

1037 1569 1295 1631 latitudo
1343 1572 1457 1633 AB
1503 1580 1782 1652 respectu
1827 1570 1935 1634 ΒΟ
1985 1573 2162 1650 plane
2218 1572 2302 1634 sit
2365 1572 2765 1640 insensibilis,
2834 1580 2902 1633 ut
2954 1590 3140 1651 supra
3199 1572 3463 1636 dictum:
3536 1575 3657 1637 erit
3702 1582 3770 1637 et

1035 1660 1345 1738 proportio
1394 1660 1824 1723 insensibiliter
1870 1662 2013 1723 alia.
2090 1660 2214 1722 Sed
2263 1679 2372 1722 nec
2420 1662 2726 1740 proportio
2766 1657 2895 1724 239
2944 1662 3020 1722 ad
3060 1658 3182 1723 241
3239 1681 3421 1724 sensu
3469 1663 3767 1743 distingui

1035 1754 1241 1827 potest
1287 1770 1325 1809 a
1369 1751 1754 1828 proportione
1817 1750 2226 1828 aequalitatis.
2319 1750 2539 1812 Altera
2586 1751 2741 1811 enim
2799 1750 3056 1811 alteram
3110 1748 3235 1812 15¹‘
3282 1751 3523 1813 circiter
3568 1771 3760 1814 exce-

1035 1835 1227 1898 deret.
1323 1835 1526 1908 Quare
1591 1846 1724 1899 tuto
1791 1839 2089 1900 contemni
2153 1845 2377 1916 potest.
2483 1841 2688 1919 Atque
2752 1838 2864 1899 hoc
2930 1857 3160 1920 quoque
3229 1839 3387 1900 infra
3452 1842 3763 1920 expediet,

1034 1923 1148 1986 hac
1193 1943 1303 1986 nos
1350 1927 1690 2005 suspicione
1740 1926 2033 1988 liberatos
2081 1946 2235 1988 esse.

1214 2011 1739 2091 supervacaneum
1788 2023 1885 2075 est
1929 2015 2025 2076 hic
2075 2014 2470 2095 agricolarum
2519 2015 2763 2094 regulas
2810 2023 3101 2093 repetere,
3154 2016 3447 2093 quomodo
3497 2035 3573 2077 ex
3619 2035 3763 2079 cor-

1034 2118 1214 2163 nuum
1260 2102 1638 2177 habitudine,
1699 2122 1850 2184 quae
1898 2122 2134 2184 semper
2180 2124 2219 2163 a
2265 2101 2409 2164 Sole
2458 2111 2600 2163 sunt
2645 2122 2862 2164 aversa
2908 2096 2984 2162 e'x
3052 2103 3512 2178 demonstratis,
3580 2105 3765 2168 Lana

1037 2207 1359 2253 senescens
1407 2211 1445 2252 a
1491 2201 1780 2254 nascente
1828 2192 2272 2272 distinguatur:
2327 2210 2443 2270 qua
2471 2191 2545 2252 de
2583 2211 2646 2252 re
2677 2191 2858 2253 Plinii
2898 2192 3062 2253 locus
3092 2210 3169 2252 ex
3207 2191 3307 2253 lib.
3345 2188 3443 2254 18.
3482 2212 3619 2273 cap.
3654 2191 3762 2258 32.

1034 2276 1197 2340 solet
1240 2280 1516 2358 allegari.

1208 2368 1339 2430 Nec
1388 2370 1533 2431 illud
1583 2378 1964 2431 astronomos
2012 2367 2240 2429 moneri
2298 2367 2550 2428 multum
2605 2368 2823 2442 refert,
2891 2366 3185 2446 quomodo
3235 2385 3312 2428 ex
3368 2366 3765 2434 inclinatione

1034 2472 1318 2520 cornuum
1372 2457 1684 2519 zodiacum
1743 2456 1858 2519 sibi
1912 2457 2230 2535 imaginari
2295 2455 2580 2518 crassiori
2625 2456 2905 2518 Minerva
2967 2455 3247 2534 possint:
3316 2463 3381 2517 et
3442 2459 3765 2535 quomodo,

1037 2544 1315 2607 cornibus
1362 2546 1420 2606 in
1470 2545 1893 2626 perpendiculo
1941 2544 2262 2618 stantibuS,
2315 2544 2390 2603 de
2424 2546 2814 2623 nonagesimo
2864 2544 3058 2622 gradu
3104 2543 3424 2622 eclipticae
3469 2546 3767 2610 certiores

1031 2633 1377 2696 reddantur.
1420 2635 1728 2713 ·Denique
1777 2634 1864 2694 uti
1911 2634 2071 2695 linea
2097 2649 2205 2711 per
2251 2651 2475 2693 cornua
2518 2633 2816 2711 producta
2864 2633 3055 2694 visum
3096 2633 3155 2694 in
3194 2632 3399 2711 polum
3444 2633 3765 2714 eclipticas

1031 2719 1296 2784 inducat.
1391 2723 1562 2785 Haec
1611 2722 1769 2784 enim
1815 2722 2045 2801 passim
2092 2730 2234 2782 sunt
2279 2719 2478 2781 obvia.

1930 2858 1992 2926 9.
2084 2859 2190 2922 De
2239 2862 2489 2922 Lunae
2537 2819 2867 2923 maculis.

1203 2986 1342 3049 Etsi
1389 2986 1654 3068 physicis
1699 2987 1812 3048 hoc
1861 2986 2286 3067 disputandum
2334 2985 2704 3066 relinquitur,
2756 2985 2900 3065 quid
2951 2987 3078 3047 sint
3121 2986 3181 3048 in
3227 2986 3405 3048 Luna
3450 2988 3762 3050 maculae:

1028 3093 1162 3138 cnm
1191 3082 1392 3137 tamen
1433 3076 1590 3137 istae
1637 3076 1961 3153 plenilunio
2007 3076 2390 3155 potissimum
2427 3075 2703 3147 emicent,
2756 3074 3011 3136 accedat
3044 3084 3107 3135 et
3138 3075 3290 3137 haec
3338 3075 3755 3139 consideratio

1029 3164 1111 3226 ad
1152 3182 1478 3227 numerum.
1554 3164 1640 3226 Et
1684 3165 1968 3246 physicus
2008 3163 2244 3244 quidem
2285 3164 2401 3225 etsi
2451 3163 2864 3243 quaestionem
2901 3164 3082 3242 plane
3131 3162 3489 3243 expedierit,
3540 3183 3758 3244 parum

1027 3270 1105 3315 ea
1146 3254 1438 3333 profuerit
1498 3260 1841 3315 astronomo
1908 3257 2009 3326 (ut
2068 3252 2222 3315 forte
2291 3273 2368 3314 ex
2429 3252 2548 3313 situ
2615 3252 2982 3314 macularum
3051 3253 3263 3314 eadem
3330 3252 3533 3314 discat
3577 3254 3759 3316 Luna

1028 3341 1228 3421 plena,
1278 3362 1429 3422 quae
1477 3361 1553 3403 ex
1598 3342 1984 3403 inclinatione
2041 3361 2327 3405 cornuum
2374 3343 2551 3404 Luna
2611 3341 2876 3402 falcata:
2934 3360 3070 3410 cum
3126 3341 3381 3404 circulus
3441 3341 3756 3405 illumina-

1030 3430 1213 3492 tionis
1259 3431 1629 3509 superficiem
1679 3430 1979 3492 transiens
2010 3432 2239 3506 Lunae,
2290 3450 2407 3492 non
2448 3436 2674 3491 rectam
2714 3437 2883 3491 secet
2910 3428 2967 3491 in
3008 3430 3284 3491 dextram
3321 3436 3387 3490 et
3424 3429 3760 3507 sinistram,

1027 3537 1138 3579 nec
1184 3518 1243 3579 in
1294 3518 1659 3598 superiorem
1706 3529 1770 3580 et
1815 3518 2153 3581 inferiorem
2198 3528 2455 3599 partem,
2504 3519 2612 3579 sed
2662 3518 3052 3581 transversim
3099 3540 3138 3580 a
3184 3519 3396 3579 dextro
3444 3520 3625 3581 oculo
3676 3520 3757 3582 ad

1027 3606 1334 3669 sinistrum
1365 3608 1486 3669 oris
1524 3608 1859 3687 angulum),
1891 3615 2268 3670 astronomus
2309 3627 2451 3670 vero
2489 3607 2739 3689 physico
2770 3607 2963 3668 multa
2999 3606 3351 3687 suppeditat
3391 3607 3753 3671 enodandae

1027 3696 1397 3775 quaestionis
1462 3706 1831 3775 argumenta.
1935 3695 2228 3766 Quamvis
2291 3698 2404 3759 hoc
2470 3703 2885 3775 argumentum
2949 3697 3126 3775 pleno
3192 3695 3343 3757 libro
3410 3696 3759 3775 disputavit

1024 3784 1420 3860 PlutarchuS,
1491 3787 1564 3846 de
1627 3786 1780 3847 facie
1828 3786 2038 3847 Lunae
2087 3787 2263 3848 titulo
2315 3785 2496 3846 facto.
2590 3786 2659 3846 In
2708 3803 2779 3845 eo
2843 3785 3040 3863 prima
3100 3785 3299 3863 opinio
3368 3802 3575 3847 eorum
3635 3794 3754 3862 est,

1027 3872 1126 3952 qui
1193 3873 1409 3934 faciem
1474 3876 1683 3936 Lunae
1748 3882 1969 3952 putant
2031 3894 2166 3936 esse
2232 3875 2397 3936 visus
2466 3874 2863 3935 affectionem.
2966 3872 3178 3935 Multis
3244 3875 3357 3935 hoc
3413 3880 3479 3935 et
3545 3874 3758 3936 densis

1027 3962 1398 4040 argumentis
1447 3963 1531 4024 ibi
1578 3964 1895 4024 refutatur.
1989 3963 2122 4042 Ego
2172 3963 2646 4042 experimentum
2695 3962 2935 4023 oculare
2982 3961 3160 4024 addo.

1210 4051 1392 4112 Anno
1448 4046 1634 4114 1602.
1706 4046 1918 4130 21131.
1966 4052 2319 4114 Decembris
2365 4070 2538 4113 mane
2587 4052 2735 4112 hora
2781 4046 2841 4113 6.
2909 4070 3016 4131 per
3061 4050 3376 4113 artificium
3423 4049 3629 4130 capite
3675 4052 3760 4115 11.

1028 4138 1394 4217 descriptum
1444 4150 1507 4201 et
1551 4140 2012 4202 instrumentum
2061 4142 2138 4201 ad
2186 4142 2339 4202 hanc
2388 4158 2512 4201 rem
2560 4140 2919 4214 confectum,
2970 4139 3141 4218 cujus
3186 4140 3348 4200 infra
3402 4138 3763 4218 subjicietur

1028 4227 1378 4307 descriptio,
1426 4230 1600 4290 Luna
1629 4230 1788 4290 clare
1822 4249 1887 4290 se
1926 4229 2122 4309 ipsam
2169 4229 2462 4309 pingebat
2497 4229 2555 4289 in
2604 4229 2882 4307 subjecta
2926 4247 3175 4310 papyro,
3224 4228 3346 4289 situ
3384 4246 3622 4303 everso,
3671 4228 3763 4290 sic

1027 4322 1095 4377 ut
1140 4315 1202 4377 in
1252 4318 1421 4377 coelo
1470 4325 1605 4378 erat
1650 4318 1943 4398 gibbosa:
1992 4337 2200 4397 margo
2249 4318 2635 4380 circumcirca
2690 4316 3091 4379 lucidissimus
3139 4325 3203 4378 et
3248 4316 3576 4391 candidus,
3640 4317 3762 4378 nisi

1253 4449 1362 4514 Pig-
1403 4445 1486 4498 92.
1728 4428 1766 4468 a
1827 4416 2001 4486 parte
2066 4407 2274 4486 gibbi:
2343 4425 2480 4468 nam
2529 4406 2611 4467 ibi
2677 4405 2922 4467 dilutior
2986 4405 3365 4467 cernebatur.
3486 4404 3761 4467 Medium

1288 4538 1370 4551 ³-
1729 4515 1871 4557 vero
1920 4516 2037 4557 una
2075 4497 2368 4557 ‘continua
2413 4495 2649 4556 macula
2695 4513 2803 4555 seu
2859 4494 3264 4555 tenebrositas
3312 4500 3476 4567 erat,
3531 4493 3761 4556 obscu-

1136 4551 1284 4639 s
1730 4586 1849 4647 rior
1896 4585 2059 4658 alibi,
2112 4585 2253 4646 alibi
2303 4584 2537 4646 clarior.
2629 4583 2841 4663 Neque
2906 4590 3083 4663 putes
3129 4582 3189 4643 in
3245 4599 3475 4664 papyro
3542 4581 3760 4656 fuisse,

1200 4747 1204 4754 .
1405 4731 1441 4754 .‚
1473 4663 1665 4755 K,
1731 4674 1887 4755 quod
1948 4674 2059 4734 sim
2122 4674 2403 4752 opinatus
2468 4673 2670 4733 inesse
2741 4672 2910 4733 radio
2957 4671 3209 4745 Lunae:
3276 4670 3765 4734 transferebatur

1633 4747 1685 4850 ²2⁵².
1732 4762 1888 4824 enim
1935 4772 1999 4824 et
2045 4762 2226 4839 gibba
2274 4753 2463 4824 facie's
2513 4768 2578 4822 et
2621 4762 2859 4822 macula
2903 4761 2963 4821 in
3018 4760 3149 4839 ejus
3195 4759 3393 4821 medio
3440 4758 3502 4820 in
3550 4777 3764 4822 omnes

1344 4843 1577 4927 “““’”““-””ᾜ
1661 4851 1685 4940 i
1729 4852 1942 4933 papyri
1987 4859 2196 4931 partes
2246 4868 2632 4930 quascunque
2677 4850 2767 4912 illi
2827 4848 3220 4928 subjicerem:
3279 4847 3418 4927 quin
3468 4867 3544 4909 ex
3591 4855 3763 4911 motu

1728 4942 1938 5022 papyri
2005 4940 2263 5019 primum
2332 4940 2448 5002 fuit
2519 4939 2733 5017 agnita
2800 4938 3058 5000 macula.
3166 4937 3395 5017 Figura
3458 4937 3760 5011 maculae,

1356 5055 1369 5063 =
1594 5051 1621 5083 ε·
1731 5030 1926 5108 qualis
1993 5029 2232 5109 quidem
2301 5048 2407 5108 per
2473 5029 2740 5090 foramen
2808 5026 2961 5088 satis
3026 5028 3231 5089 laxum
3298 5026 3375 5087 ad
3442 5025 3763 5088 duodecim

1156 5083 1593 5179 U
1727 5118 1948 5198 pedum
1994 5117 2352 5180 distantiam
2389 5116 2631 5180 formari
2671 5116 3109 5179 confusiuscule
3134 5114 3355 5195 potnit,
3392 5133 3760 5195 repraesen-
