4584 6192
1008 526 1151 640 capntXL
1693 575 1763 645 w.

488 748 697 830 Appendix.
744 748 1015 832 Comparantur
1037 750 1133 813 modi
1157 752 1223 814 alii
1250 752 1424 817 diametri
1447 754 1570 817 Lunae
1598 755 1760 819 metien-

400 840 465 903 dae
489 858 568 901 cum
590 839 819 919 praemissis.
863 840 934 903 Etsi
957 840 1089 904 omnium
1112 841 1283 903 certissima
1307 850 1339 903 et
1362 842 1516 906 tutissima
1537 863 1677 907 mensura
1698 864 1763 927 poa

399 937 469 991 ntea
480 946 537 1009 per
551 928 780 991 observationes
794 929 952 1009 eclipsium
966 930 1118 993 Solarium
1133 930 1251 993 demum
1267 932 1454 1011 expedietur,
1472 932 1520 995 bic
1535 941 1637 996 tamen
1651 935 1759 1017 reliqui

403 1018 485 1080 modi
506 1017 567 1080 sub
589 1025 747 1097 aspectum
770 1019 949 1099 subjiciendi
971 1029 1042 1082 suut
1064 1019 1195 1081 interim.
1241 1020 1284 1081 Et
1305 1021 1473 1101 Hipparchi
1497 1022 1616 1102 quidem
1638 1023 1760 1104 dioptra

400 1125 437 1169 ex
458 1106 639 1169 Ptolemaeo
662 1114 736 1168 nota
767 1116 831 1183 est,
866 1126 925 1187 qua
957 1115 988 1170 et
1017 1108 1082 1189 ipse
1105 1109 1299 1171 Ptolemaeus
1331 1130 1402 1171 usus
1435 1110 1613 1191 desperavit
1643 1118 1758 1190 umen,

400 1195 601 1277 quantitatem
626 1204 739 1258 certam
764 1216 802 1257 ex
825 1216 862 1258 ea
885 1197 1002 1261 elicere.
1048 1196 1152 1260 Solum
1180 1198 1236 1260 hoc
1266 1199 1396 1272 invenit,
1428 1199 1577 1263 Lunam
1568 1218 1599 1261 ιιι
1623 1220 1761 1283 apogaeo

400 1284 557 1365 aequalem
581 1282 681 1348 Solari
715 1285 894 1349 diametrum
925 1288 1099 1362 ostendere,
1132 1286 1163 1347 in
1187 1287 1328 1368 perigaeo
1358 1306 1468 1368 augere
1492 1289 1589 1364 illam,
1624 1290 1705 1370 quod
1727 1298 1761 1353 et
1848 1356 1850 1359 ,

399 1373 594 1454 Hipparchus
617 1373 745 1436 dixerat

486 1463 579 1525 Anno
614 1460 711 1527 1598.
745 1459 798 1527 29.
830 1463 935 1525 Martii
973 1464 1022 1525 vel
1053 1462 1084 1527 8.
1109 1463 1225 1544 Aprilis
1257 1463 1376 1542 vesperi
1408 1465 1484 1526 bora
1505 1463 1537 1528 8.
1563 1463 1665 1530 Gratii
1696 1467 1760 1532 vidi

400 1553 518 1615 Lunam
547 1553 684 1632 Junctam
713 1552 950 1614 occidentalibus
981 1552 1013 1615 in
1047 1553 1251 1634 quadrilatero
1274 1552 1448 1629 Pleiadum,
1481 1553 1526 1615 sic
1549 1560 1666 1619 utnon
1689 1558 1759 1637 plus

400 1646 490 1704 sexta
512 1641 645 1704 Lunaris
675 1641 813 1703 diametri
844 1649 931 1721 parte
961 1660 1066 1722 margo
1090 1662 1110 1703 a
1131 1642 1269 1722 proxima
1291 1644 1458 1705 recederet.
1504 1643 1651 1707 Extremo
1674 1664 1758 1709 mar-

399 1730 466 1810 gine
489 1736 611 1792 tantum
634 1730 794 1792 elucente
818 1731 929 1793 tertiae
952 1731 1168 1833 magnitudinis
1193 1730 1314 1805 distitit,
1340 1738 1454 1811 quanta
1476 1731 1534 1793 suit
1556 1733 1623 1813 ejus
1647 1734 1758 1814 ampli·

400 1819 471 1881 tudo
500 1817 646 1900 eorporis.
693 1819 739 1881 lbi
770 1819 863 1899 igitur
896 1820 1012 1882 dnae
1003 1840 1034 1881 m
1067 1819 1247 1882 occidentali
1280 1820 1376 1881 latere
1410 1820 1606 1900 quadrilatari
1639 1823 1759 1904 longius

398 1907 575 1984 distabant,
602 1915 746 1989 quarunt
769 1917 927 1989 utramque
952 1909 1039 1970 simul
1063 1910 1151 1971 Luna
1174 1916 1277 1988 tegere
1300 1909 1465 1987 potuisset,
1499 1909 1646 1991 siquidem
1669 1929 1761 1992 super

398 1997 466 2059 illas
491 1991 633 2060 fuisset
625 2016 774 2077 ingressa.
821 1999 908 2060 Luna
930 1999 1072 2060 triduana
1095 1999 1160 2073 fuit,
1186 2006 1332 2075 superata
1355 1997 1540 2079 longitudine
1565 2001 1665 2062 media
1687 2008 1758 2063 teu·

400 2086 474 2148 dens
498 2086 540 2148 ad
563 2104 750 2167 apogaeum;
782 2096 814 2148 et
835 2087 973 2166 proxima
997 2087 1151 2149 latitudini
1174 2085 1323 2149 maximae
1346 2088 1577 2169 septentrionali
1599 2088 1760 2153 videbatur

399 2182 464 2237 toto
489 2193 616 2255 corpore
639 2175 815 2239 clarissime.

485 2262 636 2346 Sequenti
662 2262 712 2327 17.
738 2262 790 2328 27.
815 2265 897 2327 Junii
927 2284 1015 2326 mane
1045 2263 1125 2324 inter
1156 2259 1315 2325 horam2.
1341 2261 1426 2326 et3.
1451 2265 1540 2327 Luna
1570 2283 1688 2328 rursum
1719 2267 1759 2337 ad

399 2370 571 2436 apogaeum
595 2354 762 2415 ascendens
787 2354 873 2433 eique
896 2354 1017 2434 propior
1040 2359 1073 2413 et
1091 2352 1171 2414 eirca
1194 2352 1319 2414 limitem
1342 2353 1465 2415 boreum
1488 2353 1594 2415 stabat
1614 2357 1653 2417 ad
1672 2356 1761 2418 Pleia

399 2442 474 2503 adas
497 2442 653 2504 conversis
677 2443 827 2517 cornibus,
853 2442 896 2504 sic
919 2451 954 2504 ut
976 2441 1218 2522 perpendiculari
1242 2441 1385 2503 sectionis
1410 2461 1448 2503 ex
1469 2443 1528 2504 imo
1551 2461 1644 2505 cornu
1666 2445 1760 2508 ducta

399 2530 567 2612 stringeret
589 2530 732 2593 Pleiadas
756 2532 902 2611 superius.
951 2532 1129 2592 Transierat
1152 2531 1296 2592 Pleiadas
1325 2539 1356 2592 et
1379 2551 1398 2592 a
1420 2532 1590 2593 clarissima
1623 2533 1760 2597 distabat

402 2619 470 2700 plus
495 2639 586 2700 quam
609 2621 774 2683 Palilitium
799 2641 817 2681 a
840 2620 939 2682 vicina
963 2619 1140 2682 Sucularum
1163 2638 1269 2683 versus
1292 2639 1382 2682 nares
1406 2621 1510 2696 Tauri,
1544 2621 1642 2683 minus
1670 2640 1759 2703 quam
1849 2668 1852 2671 ι

399 2709 474 2771 baec
499 2710 539 2771 ab
562 2709 622 2771 ima
645 2710 675 2771 in
698 2711 830 2772 naribus.
859 2710 1016 2772 Diametro
1041 2709 1133 2788 igitur
1156 2727 1285 2790 aequare
1309 2709 1469 2772 videbatur
1492 2710 1670 2773 distantiam
1693 2712 1761 2774 cla·-

400 2818 502 2861 rarum
526 2798 652 2861 duarum
685 2807 924 2861 transversarum
953 2799 984 2859 iu
1007 2798 1192 2860 Pleiadibus.
1239 2798 1418 2877 Hujuemodi
1449 2799 1691 2879 comparationes
1720 2801 1761 2863 ad

401 2888 477 2949 lixas
501 2887 685 2968 propinquas
708 2888 836 2949 invicem
859 2896 944 2950 tanto
969 2888 1080 2949 debent
1103 2887 1218 2968 exquiri
1243 2887 1369 2961 avidius,
1395 2889 1474 2969 qnod
1494 2888 1673 2951 universalis
1692 2908 1759 2952 om-

401 2976 489 3039 nibus
513 2976 683 3040 bominibus
706 2984 738 3038 et
760 2986 906 3056 perpetua
928 2977 1003 3038 haec
1027 2995 1168 3039 mensura
1191 2983 1249 3038 est.

491 3066 594 3128 Idem
617 3068 759 3129 tentari
783 3075 910 3147 potest
933 3086 995 3128 seu
1018 3086 1081 3146 per
1104 3065 1219 3141 fixas,
1253 3086 1318 3128 seu
1340 3084 1403 3146 per
1426 3027 1582 3141 radium,
1610 3084 1673 3128 seu
1695 3085 1761 3147 per

403 3156 605 3236 dioptram,
639 3174 714 3217 cum
745 3157 861 3217 latera
894 3156 1040 3217 umbrae
1075 3155 1212 3217 Terrae
1250 3156 1495 3235 perambulat,
1534 3113 1665 3217 rubore
1696 3175 1760 3218 suo

403 3244 523 3306 adhuc
547 3245 662 3307 clara.
700 3245 777 3307 At
769 3265 798 3306 ιιι
823 3246 951 3306 medium
975 3245 1128 3307 umbrae
1121 3264 1270 3320 immersa,
1295 3252 1329 3306 ut
1351 3263 1400 3306 an.
1428 3239 1668 3319 resturatio,
1692 3262 1760 3307 ma-

403 3334 483 3413 ligne
508 3334 639 3397 cernitur
660 3333 810 3415 infidaque
834 3342 884 3395 est
906 3334 1090 3396 observatio.

492 3422 661 3485 Videamus
681 3442 762 3497 vero,
783 3423 877 3485 etiam
895 3442 972 3485 eum
996 3421 1224 3504 simpliciter
1241 3422 1355 3503 plena
1377 3421 1510 3485 lumine
1532 3422 1762 3486 observatur

404 3511 687 3586 instrumentis,
725 3514 803 3573 sive
837 3512 874 3573 id
913 3512 1018 3574 radio
1057 3513 1145 3584 fiat,
1178 3529 1240 3571 seu
1281 3511 1506 3592 marginibus
1539 3511 1585 3573 ad
1624 3511 1762 3575 stellas

404 3602 666 3703 oppositarum
703 3603 899 3682 plagarum
935 3600 1181 3681 comparatis,
1220 3620 1283 3662 seu
1319 3600 1521 3663 altitudine
1558 3599 1760 3709 utriusque¹

404 3689 589 3769 marginis
611 3710 675 3769 per
700 3692 922 3772 quadrantes
947 3690 1146 3770 exquisita.

493 3778 584 3841 Anno
620 3776 715 3843 1592.
752 3777 801 3842 14.
825 3779 908 3842 Junii
940 3780 1073 3840 instante
1107 3778 1226 3858 eclipsi,
1259 3776 1411 3839 Braheani
1443 3776 1623 3839 diametrum
1655 3739 1759 3840 Lunae

404 3867 488 3931 radio
513 3870 714 3931 astronomiae
739 3870 902 3931 secundum
926 3868 1071 3931 Gemmas
1103 3868 1271 3929 doctrinam
1304 3866 1430 3928 dimensi
1458 3865 1617 3945 prodidere
1640 3863 1683 3929 32
1707 3874 1762 3929 aut

407 3953 446 4020 31
459 3950 491 4040 Ἰ,
521 3957 710 4019 minutorum.
757 3958 834 4020 Erat
857 3959 976 4020 Luna
969 3977 998 4018 ιιι
1022 3975 1168 4036 apogaeo.
1206 3956 1316 4018 Modus
1340 3963 1371 4016 et
1393 3954 1526 4017 incertus
1549 3962 1598 4016 est
1620 3962 1653 4016 et
1675 3951 1783 4017 sem-³

403 4065 457 4125 per
478 4046 549 4126 plus
568 4047 654 4126 justo
678 4049 777 4109 dicere
800 4048 1011 4126 praesumitur.

490 4135 608 4198 Eodem
632 4156 711 4199 anno
737 4135 788 4199 12.
812 4136 979 4209 Februarii,
1004 4137 1091 4198 Luna
1112 4152 1172 4196 non
1196 4132 1371 4202 humillima,
1395 4131 1592 4213 prodiderunt
1615 4129 1680 4196 35‘.

454 4262 455 4266 =
492 4225 584 4287 Anno
612 4221 707 4289 1587.
733 4222 762 4289 6.
786 4226 924 4288 Jannarii
947 4226 1051 4288 Lunae
1076 4223 1185 4287 summi
1209 4231 1241 4283 et
1262 4222 1315 4285 imi
1339 4221 1482 4302 marginis
1508 4221 1638 4284 elevatio
1668 4240 1762 4304 supra

403 4314 591 4377 horizontem
615 4315 652 4376 de
676 4316 725 4377 die
748 4316 927 4390 observata,
963 4334 1029 4376 cum
1060 4313 1171 4375 certior
1194 4320 1244 4373 est
1269 4312 1370 4374 Lunae
1393 4310 1469 4372 visio
1502 4313 1586 4385 (erat
1608 4310 1689 4373 enim
1711 4311 1761 4374 bi-

404 4412 491 4465 secta
515 4402 545 4463 in
570 4404 717 4484 quadrato
741 4403 838 4477 Solis)
872 4404 1005 4466 ostendit
1037 4404 1214 4464 diametrum
1238 4399 1302 4465 30‘.
1349 4402 1426 4463 Erat
1448 4399 1536 4461 Luna
1559 4400 1589 4462 iu
1613 4417 1760 4480 apogaeo.

491 4493 584 4554 Anno
610 4489 705 4557 1588.
731 4490 760 4556 2.
785 4493 900 4568 Martii,
925 4501 996 4555 ante
1020 4491 1146 4573 eclipsin
1171 4491 1290 4571 vesperi
1312 4509 1367 4570 per
1390 4488 1525 4552 armillas
1549 4488 1761 4551 declinationis

404 4581 575 4662 marginum
599 4582 769 4645 differentia
793 4583 851 4645 fuit
873 4583 994 4662 saepius
1017 4582 1136 4654 iterata,
1162 4577 1236 4652 33‘,
1261 4580 1385 4642 dimidio
1407 4578 1476 4659 plus
1498 4577 1548 4640 vel
1569 4578 1677 4640 minus.
1722 4576 1760 4639 In

403 4670 573 4733 meridiano
605 4672 775 4735 altitudinis
798 4672 965 4752 marginum
988 4671 1160 4735 differentia
1187 4666 1254 4744 31⁴,
1281 4667 1322 4733 32
1331 4663 1379 4750 ‘A‘
1386 4714 1394 4742 ,
1419 4661 1527 4749 30³1,st
1573 4665 1688 4728 Eadem
1712 4665 1761 4728 die

408 4760 610 4839 praecedente
634 4757 698 4824 33‘.
747 4761 872 4824 Scilicet
895 4761 943 4823 hic
966 4762 1072 4824 modus
1095 4760 1186 4842 paulo
1210 4767 1258 4820 eet
1281 4757 1433 4821 incertior.
1466 4758 1554 4819 Luna
1577 4776 1596 4817 a
1618 4752 1762 4835 perigaeo

406 4850 575 4911 ascendens
599 4851 860 4932 appropinquabat
884 4851 1061 4928 longitudini
1085 4849 1214 4912 mediae.

494 4939 562 5000 Hoc
586 4940 674 5000 modo
698 4959 776 5002 anno
803 4937 899 5004 1591.
925 4938 980 5002 22.
1003 4938 1160 5002 Februarii
1188 4939 1218 4999 in
1251 4933 1435 5015 longitndine
1467 4933 1567 4996 media
1599 4932 1763 4995 observata

407 5025 453 5088 bis
477 5025 542 5105 311,
568 5028 668 5090 sexies
692 5026 756 5102 32‘,
780 5029 895 5111 septies
918 5026 982 5104 331,
1007 5030 1107 5091 sexies
1131 5024 1185 5090 34⁴
1209 5024 1359 5107 apparuit.
1407 5020 1492 5094 Quae
1520 5022 1655 5085 varietas
1686 5039 1761 5101 paru

407 5117 462 5179 tim
492 5117 611 5182 ratione
644 5118 827 5182 diuersorum
863 5121 1027 5195 oculorum,
1065 5118 1175 5199 partim
1207 5115 1324 5181 ratione
1360 5112 1612 5194 piunaoidiorum,
1650 5111 1763 5195 partin
