4584 6192
1026 560 1057 611 de
1077 561 1156 613 Stella
1174 559 1252 611 Nova.
1752 560 1817 628 597

553 736 653 784 Libmm
672 734 702 784 de
720 734 794 784 stella
810 750 874 786 nors
892 752 982 803 magno
996 738 1087 802 gaudio
1107 738 1233 801 accepisse
1252 736 1411 787 Davidem
1430 737 1618 786 Fabricium
1637 737 1690 801 quia
1712 737 1817 793 dubitet.

463 808 504 871 qni
523 807 684 871 astrologicae
702 805 775 867 liujus
793 806 836 855 riri
855 807 956 857 delicias
975 824 989 858 e
1008 810 1126 871 prioribus
1146 816 1284 871 compertas
1301 808 1378 857 habat
1397 803 1466 867 (vol.
1478 807 1500 864 l,
1513 824 1537 871 p.
1553 805 1605 856 604
1618 807 1680 869 sali
1700 807 1817 868 Quamuis

462 877 543 926 muita
560 878 636 926 iusim
655 876 713 926 isuic
725 878 794 933 libro,
813 893 876 941 quae
889 882 988 929 minime
1006 881 1151 930 satisfacere
1169 886 1302 942 potnerunt
1314 882 1363 928 viro
1380 879 1544 943 astrologicae
1563 880 1728 943 superstitioni
1745 882 1818 930 nimis

465 948 573 1003 addicto,
593 957 619 997 et
636 950 697 1012 ipse,
717 948 854 1011 aKeplero
873 951 970 1013 quidem
989 951 1104 1000 laudatus
1119 951 1149 1000 ob
1169 950 1313 999 observandi
1332 949 1485 1013 diligentiam
1504 956 1616 1000 attamen
1634 959 1662 1000 ut
1680 952 1818 1015 astrologus

462 1022 553 1084 partim
569 1022 654 1081 jocose
672 1020 762 1083 partim
780 1022 843 1068 serio
861 1022 1020 1085 impugnatus
1038 1019 1113 1085 (Cap.
1132 1021 1187 1071 XlI.
1208 1022 1252 1070 sub
1271 1022 1345 1070 finem
1364 1027 1389 1069 et
1408 1019 1468 1082 Cap.
1487 1019 1560 1081 XX),
1577 1028 1661 1071 nmen
1680 1037 1728 1071 non
1748 1021 1820 1071 desiit

464 1091 576 1139 insistere
595 1092 780 1154 quaestionibus
798 1092 956 1147 omnimodis.
975 1095 1143 1142 transmittere
1162 1093 1345 1142 observationes
1364 1106 1380 1140 a
1397 1091 1506 1154 Keplero
1524 1094 1631 1154 petitas,
1660 1092 1818 1157 astrologiam

462 1176 534 1211 susm
545 1162 684 1211 detondere.
697 1188 730 1196 —
748 1161 819 1221 Quae
830 1164 855 1211 iu
869 1163 946 1211 literis
956 1164 1060 1213 Fabricii
1070 1164 1208 1227 etKepleri
1221 1163 1270 1212 huo
1284 1164 1434 1227 pertinentia
1448 1162 1660 1224 deprehendimus,
1675 1164 1738 1213 baec
1752 1171 1817 1212 snut

552 1232 640 1281 Visam
660 1241 685 1281 et
703 1234 858 1281 observatam
884 1229 971 1283 novam
996 1236 1093 1285 stellam
1112 1236 1280 1285 Fabricius
1307 1234 1331 1282 d.
1352 1231 1393 1280 27.
1414 1233 1470 1282 Oct
1489 1249 1510 1280 v.
1530 1241 1560 1281 st
1582 1231 1661 1282 1664.
1680 1234 1717 1283 his
1736 1235 1820 1284 scribit

463 1303 590 1367 Keplero:
610 1303 678 1353 Scire
697 1311 722 1351 te
741 1303 803 1359 volo,
824 1304 857 1352 ad
875 1302 899 1351 ³.
920 1305 975 1354 Oct.
996 1323 1016 1352 v.
1037 1315 1067 1355 st.
1088 1320 1176 1355 novam
1202 1305 1299 1354 stellam
1318 1306 1343 1353 iu
1364 1298 1410 1352 17⁰
1430 1300 1471 1351 36¹
1492 1300 1529 1363 s,
1549 1304 1592 1352 lat
1614 1300 1644 1351 1⁰
1663 1303 1706 1352 5³1
1725 1306 1820 1369 vesperi

463 1376 608 1424 illucescere
636 1376 764 1437 coepisse3
792 1390 850 1423 nam
870 1373 912 1423 28.
933 1375 1001 1439 Sept.
1031 1393 1085 1426 eam
1110 1378 1175 1426 claro
1201 1377 1268 1425 coelo
1286 1392 1335 1424 non
1365 1374 1534 1424 animadverti.
1571 1375 1666 1425 Aberat
1684 1376 1819 1436 tantali

464 1441 496 1493 2⁰
514 1443 556 1494 57⁴
577 1444 612 1504 (h.
635 1447 645 1492 i
667 1454 723 1508 post
741 1442 825 1505 occ.);
847 1447 925 1495 altero
944 1449 984 1497 die
1003 1464 1045 1510 per
1063 1450 1228 1497 instmmenta
1245 1448 1311 1495 illam
1331 1446 1456 1495 observari
1474 1446 1613 1509 diligenter.
1651 1445 1770 1495 Distabat
1787 1446 1820 1495 ab

464 1517 554 1580 Aquila
572 1512 621 1564 45ο
639 1513 693 1576 ts,
712 1530 728 1565 a
747 1520 828 1580 capite
847 1517 967 1581 Ophiuchi
988 1516 1036 1567 at⁰
1057 1521 1078 1565 ι’
1099 1520 1170 1582 idque
1190 1522 1215 1567 iu
1234 1519 1277 1567 alt
1291 1517 1376 1566 Novae
1396 1513 1433 1564 9⁰.
1460 1516 1541 1565 Valde
1560 1517 1679 1566 scintillat
1696 1517 1820 1567 etiosam

464 1588 585 1636 diametro
605 1594 630 1637 et
648 1587 777 1650 splendore
802 1591 886 1638 vincit.
926 1586 949 1636 3.
970 1590 1025 1639 Oct
1046 1589 1081 1649 ὁ,
1102 1591 1121 1650 li
1143 1597 1169 1639 et
1186 1590 1258 1638 Nora
1284 1595 1356 1638 eraut
1374 1590 1399 1636 in
1421 1601 1472 1636 una
1499 1587 1566 1636 linea
1592 1595 1663 1637 recta
1680 1589 1714 1638 ad
1731 1590 1819 1637 viam.

464 1658 596 1708 Hactenus
616 1659 708 1706 nullum
728 1661 849 1722 proprium
868 1661 893 1707 in
913 1674 944 1708 ea
963 1662 1090 1709 observare
1109 1663 1178 1724 potui
1196 1668 1298 1709 motum.
1329 1662 1444 1708 Accensa
1462 1665 1500 1707 est
1519 1659 1586 1707 eirca
1603 1657 1684 1708 locum
1703 1662 1819 1720 conjunc·

464 1732 538 1778 tionis
557 1744 680 1794 magnae,
701 1729 773 1792 idque
793 1746 822 1779 eo
841 1738 965 1794 tempore,
985 1747 1040 1781 cum
1060 1732 1084 1792 ὀ
1106 1740 1131 1781 et
1150 1733 1170 1792 li
1191 1735 1414 1794 conjungerentur,
1434 1732 1481 1777 imo
1504 1744 1560 1779 cum
1578 1728 1593 1789 15
1612 1729 1645 1778 ad
1662 1730 1743 1778 locum
1762 1743 1820 1778 cou-

463 1802 598 1863 Juuctionis
621 1801 713 1848 directe
737 1804 789 1861 jam
811 1803 931 1850 rediisset.
969 1803 1045 1851 Vides
1065 1804 1139 1859 clare,
1168 1804 1360 1867 significationes
1379 1804 1443 1863 conj.
1464 1814 1571 1864 magnae
1590 1803 1643 1862 ejus
1668 1801 1822 1864 apparitione

464 1871 614 1921 confirmari.
654 1871 753 1931 Quaeso
771 1881 799 1919 ut
818 1874 849 1921 ad
868 1888 907 1921 me
926 1876 1077 1936 perscribas,
1106 1890 1152 1938 qno
1176 1884 1285 1936 tempora
1305 1872 1370 1936 apud
1389 1888 1431 1921 ros
1449 1873 1552 1936 primum
1580 1881 1714 1935 conspecta
1740 1872 1820 1919 inerit
1900 1888 1903 1899 ¹

468 1942 510 1992 Sic
529 1942 587 1990 iude
607 1951 717 2006 apparet,
738 1946 837 2007 saepius
856 1959 931 1992 novas
951 1946 1067 2007 ejusmodi
1088 1960 1206 2008 apparere
1226 1945 1318 1993 stellas.

556 2012 622 2061 liam
642 2028 681 2062 an.
703 2010 745 2060 96.
767 2010 790 2060 3.
812 2017 875 2079 Aug.
897 2017 972 2065 etiam
992 2031 1080 2066 noram
1099 2017 1196 2065 stellam
1215 2015 1339 2064 secundae
1358 2028 1442 2077 magn.
1462 2013 1510 2061 ridi
1528 2014 1554 2061 in
1573 2007 1622 2062 25⁰
1640 2009 1683 2061 4⁷¹
1704 2013 1739 2074 Υ,
1757 2025 1822 2077 qnae

465 2086 492 2132 iu
511 2082 568 2133 Oct
589 2087 705 2140 evanuit3
734 2085 870 2145 siciliam,
901 2103 964 2150 quaa
983 2089 1008 2136 in
1028 2088 1113 2151 Cygno
1138 2088 1253 2151 apparuit
1271 2093 1297 2135 ot
1315 2087 1450 2134 etiamnum
1478 2084 1581 2132 ridetur.
1618 2085 1653 2132 at
1670 2085 1773 2134 multum
1792 2082 1823 2132 da

464 2155 514 2204 hac
534 2154 636 2212 dubito;
661 2156 691 2203 de
709 2158 828 2217 prioribus
847 2157 940 2205 nullum
959 2167 997 2207 est
1015 2159 1121 2208 dubium.
1160 2158 1284 2207 Petieram
1303 2157 1405 2205 aliorum
1424 2155 1455 2203 de
1472 2154 1520 2204 hac
1537 2154 1646 2216 iudicia,
1673 2169 1737 2218 quaa
1757 2153 1823 2218 apud

464 2234 491 2275 ta
511 2233 578 2275 certo
598 2241 651 2275 esse
670 2228 737 2282 scio;
758 2227 801 2275 sed
820 2242 851 2275 ne
870 2231 942 2277 verbo
961 2232 1058 2295 quidem
1076 2230 1196 2278 hactenus
1216 2230 1327 2291 petitioni
1347 2225 1493 2275 satisfacere
1511 2225 1618 2274 voluisti.
1638 2250 1673 2260 -

558 2296 650 2357 Quibus
670 2299 796 2360 respondit
818 2298 979 2361 Keplerus
999 2302 1021 2350 d.
1045 2300 1082 2349 18.
1105 2300 1168 2349 Dec.
1191 2297 1274 2355 1604,
1297 2298 1409 2363 querelas
1428 2297 1534 2346 Fabricii
1559 2303 1675 2359 spectans
1694 2296 1725 2346 do
1747 2296 1823 2359 ipsius

465 2376 572 2436 silentio,
592 2392 655 2442 quae
674 2380 700 2426 iu
726 2394 873 2443 unaquaque
897 2382 948 2431 iere
971 2384 1035 2430 illins
1055 2382 1160 2446 epistola
1178 2388 1323 2435 occurrunt,
1342 2379 1408 2427 huuc
1425 2380 1451 2426 iu
1470 2377 1584 2425 modurn:
1608 2367 1704 2431 Miras
1729 2386 1820 2446 prae·
1863 2421 1866 2426 .

467 2459 578 2537 stigias
603 2460 668 2537 agis
693 2461 828 2535 Fabrici,
864 2472 896 2522 ut
920 2463 1069 2536 nesciam,
1104 2482 1161 2542 quo
1185 2470 1215 2520 te
1239 2459 1396 2540 proverbio
1430 2458 1623 2537 compellem,
1658 2457 1716 2517 nisi
1745 2456 1822 2516 forte

467 2548 536 2619 iilo,
571 2550 649 2627 quod
673 2550 847 2611 mendacem
881 2552 965 2629 ajunt
998 2560 1135 2632 oportere
1160 2569 1226 2609 esse
1256 2566 1426 2608 memorem.
1473 2546 1552 2606 Nam
1576 2546 1603 2606 si
1633 2545 1823 2606 dissimulare

468 2636 617 2710 statuisti,
642 2645 673 2697 te
698 2639 794 2698 trinas
819 2658 901 2699 meas
927 2641 1080 2719 accepisse
1113 2639 1218 2700 literas
1243 2645 1274 2697 et
1298 2637 1383 2697 binas
1408 2634 1526 2713 quidem
1554 2634 1642 2695 valde
1672 2635 1821 2713 copiosas,

468 2724 570 2785 iorsan
596 2726 634 2785 ad
662 2723 701 2786 12
725 2728 863 2807 paginae,
888 2749 940 2789 cnr
964 2749 1034 2807 ergo
1059 2748 1097 2788 er
1120 2728 1157 2787 iis
1181 2735 1324 2805 tanquam
1348 2725 1436 2786 lectis
1460 2722 1600 2801 allegas?

558 2812 658 2874 Stella
682 2815 747 2875 visa
771 2825 818 2876 est
842 2818 968 2895 primum
991 2818 1039 2878 hic
1064 2838 1082 2877 a
1106 2815 1329 2886 Brunonoskio,
1356 2811 1541 2886 Corraducii,
1567 2812 1638 2872 oiim
1660 2807 1823 2871 Hoimanni

469 2912 654 2976 astronomo,
676 2905 702 2965 d.
724 2902 772 2965 10.
789 2903 858 2966 Oct.
875 2918 913 2968 st.
932 2929 959 2968 n.
979 2908 1025 2966 die
1042 2904 1122 2966 Solis
1133 2924 1141 2977 ;
1167 2906 1271 2963 eodem
1290 2903 1434 2980 lilagin03
1459 2899 1633 2964 duodecimo
1657 2899 1695 2959 ab
1714 2896 1824 2959 lsaairo

466 2992 612 3053 Malleolo
627 2994 842 3070 Argentiuensi
857 2998 903 3056 vel
925 2996 1024 3074 potius
1040 2995 1181 3054 Helisaeo
1198 2992 1341 3052 Roesliuo
1363 2990 1428 3068 ejus
1446 2990 1593 3049 monitore
1607 2994 1698 3059 (comp.
1707 2995 1728 3052 l,
1743 2991 1823 3055 ott„

468 3102 488 3140 a
506 3100 553 3140 me
578 3083 695 3140 demum
716 3081 743 3142 d.
769 3081 816 3144 17.
842 3102 898 3161 quo
919 3084 1006 3144 simui
1027 3091 1057 3142 et
1077 3083 1238 3144 observata
1259 3081 1323 3140 init.
1362 3077 1495 3155 Resperi
1514 3078 1542 3139 d.
1564 3073 1616 3138 26.
1633 3076 1719 3155 Sept.
1741 3075 1824 3149 add

468 3166 499 3249 i),
524 3169 563 3243 li,
589 3177 624 3237 ὁ,
649 3178 681 3229 et
704 3170 860 3232 observavi
886 3191 989 3233 omnes
1015 3181 1091 3240 tres,
1126 3170 1245 3249 respexi
1269 3170 1307 3229 ad
1331 3169 1447 3228 Lunam
1471 3166 1500 3226 d.
1526 3162 1555 3227 3.
1581 3164 1670 3240 Oct,
1702 3164 1823 3225 stellam

470 3277 530 3319 non
566 3258 636 3318 vidi.
691 3258 904 3338 Respexerunt
934 3282 1017 3323 meus
1058 3261 1127 3320 olim
1161 3259 1315 3320 studiosus
1349 3255 1475 3317 Schuler
1507 3264 1538 3314 et
1570 3252 1745 3316 Bruuovvslri
1776 3252 1823 3313 die

468 3346 501 3409 8.
524 3345 595 3407 Oct.
620 3346 658 3406 ad
683 3350 712 3422 (s
738 3349 819 3422 liet
839 3357 864 3417 ὁ
888 3352 1016 3412 noudum
1039 3349 1177 3426 plenam3
1201 3348 1274 3408 nibil
1298 3346 1404 3417 visum,
1429 3353 1462 3404 ut
1485 3354 1517 3403 et
1540 3343 1595 3404 tibi
1617 3351 1648 3403 et
1665 3341 1823 3404 Roeslino.

469 3436 528 3497 Die
552 3433 582 3497 9.
617 3436 673 3495 luit
702 3437 783 3511 <tii
813 3447 844 3498 et
875 3447 913 3514 d,
946 3440 993 3500 die
1029 3435 1078 3500 10.
1112 3438 1187 3497 visa.
1235 3434 1472 3497 Observationes
1504 3449 1590 3493 meae
1623 3433 1722 3493 factae
1755 3436 1825 3491 sunt

468 3533 611 3585 sextante
634 3524 865 3586 Hoimanniano.

559 3611 631 3661 Haec
649 3621 784 3675 sequnntur
802 3616 984 3665 observationes
1003 3613 1100 3671 stallae,
1119 3629 1180 3677 quaa
1194 3613 1292 3663 exhibet
1304 3610 1428 3673 sequentis
1446 3608 1500 3657 libri
1519 3622 1573 3671 cap.
1587 3607 1641 3657 XII.
1660 3606 1747 3661 initio;
1767 3618 1826 3653 con·

473 3693 577 3745 cludens
596 3694 666 3743 adds
682 3694 820 3758 Keplerus:
845 3688 892 3748 die
917 3684 968 3749 27.
995 3684 1063 3746 Oct.
1089 3687 1218 3766 Byrgius
1242 3685 1306 3745 obe.
1337 3683 1375 3740 ab
1398 3680 1511 3757 Aquila
1538 3674 1599 3740 45⁰
1622 3675 1686 3751 40¹,
1711 3667 1828 3737 1ιι45ο

471 3773 537 3837 45’.
584 3773 758 3836 Observata
789 3795 843 3855 per
868 3775 1040 3855 Tychouica
1070 3775 1271 3835 iustrumenta
1301 3772 1376 3831 dant
1407 3769 1461 3828 lat.
1490 3762 1525 3828 1⁰
1547 3765 1600 3829 55‘
1628 3766 1714 3847 bon,
1743 3763 1825 3841 long.

473 3859 535 3925 17⁰
556 3859 611 3924 tt‘
633 3865 681 3924 vei
708 3862 766 3925 17ο
788 3862 842 3926 45’
867 3871 896 3936 ,F
918 3864 1094 3942 promiscue.

561 3952 608 4012 De
631 3972 668 4012 ea
692 3954 805 4033 accipis
829 3953 877 4014 hic
901 3972 998 4014 meum
1023 3953 1190 4013 discursum
1215 3967 1280 4009 cum
1303 3943 1484 4007 Calendario
1521 3949 1594 4013 (dicit
1627 3950 1668 4001 hio
1702 3949 1827 4013 Keplems

472 4050 643 4116 germanicum
661 4056 810 4108 tractatum,
829 4066 902 4114 quem
921 4051 1075 4113 adjunximus
1095 4047 1257 4099 Calendariis.
1293 4043 1351 4093 Vol.
1370 4043 1390 4092 1.
1417 4037 1491 4103 473.)
1530 4041 1670 4111 tuumque
1710 4030 1826 4093 mittas

470 4130 544 4193 Joh.
572 4127 611 4191 G.
635 4130 827 4211 Brenggerus
851 4133 966 4193 Doctor
989 4131 1186 4210 Kauibyrnae
1211 4124 1386 4188 observavit
1412 4122 1495 4183 illam
1519 4122 1588 4199 (per
1611 4139 1658 4180 me
1681 4119 1828 4189 monitus)

472 4239 492 4280 a
515 4215 548 4283 9.
575 4219 603 4279 in
632 4218 683 4282 18.
707 4221 785 4283 Nov.
823 4223 852 4281 Α
878 4240 924 4280 me
948 4219 1052 4280 ultimo
1076 4218 1144 4277 visa
1167 4223 1215 4277 est
1238 4215 1286 4275 die
1310 4209 1357 4275 16.
1376 4212 1455 4274 Nov.
1494 4208 1646 4289 Sequente
1670 4211 1700 4287 ό
1722 4209 1828 4269 Lunae

472 4326 542 4369 cnm
566 4306 655 4368 Nova
679 4328 735 4368 non
761 4308 888 4369 vidimus
912 4310 1038 4381 Novam,
1065 4326 1131 4368 cum
1155 4304 1272 4365 Lunam
1295 4302 1463 4362 videremus
1487 4299 1576 4359 clare.

564 4399 674 4460 Accepto
702 4397 804 4461 Kopleri
832 4405 942 4447 tractatu
968 4397 1031 4446 haec
1059 4393 1185 4458 respondit
1211 4392 1383 4441 Fabricius
1403 4386 1517 4450 (Ostelae
1536 4386 1576 4436 dio
1596 4374 1687 4451 όῇῼ
1707 4378 1748 4431 14.
1767 4380 1827 4432 an.

472 4463 556 4527 1605)
568 4483 573 4515 :
594 4466 655 4516 Cum
673 4467 775 4518 ultimae
788 4475 847 4517 tuae
866 4469 952 4518 literae
964 4468 1024 4516 mihi
1042 4465 1207 4521 traderentur,
1225 4461 1437 4527 praestantissime
1451 4468 1477 4507 et
1488 4457 1651 4507 eruditissime
1663 4453 1696 4503 Ι).
1709 4451 1827 4516 Koplarc.

470 4540 537 4591 adeo
555 4538 638 4587 multis
658 4538 790 4589 distramus
808 4540 843 4589 ini
861 4542 979 4604 nogotiis,
998 4546 1026 4587 ut
1043 4540 1082 4599 vix
1101 4550 1144 4585 eas
1162 4533 1305 4600 perlegendi
1329 4531 1421 4581 nedum
1438 4530 1557 4593 requisita
1579 4526 1709 4592 diligentia
1725 4534 1827 4605 raspon-

470 4608 549 4668 daudi
568 4610 644 4659 otium
662 4610 721 4659 mihi
740 4611 923 4661 concederetur.
951 4607 1068 4673 (Spectat
1085 4608 1123 4656 his
1140 4607 1266 4655 Fabricius
1284 4602 1404 4658 litorales,
1424 4601 1538 4659 „Ranae
1556 4598 1647 4663 raptim
1664 4597 1729 4645 intes
1746 4592 1830 4643 sobna

468 4680 563 4748 pocula
581 4680 604 4729 d.
627 4677 687 4729 w
708 4682 795 4743 datas,
822 4684 846 4731 in
866 4682 951 4746 quibus
969 4680 1033 4729 haec
1051 4679 1183 4743 leguntur:
1208 4675 1269 4726 Cum
1294 4675 1378 4723 literas
1404 4671 1543 4737 Pragenses
1568 4674 1696 4719 eurstums
1721 4664 1831 4747 Esarim

469 4767 512 4803 ma
532 4753 681 4808 conferrem.
708 4760 808 4816 praeter
826 4754 1035 4816 exspectationem
1053 4757 1113 4798 tuae
1131 4749 1218 4797 literae
1238 4762 1292 4797 eum
1317 4744 1383 4794 libris
1401 4743 1449 4791 tuis
1467 4742 1528 4791 mihi
1553 4739 1692 4790 traduntur.
1729 4733 1829 4785 Gratus

469 4825 595 4875 maximas
613 4837 669 4889 ago.
706 4824 745 4874 Tu
763 4825 893 4875 confirmas
921 4824 1100 4886 apparitionem
1118 4818 1204 4869 Novae
1233 4826 1275 4867 tuo
1301 4814 1459 4872 testimouio;
1484 4815 1538 4875 iam
1564 4823 1649 4862 omnes
1677 4806 1781 4858 crodunt
1803 4810 1830 4854 et

469 4893 533 4946 mihi
550 4901 650 4961 propter
668 4900 798 4960 otperto
816 4896 890 4945 fldem
907 4894 1009 4943 babent.
1047 4890 1217 4941 Cancellarius
1235 4892 1318 4937 nostor
1336 4884 1454 4935 Francius
1472 4888 1498 4933 te
1516 4883 1617 4933 maximi
1634 4879 1704 4931 iacit.
1731 4876 1830 4928 Nomen

470 4973 544 5019 tunm
561 4966 603 5016 liic
620 4968 647 5017 in
665 4966 725 5017 aula
743 4966 806 5018 adeo
825 4972 911 5016 uotum
929 4970 976 5027 est,
993 4968 1022 5012 ut
1039 4963 1163 5013 nemiuem
1180 4961 1269 5025 lugiet.
1308 4957 1408 5018 Quaeso
1425 4954 1524 5018 saepius
1542 4948 1657 5012 scribas.)

562 5036 688 5089 Reversm
706 5040 790 5104 itaque
809 5038 908 5087 domurn
919 5036 973 5099 plus
992 5035 1076 5085 decies
1088 5031 1224 5098 etquidem
1241 5029 1419 5079 marimanam
1436 5024 1563 5088 voluptate
1582 5035 1625 5074 aas
1637 5020 1688 5086 iegl
1705 5023 1731 5070 et
1741 5015 1829 5081 relegi

469 5108 514 5162 Ad
532 5108 630 5162 illuurn
648 5116 774 5164 contenta.
785 5123 852 5161 nnuc
869 5106 1030 5172 respondebo.
1061 5103 1142 5156 Pn'sno
1160 5103 1281 5153 muimas
1299 5099 1344 5152 tibi
1362 5111 1410 5162 ago
1428 5097 1523 5162 granas
1541 5108 1583 5160 pro
1600 5092 1709 5144 literario
1726 5099 1829 5142 mantra
1893 5159 1901 5176 .
