4584 6192
544 627 609 695 358
1037 627 1210 678 amnone„
1227 627 1289 680 rm
1308 628 1406 695 opaea

543 806 657 887 reliquo
681 806 786 869 modus
809 804 858 865 hic
882 802 974 863 habet
997 802 1212 882 compendium.
1259 805 1338 867 Nam
1366 805 1512 869 hactenus
1541 809 1659 887 quidem
1688 811 1903 876 inclinationes

542 896 646 958 circuli
668 914 723 975 per
746 901 851 957 centra
874 892 913 952 ad
936 892 1112 953 verticalem
1135 892 1217 954 fuere
1251 901 1433 972 annotatae,
1467 916 1524 957 nou
1548 917 1622 959 saue
1654 910 1779 980 propter
1803 903 1903 983 ipsum

541 984 731 1060 verticalem,
764 983 819 1044 sed
842 990 875 1044 ut
898 1000 950 1061 ρετ
973 981 1147 1043 verticalem
1178 982 1325 1044 scirentur
1355 984 1566 1046 inclinationes
1597 987 1686 1067 hujus
1719 990 1824 1054 circuli
1847 1014 1904 1075 per

542 1083 648 1136 centra
671 1074 710 1135 ad
733 1074 831 1154 ipsam
855 1070 1036 1150 eclipticam.
1074 1071 1131 1132 Hic
1145 1090 1218 1133 vcro
1242 1072 1453 1134 inclinationes
1477 1074 1581 1136 statim
1597 1077 1635 1137 ad
1654 1079 1752 1157 ipsam
1773 1082 1902 1145 fixarum

541 1164 701 1244 sphaeram
725 1162 903 1223 referuntur.
950 1160 1187 1221 Fundamentum
1212 1160 1315 1221 horum
1339 1162 1567 1241 problematum,
1593 1166 1672 1245 qnod
1695 1186 1810 1231 cornua
1834 1191 1902 1233 cum

540 1252 602 1314 bra
615 1252 644 1313 in
668 1260 782 1313 rectam
806 1248 969 1310 incidentia
988 1248 1108 1324 attinet,
1134 1257 1182 1310 est
1196 1249 1262 1323 boc,
1288 1250 1365 1330 quod
1385 1259 1565 1314 connectens
1590 1273 1731 1318 cornuum
1750 1268 1901 1339 extrema,

541 1341 598 1403 hoc
627 1350 675 1402 est
703 1339 853 1402 sectiones
886 1338 1019 1398 binomm
1050 1336 1245 1414 circulomm,
1280 1345 1329 1399 est
1360 1342 1614 1419 perpendicularis
1647 1350 1819 1411 transeunti
1847 1370 1904 1431 per

541 1437 654 1491 centra.
701 1427 851 1507 Exempla
874 1435 945 1489 sunt
968 1426 1064 1507 probl.
1089 1424 1143 1489 21.
1169 1435 1201 1488 ει
1224 1427 1254 1488 iu
1278 1429 1524 1491 antecedentibus
1549 1431 1669 1494 alicubi.

627 1517 826 1580 Problema
843 1516 915 1578 XX.
953 1515 1140 1595 Tempora
1162 1515 1331 1595 phasium
1351 1518 1596 1581 communiter
1614 1530 1804 1588 annotare.
1829 1527 1901 1591 Jam

539 1607 610 1670 olim
632 1605 891 1686 Regiomontanus
914 1623 951 1665 ex
970 1604 1155 1684 Albategnio
1178 1605 1333 1685 praecepit
1356 1615 1501 1669 annotare
1521 1606 1622 1670 Solis
1646 1611 1899 1680 altitudinem.

537 1694 586 1758 De
604 1705 693 1758 nocte
713 1696 880 1757 rectissime
905 1695 1028 1755 clarae
1053 1694 1210 1773 alicujus
1234 1693 1331 1755 fixae
1355 1695 1515 1757 altitudo
1539 1698 1675 1760 sumitur.
1711 1700 1745 1763 Si
1763 1705 1901 1770 nubilum

538 1785 653 1846 coelum
678 1784 719 1846 sit
741 1783 906 1845 latentibus
937 1782 1018 1856 fixis,
1048 1784 1172 1848 Lunae
1204 1782 1325 1862 ipsius
1357 1784 1519 1846 altitudo
1550 1796 1722 1851 annotatur.
1771 1791 1901 1858 Confert

538 1879 570 1934 ει
600 1874 717 1935 notatio
755 1871 1015 1934 azimuthorum
1052 1872 1157 1933 bomm
1190 1872 1328 1933 omnium.
1381 1870 1538 1942 Quomodo
1571 1896 1642 1938 rero
1674 1878 1743 1941 hinc
1776 1890 1899 1965 tempus

537 1961 703 2037 habeatur,
737 1961 767 2023 in
792 1961 930 2023 doctriua
952 1960 1040 2040 primi
1072 1969 1171 2021 motus
1195 1960 1312 2022 abunde
1337 1962 1468 2023 docetur.
1516 1965 1616 2028 Audio
1640 1967 1810 2031 clarissimo
1836 1975 1900 2037 viro

537 2050 734 2113 Melchiori
757 2049 778 2111 J
787 2049 946 2112 oestelio
975 2050 1029 2111 sub
1054 2049 1191 2111 manibus
1215 2068 1282 2110 esse
1307 2051 1459 2130 egregium
1488 2071 1579 2132 opus,
1612 2057 1900 2138 quadringentorum

535 2140 755 2219 problematum
775 2139 862 2221 primi
881 2139 999 2201 mobilis
1021 2158 1074 2219 per
1097 2138 1388 2219 prosthaphaereses
1407 2141 1502 2201 nudas
1518 2162 1638 2204 arcuum
1654 2154 1685 2206 et
1700 2146 1898 2213 chordarum:

538 2230 618 2309 quod
642 2230 749 2292 calculi
774 2247 869 2309 genus
893 2227 1028 2309 Tycboni
1050 2228 1120 2290 inde
1144 2247 1163 2288 a
1186 2228 1288 2289 multis
1311 2228 1398 2289 annia
1432 2229 1595 2306 familiare,
1628 2254 1683 2294 nec
1706 2238 1900 2303 mediocriter

539 2315 690 2380 aClavio
714 2319 896 2397 peremtum,
916 2320 981 2396 jam
1006 2318 1127 2378 tandem
1151 2337 1170 2376 a
1192 2316 1340 2378 Joestelio
1364 2318 1524 2397 perficitur.
1566 2321 1612 2382 Eo
1636 2322 1729 2402 igitur
1752 2327 1899 2392 lectorem

539 2406 658 2485 ablego.
675 2401 719 2481 ⁹⁴)
764 2407 843 2469 Nam
868 2407 943 2468 haec
976 2406 1168 2486 problemata
1200 2405 1406 2474 observatoria
1436 2416 1525 2469 sunt:
1560 2429 1635 2490 qnae
1660 2431 1731 2475 vero
1754 2416 1785 2476 in
1809 2428 1898 2497 parte

535 2495 634 2558 altera
657 2504 835 2577 sequentur,
868 2495 1008 2556 secundis
1032 2495 1212 2567 mobilibus,
1235 2513 1340 2575 nempe
1364 2494 1493 2557 motibus
1517 2498 1635 2573 Lunae,
1660 2503 1813 2579 servient,
1839 2527 1897 2569 nou

535 2585 633 2666 primo
666 2584 779 2647 mobili.
826 2584 928 2664 Tycbo
961 2584 1061 2646 Brabs
1091 2582 1298 2662 horologiis
1328 2583 1373 2646 uti
1406 2585 1496 2646 docet
1528 2587 1707 2667 expeditius.
1764 2593 1896 2658 Primum

534 2672 683 2753 horologii
716 2673 881 2753 periculum
911 2672 945 2733 fit
983 2691 1037 2753 per
1065 2672 1181 2753 aliquot
1204 2674 1267 2733 dies
1300 2674 1527 2752 praecedentes.
1574 2676 1653 2738 Dein
1677 2698 1696 2738 a
1720 2700 1896 2764 quacunque

534 2769 611 2825 nota
633 2762 717 2822 initio
751 2781 855 2823 cursus
890 2763 987 2834 facto,
1021 2770 1164 2823 notantur
1186 2761 1217 2822 in
1241 2780 1276 2821 eo
1300 2762 1412 2823 indicia
1435 2782 1492 2824 non
1525 2764 1662 2843 phasium
1697 2778 1816 2833 tantum
1842 2776 1894 2834 sed

534 2851 627 2914 ctiam
651 2851 863 2931 applicationis
889 2850 970 2912 Solis
994 2853 1042 2912 vel
1065 2851 1170 2912 Lunae
1193 2850 1242 2911 vel
1270 2851 1394 2912 fixarum
1420 2852 1457 2912 ad
1486 2854 1696 2933 meridianum,
1725 2862 1894 2924 antatium

535 2939 662 3002 cundem
686 2947 854 3002 etcertum
878 2940 1030 3002 circulum.
1077 2940 1127 3001 Ita
1155 2939 1267 3019 phases
1291 2959 1356 3001 cum
1386 2941 1520 3002 articulis
1545 2942 1603 3004 diei
1627 2963 1681 3023 per
1704 2957 1789 3011 certa
1813 2959 1893 3013 tem-

531 3028 615 3110 poris
639 3030 800 3091 intervalla
815 3029 854 3091 ab
878 3029 1030 3109 horologio
1056 3028 1190 3091 indicata
1214 3038 1440 3091 connectuntur.
1478 3029 1627 3110 Exempla
1642 3045 1712 3098 suut
1735 3038 1834 3117 probl.
1851 3039 1889 3103 21

528 3126 618 3180 etse
661 3165 669 3180 .

621 3138 791 3268 tillleclarabo
835 3214 936 3267 autem
973 3206 1078 3267 modos
1119 3206 1235 3286 aliquot
1274 3224 1329 3290 per
1367 3208 1515 3285 excnrpla.
1571 3210 1660 3271 Anno
1702 3211 1798 3278 1595.
1842 3215 1891 3280 13.

529 3292 582 3359 23.
603 3296 701 3375 April.
728 3292 829 3355 Gratii
854 3294 984 3376 Styriae,
1009 3313 1075 3355 cum
1099 3295 1216 3356 initium
1239 3295 1386 3373 eclipseos
1411 3296 1710 3376 animadverteretur,
1737 3304 1795 3366 fuit
1819 3307 1891 3368 alti-

529 3386 603 3445 tudo
624 3384 747 3446 Arcturi
767 3380 830 3445 dd⁰
844 3379 1023 3465 ὁλοσχερως,
1045 3383 1211 3445 astrolabio
1226 3402 1394 3464 papyraceo
1415 3384 1570 3448 dodrantis
1589 3388 1748 3453 latitudine
1769 3401 1802 3454 et
1815 3414 1893 3475 pen-

530 3473 609 3546 dulo,
634 3473 739 3533 Lunae
764 3491 835 3533 vero
860 3474 988 3534 altitudo
1014 3467 1092 3553 157,
1103 3469 1123 3533 ⁰.
1164 3471 1239 3534 Cum
1258 3473 1323 3550 jam
1348 3474 1430 3532 nulla
1453 3473 1502 3533 lux
1527 3477 1654 3556 amplius
1678 3499 1733 3559 per
1756 3502 1891 3545 crassum

528 3568 630 3623 aerem
655 3572 875 3640 transpareret,
893 3562 979 3622 Luna
1003 3562 1120 3622 scilicet
1144 3562 1278 3622 umbram
1301 3562 1421 3639 penitus
1446 3563 1594 3640 ingressa,
1619 3568 1749 3629 altitudo
1765 3573 1888 3635 Arcturi

526 3646 596 3724 34⁰,
623 3651 727 3711 Lunae
754 3648 793 3712 6⁰
816 3650 944 3711 circiter.
991 3651 1072 3729 Ergo
1097 3650 1193 3710 visum
1218 3649 1289 3710 mihi
1318 3661 1401 3710 esset
1429 3651 1545 3714 initium
1576 3654 1650 3717 hora
1681 3657 1733 3718 14.
1765 3658 1821 3725 59’
1855 3684 1891 3724 en

525 3740 687 3801 altitudine
703 3740 833 3801 Arcturi.
872 3739 920 3800 Ex
936 3739 1198 3800 observationibus
1219 3737 1369 3819 Tychouis
1389 3739 1533 3802 Huennae
1555 3743 1669 3805 initium
1690 3748 1891 3829 colligebatur

525 3828 552 3890 h.
582 3826 632 3891 14.
660 3829 723 3891 51’.
757 3830 869 3906 *Itaque
894 3847 976 3889 meus
1002 3829 1084 3888 locus
1109 3825 1150 3889 2⁰
1173 3841 1256 3888 esset
1280 3827 1463 3890 orientalior.
1506 3832 1551 3891 At
1575 3834 1775 3899 differentiam
1800 3844 1890 3921 paulo

525 3917 673 3998 majorem
697 3937 764 3978 esse
789 3917 910 3978 aliunde
935 3924 1050 3978 certum
1076 3924 1131 3979 est.
1181 3918 1289 3995 Itaque
1313 3935 1369 3976 non
1401 3916 1490 3995 plane
1520 3922 1690 3985 certissima
1718 3925 1795 3990 haec
1825 3949 1889 3991 mea

524 4007 697 4069 observatio
722 4007 788 4067 fuit.

613 4096 702 4155 Anno
731 4092 826 4159 1598.
865 4093 913 4155 11.
940 4091 992 4156 21.
1017 4093 1121 4166 Febr„
1149 4112 1204 4172 quo
1232 4103 1365 4172 ternpore
1396 4094 1628 4158 tintinnabulum
1651 4101 1733 4163 urbis
1757 4107 1888 4167 sonabat

523 4183 627 4244 horam
652 4184 784 4258 tertiam,
810 4183 947 4243 distabat
970 4182 1063 4262 Spica
1085 4203 1103 4242 a
1125 4183 1237 4242 vertice
1258 4176 1365 4263 56²l,⁰
1388 4184 1554 4262 quadrante
1579 4188 1676 4266 ligneo
1701 4193 1885 4271 spithamali.

522 4271 606 4333 Hora
630 4290 701 4351 crgo
727 4273 808 4334 urbis
832 4267 892 4352 ι1“1π
924 4273 1053 4333 nondum
1086 4271 1291 4331 internoscere
1315 4272 1398 4349 potui
1423 4273 1587 4348 defectum,
1623 4280 1676 4338 sed
1700 4284 1802 4359 potuit
1824 4285 1886 4347 fieri

524 4368 649 4439 propter
680 4363 773 4422 nubes
797 4362 857 4434 (sic
889 4360 982 4421 habet
1015 4380 1082 4421 mea
1106 4361 1293 4432 annotatio),
1318 4369 1349 4420 ut
1373 4369 1446 4421 tunc
1477 4362 1630 4444 inceperit.
1675 4368 1755 4430 Nam
1789 4373 1886 4435 minus

524 4450 639 4511 duobus
664 4450 881 4530 quadrantibus
905 4460 976 4533 post
1000 4451 1088 4511 Luna
1118 4449 1246 4509 nondum
1271 4468 1308 4508 ex
1333 4449 1454 4509 dimidio
1483 4451 1644 4515 obscurata
1667 4458 1758 4535 plane
1784 4475 1885 4523 erecta

518 4540 622 4614 stetit,
657 4541 842 4620 paulopost
866 4540 1000 4620 quintam
1035 4537 1158 4599 dimidia
1183 4539 1347 4598 diametros
1372 4538 1497 4613 defecit,
1521 4542 1609 4603 Luna
1637 4545 1703 4624 jam
1728 4548 1882 4615 inclinata.

483 4697 487 4704 g
518 4627 614 4692 Paulo
639 4637 709 4689 ante
735 4637 854 4690 sertam
880 4627 1054 4689 tenuissimo
1080 4646 1145 4688 cum
1170 4628 1281 4689 lumine
1305 4645 1337 4687 se
1362 4626 1417 4687 sub
1442 4631 1535 4690 nubes
1568 4632 1723 4710 subduxit,
1749 4639 1827 4700 adeo
1852 4651 1885 4704 ut

521 4716 676 4780 videretur
700 4717 797 4779 adhuc
822 4719 995 4779 decrescere
1020 4726 1051 4779 et
1075 4718 1173 4779 lumen
1199 4735 1286 4777 omne
1309 4715 1476 4794 perditura.
1515 4721 1586 4782 Fuit
1600 4720 1655 4784 Sol
1675 4724 1705 4785 in
1722 4722 1831 4791 2⁰2u‘
1846 4739 1883 4803 ιι.

516 4804 599 4887 Ergo
624 4807 699 4867 haec
724 4806 834 4886 Spicae
859 4807 987 4868 altitudo
1010 4806 1136 4868 adderet
1161 4806 1251 4866 horae
1276 4805 1357 4866 urbis
1382 4804 1496 4868 minuta
1516 4804 1568 4871 24.
1607 4808 1741 4876 Caderet
1765 4817 1884 4881 initium

515 4896 607 4974 paulo
638 4904 708 4969 ante
734 4892 772 4969 5,
808 4896 913 4957 ultima
945 4895 1050 4974 phasis
1080 4893 1202 4955 circiter
1226 4892 1280 4956 20⁴
1308 4901 1379 4973 post
1409 4905 1538 4960 sertam.
1585 4900 1627 4961 Et
1658 4902 1715 4964 fuit
1741 4904 1773 4966 id
1802 4908 1883 4972 circa

518 4984 657 5046 medium.
697 4976 784 5046 ‘llam
808 4983 1032 5063 Waudesburgi
1063 4983 1226 5045 observata
1262 4992 1310 5044 est
1338 5003 1395 5045 uou
1429 4988 1547 5064 penitus
1581 4989 1726 5067 deficere,
1763 4995 1882 5079 dequo

513 5072 665 5152 judicabis
699 5093 736 5134 ex
770 5093 837 5154 cap.
870 5074 910 5135 V.
945 5081 977 5134 et
1007 5073 1079 5134 Vll.
1125 5072 1274 5133 Referunt
1306 5079 1406 5133 autern
1439 5075 1600 5158 Tycbonici
1633 5081 1763 5145 medium
1793 5085 1882 5168 hujus

513 5161 638 5241 eclipsis
664 5162 817 5242 (principii
843 5161 1084 5224 observationem
1109 5161 1272 5242 adjuvaute
1296 5161 1422 5236 calculo,
1447 5184 1517 5228 nam
1535 5167 1603 5229 finis
1622 5168 1678 5231 sub
1693 5170 1790 5236 Terra
1809 5176 1881 5250 fuit)
