4584 6192
468 569 533 640 134
934 551 1355 666 ῥωμήν-,ιιι

465 767 681 828 rumcuuque
712 767 911 827 corporum
958 747 1046 818 Quae
1069 751 1148 810 enirn
1171 750 1227 811 snb
1258 749 1364 809 eodem
1394 765 1503 826 gruere
1530 753 1622 817 sd,
1653 754 1730 825 apta
1750 755 1821 807 suut

466 840 506 902 ad
528 858 563 899 se
593 849 698 900 nuno
729 838 907 910 afficienda
939 839 988 898 lux
1016 841 1086 917 (per
1108 839 1158 906 ¹1.)
1188 857 1256 898 cun
1286 838 1459 917 torpentes
1494 845 1617 913 propter
1647 834 1822 914 superficies

466 927 574 1008 quibus
596 926 797 987 terminantur
818 926 875 986 snb
897 927 1002 987 eodem
1025 945 1136 1005 genere
1159 943 1227 998 est;
1250 946 1341 1006 quare
1364 936 1440 1004 apta
1461 926 1501 984 ad
1523 923 1724 985 afficiendum.
1758 922 1821 985 Sed

466 1026 500 1078 et
520 1014 653 1076 afficitur
675 1033 791 1075 resera.
836 1015 1002 1076 Terminari
1029 1016 1109 1077 enim
1136 1026 1185 1076 est
1214 1016 1314 1075 affici:
1344 1016 1423 1075 tinea
1446 1035 1466 1073 a
1492 1032 1548 1073 suo
1573 1026 1686 1090 pmicto
1714 1012 1821 1073 termi-

467 1113 575 1177 natur3
598 1120 692 1182 quare
715 1102 754 1162 ab
777 1122 814 1163 eo
837 1105 977 1165 afficitur.
1014 1104 1117 1165 Motus
1135 1117 1184 1165 est
1207 1117 1302 1176 recta,
1324 1105 1409 1180 cujus
1432 1103 1576 1163 ternum
1599 1101 1821 1180 φιάιιιιεω

467 1203 518 1253 est
538 1204 682 1271 punctum
706 1191 735 1251 in
759 1193 915 1269 superficie
937 1203 1134 1264 occurrente;
1163 1207 1195 1252 et
1222 1193 1401 1252 infinitorum
1425 1191 1500 1252 iacis
1527 1190 1679 1250 radiorum
1702 1188 1822 1252 termini

469 1291 541 1343 snut
563 1278 680 1341 infinita
702 1290 824 1358 puncta,
850 1281 878 1341 id
902 1295 953 1341 est
974 1282 1158 1360 superficies,
1182 1301 1259 1362 quae
1281 1301 1319 1341 ex
1342 1281 1402 1340 iliis
1424 1280 1512 1358 qnasi
1534 1288 1667 1339 constat.
1709 1321 1715 1330 ·

558 1368 648 1447 Prop.
672 1367 760 1429 Xiil.
806 1368 1007 1431 Deneorum
1037 1389 1226 1448 corporum
1250 1390 1312 1430 seu
1345 1387 1492 1448 quorum
1523 1368 1660 1428 multae
1689 1375 1825 1445 partes

471 1457 655 1520 materiae
698 1468 892 1534 angustam
938 1458 1092 1537 implent
1142 1459 1389 1531 soliditatem,
1439 1456 1662 1534 superficies
1708 1456 1825 1516 etiam

449 1547 607 1609 ,densae
628 1554 720 1607 aunt
743 1545 1017 1624 quodammodo,
1049 1561 1224 1626 respectu
1252 1547 1404 1607 scilicet
1427 1565 1482 1617 eo,
1509 1564 1578 1624 quo
1603 1546 1662 1604 iux
1686 1553 1722 1604 et
1744 1563 1824 1605 cor·

469 1653 561 1715 pora
592 1653 631 1695 ss
662 1643 783 1694 mutuo
815 1635 1006 1696 afficiunt
1052 1637 1133 1697 Nam
1161 1637 1220 1696 etsi
1250 1635 1481 1714 superficiebus,
1513 1644 1548 1693 ut
1570 1633 1711 1713 quantis,
1743 1632 1827 1694 nulia

470 1722 584 1786 accidit
604 1721 776 1793 crassities,
810 1735 960 1801 quaeest
985 1743 1158 1802 corpomm,
1189 1734 1290 1785 tamen
1314 1736 1348 1785 ut
1375 1733 1447 1784 suut
1478 1723 1638 1782 densorum
1665 1739 1823 1800 corporum

471 1821 594 1892 propter
617 1812 695 1872 hanc
717 1812 906 1871 materialem
929 1813 1143 1890 geometricam
1175 1813 1384 1877 differentiam.
1407 1825 1438 1871 et
1463 1813 1548 1889 ipsae
1571 1811 1685 1871 densae
1708 1810 1827 1871 intelli·

431 1893 441 1908 ’
472 1913 599 1981 guntur,
633 1919 699 1960 cum
732 1900 794 1959 sint
825 1902 1005 1961 materiatae
1038 1902 1222 1981 superficies.
1276 1900 1412 1963 Clarius:
1451 1899 1588 1960 densitas
1620 1910 1670 1960 est
1701 1899 1829 1960 affectus

474 1989 631 2061 materiae,
655 2006 732 2068 quae
755 1989 883 2067 suscipit
905 2003 971 2052 tres
992 1990 1204 2064 dimensiones,
1229 1992 1266 2052 de
1283 1990 1330 2051 bis
1353 1989 1520 2068 superficiei
1543 1988 1621 2050 duae
1644 1996 1828 2065 competunt.

475 2077 559 2156 Ergo
591 2077 777 2157 participant
807 2078 845 2137 de
878 2097 1033 2159 corporum
1065 2079 1217 2140 densitate
1248 2097 1303 2139 suo
1340 2079 1471 2139 modulo.
1528 2076 1603 2137 luci
1637 2093 1708 2137 rero
1741 2094 1831 2154 supra

477 2166 582 2228 eodem
606 2174 745 2246 respectu
769 2167 967 2244 superficialis
991 2168 1138 2246 quaedam
1162 2169 1299 2228 densitas
1322 2166 1541 2227 ascribebatur.

565 2253 657 2334 Prop.
681 2253 769 2314 xlv.
817 2255 898 2317 Lux
920 2275 984 2335 per
1005 2257 1200 2317 densorum
1229 2256 1448 2335 superficies
1477 2252 1695 2332 impeditius
1725 2261 1829 2314 tran·

474 2343 545 2418 sit,
570 2352 751 2423 quatenus
775 2343 922 2404 densae.
970 2343 1046 2407 Cum
1070 2346 1148 2406 enim
1172 2346 1230 2406 inci
1258 2353 1413 2423 competat
1435 2353 1534 2404 motus
1557 2360 1613 2421 per
1639 2342 1671 2412 t,
1693 2341 1832 2421 proprie-

479 2441 563 2493 tates
585 2450 703 2512 quoqne
727 2442 827 2492 motus
848 2434 923 2493 recti
947 2435 975 2494 ei
999 2446 1181 2513 competent.
1219 2432 1321 2503 Quare
1345 2444 1376 2495 et
1400 2432 1643 2511 impedimentum
1662 2450 1683 2489 a
1700 2429 1832 2491 densiori

475 2519 584 2582 medio.
621 2520 691 2582 Nou
715 2538 787 2581 vero
810 2530 959 2601 quatenns
983 2523 1111 2584 solidum
1134 2542 1189 2601 per
1216 2520 1265 2596 ¹0,
1289 2540 1362 2600 ergo
1385 2531 1533 2599 quatenus
1557 2518 1714 2597 superficie
1737 2519 1834 2579 densa

475 2608 662 2670 terminatur.
701 2606 841 2670 Clarius:
865 2610 940 2671 lucis
964 2624 1063 2673 motus
1086 2611 1411 2672 consensionum
1436 2610 1612 2670 extensione
1634 2626 1688 2686 per
1706 2604 1738 2681 6,
1762 2605 1832 2685 quia

477 2714 598 2776 semper
620 2696 659 2757 ab
683 2715 742 2758 uno
765 2699 848 2759 fonte
872 2699 901 2759 iu
925 2719 1029 2761 omnes
1053 2702 1201 2779 regiones.
1248 2699 1335 2761 Sicut
1357 2718 1429 2777 ergo
1458 2696 1630 2777 superficies
1653 2695 1693 2756 ob
1717 2696 1834 2757 infinita

476 2795 590 2865 puncta
612 2785 731 2847 resistit
752 2787 855 2855 motui,
880 2790 929 2866 qui
953 2790 1053 2850 estin
1080 2790 1182 2857 lineis,
1205 2790 1250 2850 sic
1273 2788 1446 2867 superficies
1475 2787 1571 2846 densa
1598 2785 1717 2845 resistit
1739 2784 1832 2845 motui

476 2874 664 2947 extenuanti,
688 2892 754 2935 ontu
778 2875 915 2937 densitas
938 2888 970 2938 et
993 2879 1168 2939 extenuatio
1191 2880 1253 2938 sint
1275 2878 1332 2937 sub
1355 2877 1460 2936 eodem
1484 2894 1603 2953 genere.

565 2962 656 3041 Prop.
680 2962 754 3024 XV.
802 2962 995 3027 colorest
1020 2968 1081 3027 iux
1105 2966 1347 3046 inpotentia,
1380 2965 1439 3025 lux
1471 2963 1628 3042 sepulta
1649 2962 1685 3023 in
1709 2961 1833 3040 pellu-

478 3050 556 3114 cidi
580 3051 753 3123 materia,
784 3053 814 3113 si
843 3054 920 3133 jam
953 3065 1061 3116 extra
1094 3055 1274 3117 visionem
1305 3053 1582 3124 consideretur;
1615 3062 1652 3111 et
1685 3048 1834 3111 diversi

475 3140 619 3221 gradus
642 3140 675 3201 in
700 3140 956 3219 dispositione
980 3145 1174 3218 materiae,
1203 3163 1315 3204 causa
1342 3142 1519 3203 raritatis
1542 3152 1578 3201 et
1606 3138 1832 3211 densitatis,

475 3248 537 3290 seu
561 3227 749 3308 pellucidi
772 3241 809 3289 et
831 3234 1089 3308 tenebrarum,
1113 3233 1256 3293 diversi
1281 3233 1370 3293 item
1394 3231 1532 3308 gradus
1556 3227 1717 3301 luculae,
1742 3246 1834 3306 quae

477 3318 662 3380 materiae
699 3328 760 3379 est
790 3330 976 3393 concreta,
1016 3322 1189 3383 efficiunt
1229 3320 1445 3382 discrimina
1479 3313 1699 3385 colorum.*)
1757 3315 1836 3378 Cum

476 3406 554 3467 enim
579 3406 706 3481 colores,
732 3407 780 3487 qui
804 3420 965 3470 cernuntur
989 3411 1016 3470 in
1042 3411 1125 3483 iride,
1151 3411 1213 3470 sint
1236 3430 1273 3470 ex
1297 3410 1401 3469 eodem
1425 3427 1535 3487 genere
1560 3406 1636 3468 unde
1661 3413 1693 3466 et
1716 3406 1836 3466 colores

475 3496 505 3557 in
530 3493 629 3567 rebus,
653 3496 758 3557 eadem
784 3498 842 3558 erit
865 3508 1054 3578 utrorumque
1078 3499 1173 3577 origo.
1221 3498 1282 3560 Sed
1307 3499 1349 3559 iiii
1379 3507 1497 3557 tantum
1520 3515 1557 3556 er
1582 3494 1628 3554 bis
1651 3495 1717 3570 jam
1742 3494 1834 3556 dictis

477 3584 578 3645 carreis
602 3583 747 3646 oriuntur.
795 3583 891 3648 Oculo
924 3588 1002 3648 enim
1033 3589 1183 3649 translato
1207 3609 1226 3647 a
1253 3588 1312 3648 situ
1346 3587 1479 3646 variatur
1509 3585 1599 3644 color.
1646 3582 1687 3643 Et
1710 3582 1832 3663 quidem

478 3674 508 3732 in
532 3671 659 3732 confinio
685 3673 758 3733 lucis
782 3685 813 3734 et
837 3677 959 3737 umbrae
984 3695 1087 3737 omnes
1111 3677 1269 3746 resultant,
1294 3686 1326 3735 ut
1350 3685 1464 3735 certum
1484 3673 1534 3745 sit,
1560 3692 1596 3732 ex
1620 3672 1834 3732 attenuatione

478 3761 553 3823 lueis
585 3770 618 3821 et
648 3762 900 3840 superinjeetione
933 3766 1077 3826 materiae
1110 3784 1224 3845 aqueae
1258 3764 1400 3825 existere.
1447 3761 1548 3832 Quare
1581 3769 1612 3822 et
1641 3760 1671 3822 hi
1699 3760 1833 3821 indidem

476 3850 618 3912 orientur.
674 3849 798 3928 Eritqne
827 3853 884 3913 hoc
917 3854 1112 3928 discriminis,
1146 3854 1224 3933 quod
1256 3854 1285 3913 in
1318 3853 1391 3913 iride
1422 3853 1472 3912 iux
1504 3849 1672 3910 adventitia
1702 3858 1767 3923 est,
1803 3848 1833 3910 in

477 3938 626 4000 coloribus
650 3957 721 3999 sero
747 3941 850 4013 insita,
886 3943 1050 4015 eomodo,
1084 3962 1141 4023 qno
1166 3944 1324 4003 muitomm
1357 3940 1529 4000 animalium
1561 3938 1699 4017 partibus
1729 3937 1835 3998 insunt

476 4027 595 4108 aliquae
620 4028 702 4089 luces
726 4038 815 4104 actn3
840 4032 974 4111 adeoque
999 4032 1075 4111 quod
1100 4032 1241 4093 differunt
1263 4029 1401 4109 potentia
1424 4029 1533 4089 caloris
1559 4029 1587 4088 in
1616 4026 1769 4106 zingibere
1795 4024 1834 4087 ab

406 4177 409 4182 .
477 4122 546 4177 actu
569 4117 679 4179 caloris
704 4117 731 4177 iu
757 4117 844 4197 igne,
878 4120 934 4180 hoc
968 4121 1086 4181 videtur
1118 4120 1238 4181 differre
1263 4120 1312 4179 lux
1340 4120 1369 4179 in
1403 4117 1531 4178 materia
1563 4117 1701 4177 colorata
1723 4136 1742 4175 a
1767 4116 1835 4178 lnce

477 4203 504 4264 in
530 4202 612 4266 Sole.
660 4205 693 4267 Id
718 4206 797 4267 enim
822 4207 850 4270 in
875 4210 1010 4288 potentia
1034 4219 1097 4283 est,
1123 4209 1200 4288 quod
1225 4228 1258 4268 se
1283 4227 1340 4269 non
1365 4206 1578 4279 communicat,
1603 4204 1657 4265 sed
1681 4204 1763 4267 intra
1785 4201 1834 4268 sui

476 4327 716 4338 ——-—-——-.
751 4333 794 4339 ω,-

565 4389 593 4453 ⁸)
615 4384 681 4441 Cum
702 4388 774 4441 haec
794 4387 915 4441 definitio
936 4396 1077 4455 competat
1098 4388 1235 4441 coloribus
1257 4389 1404 4439 secundum
1426 4384 1516 4453 magis
1531 4391 1560 4437 et
1574 4383 1671 4444 minus,
1694 4381 1834 4436 minimum

476 4466 562 4540 igitur
583 4467 715 4536 competit
735 4466 891 4538 nigerrimo.
935 4470 1004 4523 Nam
1026 4468 1049 4521 is
1075 4477 1119 4520 est
1145 4469 1265 4520 colorum
1293 4466 1409 4518 omnium
1432 4464 1563 4516 terminus
1587 4470 1617 4516 et
1637 4462 1726 4516 babet
1746 4480 1777 4517 se
1799 4464 1836 4516 ad

475 4547 581 4602 colores
602 4554 635 4600 ut
654 4556 784 4616 punctum
805 4566 835 4600 se
857 4549 945 4602 habet
965 4551 999 4602 ad
1020 4548 1135 4610 lincam,
1159 4550 1193 4599 ad
1216 4547 1389 4616 quantitates
1416 4544 1570 4613 pertinens,
1601 4543 1725 4612 quamvis
1746 4559 1836 4613 quan·

476 4625 544 4682 titas
566 4626 685 4682 nonsit.
728 4628 773 4680 ita
801 4636 831 4682 et
860 4628 1024 4698 nigerrimus
1046 4628 1121 4679 color
1142 4628 1203 4679 luce
1233 4625 1381 4695 potentiali
1408 4624 1479 4677 omni
1510 4622 1671 4677 destituitur
1697 4623 1836 4693 metisque

476 4708 598 4764 tenebris
618 4706 773 4763 materiatis
795 4715 914 4763 constat.
956 4710 996 4762 Et
1015 4706 1126 4760 radians
1142 4706 1169 4759 iu
1190 4709 1334 4761 obscuram
1356 4721 1493 4759 canrmam
1507 4720 1561 4757 uon
1583 4702 1676 4772 pingit
1696 4703 1837 4772 parietem

476 4786 556 4860 nigro
578 4789 626 4843 sed
646 4786 764 4850 cinereo,
786 4805 837 4842 nec
858 4793 1066 4858 agnosceretur,
1090 4786 1141 4839 nisi
1163 4787 1377 4840 circumdaretur
1398 4784 1543 4854 speciebus
1564 4783 1682 4836 aliorum
1702 4784 1836 4847 colorum,

476 4868 570 4941 itaque
591 4885 662 4938 pens
685 4874 791 4922 tantum
806 4870 857 4923 sub
878 4868 996 4930 ratione,
1011 4865 1162 4920 deficientis
1177 4884 1247 4935 pene
1265 4866 1350 4921 omnis
1365 4864 1536 4926 radiationis,
1553 4863 1579 4916 iu
1594 4863 1705 4932 pictura
1718 4863 1841 4932 parietis

476 4948 646 5023 agnoscitur.
688 4948 822 5017 Superest
843 4956 948 5008 tamen,
978 4948 1047 5017 quod
1077 4946 1196 5010 mireris,
1227 4956 1333 5001 tantum
1354 4963 1436 5015 posse
1463 4944 1621 5005 materiam,
1648 4949 1681 4995 ut
1701 4959 1752 5012 per
1774 4958 1839 4997 eam

477 5030 524 5084 lux
547 5030 654 5083 hortem
676 5043 768 5090 suum,
797 5028 906 5098 nigrum
927 5027 1057 5089 colorem,
1079 5027 1132 5080 hoc
1153 5034 1197 5079 est
1223 5044 1313 5079 meras
1340 5028 1470 5080 tenebras
1496 5024 1622 5078 radiosus
1650 5040 1737 5093 reque
1758 5023 1839 5093 ipsus

476 5108 600 5163 nounibil
621 5108 646 5162 in
669 5106 813 5178 superficie
835 5106 948 5176 objecta
968 5106 1116 5177 pingentes
1138 5101 1300 5160 constituat.
