4584 6192
879 575 910 623 11
927 574 996 623 aava
1015 573 1167 625 1111111111
1186 575 1232 627 se.
1671 584 1736 652 153

380 751 482 822 derat,
508 759 539 811 et
563 770 640 811 anno
672 746 756 812 1610
781 751 935 812 Bononiae
959 752 1038 830 apud
1068 754 1223 832 Maginum
1255 755 1358 815 sedem
1386 757 1450 817 lixit
1474 760 1595 834 („vivo‚
1628 763 1734 842 inquit,

379 840 459 919 apud
483 840 693 918 Maginum“)‚
728 840 891 900 medicinae
926 847 958 899 et
990 841 1221 903 mathematicae
1254 843 1385 904 deditos.
1433 847 1556 908 Testem
1589 851 1734 914 habemus

379 928 495 1008 Magini
521 929 615 1007 ipsius
640 929 812 1007 epistolam,
843 948 930 1006 quam
955 930 983 989 in
1008 949 1156 992 manuscr.
1181 933 1303 1009 Petrop.
1338 934 1603 1011 deprelrondimus3
1638 947 1735 1003 testes

379 1018 506 1096 denique
536 1019 640 1079 literas
673 1019 751 1078 haud
784 1038 914 1096 paucas,
950 1038 1024 1097 quas
1058 1021 1180 1080 exlribet
1211 1021 1258 1081 ed.
1293 1019 1351 1100 Op.
1387 1021 1518 1085 Galilaei
1551 1028 1734 1092 Florentino.

378 1106 543 1167 Horklus
570 1107 612 1178 (d.
638 1104 797 1168 3111111.
826 1103 925 1177 1610)
951 1109 1034 1167 initio
1059 1109 1201 1169 dubitans
1226 1128 1322 1187 pauca
1346 1112 1420 1171 haec
1444 1114 1526 1173 dedit
1549 1116 1698 1195 Keplero:

470 1211 513 1266 ,Si
530 1212 653 1260 Nuntium
671 1211 799 1260 Sidereum
812 1213 843 1259 de
861 1218 970 1275 quatuor
985 1215 1053 1260 noris
1072 1214 1180 1275 planetis
1199 1229 1244 1276 per
1256 1231 1295 1262 me
1313 1218 1440 1265 remissum
1462 1226 1607 1269 consecutus
1621 1237 1656 1279 es,
1670 1223 1696 1272 id
1707 1231 1736 1272 nt

379 1283 558 1331 soluiiactum.
585 1284 630 1331 Est
643 1299 681 1331 res
694 1285 815 1338 miranda,
835 1292 873 1332 est
885 1299 923 1331 ras
937 1285 1067 1346 stupenda.
1095 1285 1164 1333 Vera
1177 1300 1208 1333 an
1224 1286 1297 1342 laisa,
1311 1288 1420 1351 ignoro.“
1447 1288 1601 1340 Concludam
1616 1295 1736 1355 judicium

379 1355 480 1418 Kepleri
494 1355 524 1403 de
537 1355 574 1402 his
589 1356 727 1417 ,1111111111Μ
743 1357 787 1402 sibi
802 1357 911 1417 expetit:
932 1356 1004 1417 paulo
1019 1371 1074 1402 vero
1088 1364 1144 1418 post
1158 1355 1193 1416 (d.
1209 1354 1233 1404 li.
1249 1355 1322 1420 Aps.)
1334 1361 1386 1420 jam
1401 1360 1562 1410 confidentius
1576 1364 1693 1425 affirmat,
1707 1382 1734 1415 11

379 1435 468 1473 111111
487 1425 625 1473 Galilaenm
654 1427 684 1473 de
711 1434 816 1489 quatuor
843 1426 905 1473 fictis
933 1426 1038 1488 planetis
1063 1429 1087 1474 in
1117 1428 1240 1489 publicum
1268 1430 1363 1491 prodire
1391 1446 1439 1478 non
1468 1434 1618 1495 veniturum,
1647 1437 1736 1485 deindo

379 1495 416 1556 (d.
438 1494 680 1559 1111111111.
710 1499 734 1544 iu
755 1498 841 1559 quibus
861 1497 960 1544 scribit:
991 1513 1053 1560 ,ego
1073 1498 1209 1546 solitariam
1229 1500 1304 1548 vitam
1328 1516 1393 1549 cnm
1418 1517 1483 1577 preo
1503 1503 1632 1568 Magino
1652 1507 1735 1566 amo,“

378 1567 445 1615 hana
466 1568 569 1616 Galilaei
589 1569 680 1616 nomini
699 1569 821 1616 maculam
841 1568 981 1630 adspergit:
1002 1576 1056 1616 tota
1075 1571 1099 1616 in
1119 1570 1233 1618 Bononia
1250 1571 1316 1620 male
1336 1574 1413 1627 audit,
1433 1574 1491 1636 qnia
1509 1576 1590 1638 capilli
1610 1578 1736 1634 decidunt,

378 1646 434 1687 tota
453 1641 516 1687 cotis
535 1649 560 1688 at
579 1640 687 1688 cuticula
706 1640 764 1686 floro
785 1640 879 1687 Gallico
898 1646 987 1697 scatet,
1007 1643 1117 1687 cranium
1136 1641 1239 1690 laesum.
1260 1644 1284 1690 in
1304 1644 1403 1691 cerebro
1422 1645 1547 1700 delirium,
1567 1649 1642 1709 optici
1660 1651 1737 1707 nervi,

379 1712 438 1773 quia
456 1712 529 1758 nimis
558 1713 652 1759 curiose
672 1718 697 1759 et
716 1726 830 1773 pompose
859 1712 974 1773 scrupula
1001 1713 1080 1772 prima
1099 1719 1123 1758 et
1142 1713 1253 1759 secunda
1281 1717 1348 1762 circa
1365 1714 1452 1763 Jorem
1477 1718 1628 1773 observarit,
1656 1722 1737 1783 rupti;

379 1782 452 1840 visus,
474 1781 582 1833 auditus.
602 1789 687 1846 gustus
708 1789 833 1830 attactus
853 1783 942 1843 periit:
969 1783 993 1829 in
1012 1783 1125 1829 manibus
1145 1783 1273 1846 chiragra,
1302 1787 1360 1849 quia
1387 1786 1578 1850 philosophicam
1598 1797 1623 1838 et
1641 1791 1740 1841 mehe.

379 1855 498 1902 maticam
518 1856 648 1914 pecuniam
668 1854 750 1900 furtim
770 1852 876 1900 sustulit.
915 1853 963 1900 Cor
981 1853 1093 1915 palpitat.
1114 1855 1173 1916 quia
1192 1855 1301 1903 fabulam
1331 1856 1463 1905 coelestem
1489 1861 1600 1908 omnibns
1618 1862 1737 1911 vendidit.

379 1924 504 1972 Intestina
523 1931 643 1972 tumorem
662 1931 760 1987 praeter
780 1931 893 1971 naturam
912 1925 1046 1986 deponunt,
1075 1926 1134 1987 quia
1152 1925 1253 1973 ulterius
1274 1928 1339 1989 apud
1368 1929 1489 1976 studiosos
1509 1937 1534 1978 et
1552 1933 1615 1979 siros
1633 1933 1741 1984 illustres

378 2010 428 2044 non
448 1996 540 2044 titillat.
578 1995 658 2044 Pedes
677 1997 788 2058 podagra
807 1996 925 2050 clamant,
945 1996 1002 2057 qnia
1020 2009 1064 2057 per
1082 2011 1167 2043 omncs
1187 2003 1291 2058 quatuor
1309 1999 1392 2061 anguli
1412 2001 1501 2049 limites
1520 2011 1634 2066 vagatur.
1670 2006 1740 2056 Felix

379 2081 411 2115 ac
430 2074 515 2130 terque
535 2073 669 2129 quaterque
683 2068 770 2114 beatus
789 2067 906 2120 medicus,
921 2069 961 2129 qni
980 2066 1101 2113 infirmum
1117 2069 1266 2123 „nuncium“
1288 2070 1320 2117 ad
1333 2072 1467 2119 sanitatem
1480 2074 1608 2135 pristinam
1626 2076 1738 2127 reducat.

379 2137 426 2187 His
446 2140 471 2185 in
490 2139 637 2200 postscripto
658 2137 727 2185 addit
746 2137 868 2184 Horisius:
890 2137 1042 2185 Concredam
1062 2138 1105 2184 tibi
1125 2138 1222 2191 furtum,
1243 2140 1306 2200 quod
1324 2141 1380 2189 ieci.
1413 2142 1539 2191 Galilaeus
1558 2146 1625 2193 veuit
1644 2148 1676 2196 ad
1694 2163 1740 2197 nos

380 2208 529 2258 Bononiam.
550 2217 575 2256 et
593 2209 756 2271 perspicillum
776 2208 843 2264 illud,
863 2224 906 2270 per
925 2208 987 2270 quod
1007 2214 1112 2269 quatuor
1137 2208 1208 2255 fictos
1231 2210 1345 2270 planetas
1364 2212 1432 2267 sidit,
1452 2214 1545 2261 attulit.
1581 2215 1634 2280 Ego
1653 2215 1694 2264 21.
1716 2226 1742 2267 11

383 2279 425 2328 ¹25.
441 2280 533 2342 Aprilis
552 2280 591 2327 die
611 2288 637 2326 at
654 2287 727 2327 noete
746 2294 871 2341 nunqnam
891 2280 999 2333 dormiri,
1019 2279 1062 2325 sed
1080 2280 1269 2327 instrumentum
1287 2280 1334 2330 hoa
1348 2282 1452 2331 Galilaei
1471 2285 1558 2333 millias
1576 2288 1644 2336 mille
1661 2290 1740 2338 modis

383 2352 495 2413 probari,
516 2360 567 2399 tam
587 2353 611 2398 11
625 2351 662 2399 his
682 2352 843 2404 interioribus,
863 2364 935 2413 qnam
948 2352 973 2397 in
987 2351 1158 2411 superioribus.
1186 2351 1213 2397 ln
1231 2352 1385 2401 interioribus
1398 2355 1459 2403 iacit
1476 2357 1608 2419 mirabilia,
1625 2360 1651 2408 in
1670 2361 1739 2409 coelo

382 2422 458 2475 fallit,
477 2424 535 2485 qnia
553 2423 618 2470 aliae
637 2422 724 2469 stellae
744 2421 808 2469 fixae
828 2422 968 2483 duplicatae
988 2421 1107 2468 videntur.
1135 2420 1176 2469 Sic
1190 2422 1316 2471 observari
1335 2432 1407 2473 nocta
1426 2436 1544 2490 sequente
1564 2443 1619 2476 cum
1633 2430 1739 2481 Galilaei

377 2494 519 2556 perspicillo
548 2493 689 2547 stellulam,
718 2506 782 2556 quae
801 2507 874 2554 super
892 2492 998 2540 mediam
1026 2493 1098 2539 trium
1118 2492 1142 2539 in
1163 2493 1245 2540 cauda
1263 2492 1342 2543 Ursae
1369 2498 1469 2558 majoris
1494 2499 1594 2558 visitur,
1615 2508 1641 2549 at
1660 2516 1738 2567 aequa

379 2572 487 2628 quatuor
504 2566 680 2612 minutissimas
709 2563 818 2613 stelluias
847 2565 939 2611 vicinas
958 2562 1015 2618 ridi,
1043 2564 1079 2610 uti
1098 2562 1226 2611 Galilaens
1249 2564 1275 2611 11
1293 2564 1354 2614 Jove
1383 2568 1525 2616 observarit.
1555 2568 1643 2620 Habeo
1661 2579 1738 2623 testes

381 2635 602 2684 excellentissimos
621 2638 683 2683 siros
703 2633 757 2693 11,
779 2649 863 2682 omnes
882 2636 1070 2682 instrumentum
1089 2632 1174 2681 tallere
1193 2641 1251 2683 sunt
1269 2637 1381 2684 confessi.
1410 2640 1443 2686 At
1462 2639 1589 2689 Galilaaus
1608 2643 1737 2699 obmutuit,

378 2705 467 2756 1126.
488 2708 527 2755 die
541 2707 628 2755 Lunae
648 2708 723 2754 tristis
744 2708 775 2755 ab
793 2707 827 2754 ill.
849 2705 881 2753 D.
896 2706 998 2768 lllagino
1018 2706 1130 2752 discessit
1143 2719 1237 2753 summo
1250 2721 1333 2763 mane,
1353 2716 1378 2756 et
1391 2724 1433 2771 pro
1453 2710 1585 2770 1111111111,
1606 2716 1737 2778 cogitatio·

378 2779 451 2827 nibus
469 2779 586 2833 induitis,
606 2779 664 2841 quia
682 2778 792 2826 tabulam
810 2778 932 2836 vendidit,
953 2776 1075 2838 repletus,
1100 2778 1194 2839 gratias
1212 2792 1262 2824 non
1281 2779 1340 2842 egit.
1379 2779 1423 2828 ch
1441 2780 1490 2829 hab
1509 2782 1555 2831 das
1573 2786 1737 2847 perspicillum

378 2850 405 2898 11
424 2849 516 2897 Wachs
536 2849 712 2913 abgestochen,
732 2849 777 2897 das
796 2848 912 2896 niemand
930 2849 1015 2902 weiss,
1034 2846 1085 2893 und
1102 2862 1174 2894 wenn
1193 2849 1239 2895 mir
1258 2849 1317 2897 Gott
1335 2850 1426 2899 wieder
1444 2868 1475 2899 zu
1493 2852 1577 2902 Eauss
1595 2854 1664 2913 hilit,
1689 2857 1739 2906 will

379 2919 420 2968 ich
440 2920 540 2969 helein
560 2934 670 2982 passeres
690 2920 854 2983 perspicillum
872 2917 978 2966 macheu
998 2918 1034 2965 als
1053 2917 1096 2964 der
1115 2917 1251 2965 Galilaens.
1724 2931 1726 2936 ·

469 2990 587 3055 Maginus
615 2991 713 3054 quidem
741 2990 860 3039 Horkium
883 2988 1078 3041 dehortabatur,
1106 2990 1147 3051 qui
1175 2996 1262 3037 contra
1281 2990 1420 3039 Galilaenm
1439 2994 1464 3040 in
1492 2995 1615 3056 publicum
1642 2998 1738 3060 prodire

375 3066 430 3125 iam
449 3070 528 3111 antea
545 3070 647 3124 paratus
666 3065 815 3125 propositum
835 3062 958 3110 adfinem
982 3060 1102 3123 perduxit.
1138 3062 1257 3109 Attamen
1275 3062 1327 3123 ipse
1346 3077 1441 3125 quoque
1459 3066 1600 3116 matheseos
1618 3070 1739 3131 professor

377 3134 453 3183 simili
472 3136 568 3183 ratione
587 3134 688 3196 Kepleri
706 3141 814 3181 mentam
833 3148 882 3181 nou
901 3131 1009 3195 percepit
1027 3132 1091 3178 sicut
1110 3134 1245 3187 Zuccarus,
1265 3147 1336 3194 quem
1355 3135 1560 3196 supradiximus.
1595 3139 1635 3187 Ad
1653 3140 1738 3190 literas

379 3207 445 3254 enim
474 3205 584 3267 Kepleri,
615 3219 675 3266 quas
703 3205 874 3253 transmittens
902 3203 1041 3252 Bononiam
1070 3200 1309 3259 ,Dissertationem“
1330 3202 1432 3267 hlagino
1460 3207 1579 3264 dederat,
1607 3209 1671 3259 haec
1696 3210 1737 3260 ilie

378 3277 524 3339 respondit:
543 3275 598 3324 Tua
617 3275 755 3323 dissertatio
776 3290 830 3323 cnm
849 3275 939 3321 nuncio
958 3272 1061 3325 sidereo,
1080 3273 1177 3320 inclusa
1195 3272 1272 3321 literis
1291 3273 1314 3320 d.
1335 3272 1377 3322 20.
1398 3275 1482 3325 Martii
1501 3280 1559 3327 mihi
1579 3286 1617 3328 est
1635 3282 1737 3331 tradita,

377 3347 512 3397 Methodns
532 3347 621 3410 placet.
643 3346 754 3394 Galilaea
768 3345 835 3393 haud
854 3352 951 3409 gratam
970 3344 1078 3392 loturam
1092 3343 1174 3398 credo,
1194 3345 1252 3406 qnia
1264 3344 1297 3392 ad
1309 3359 1356 3393 sna
1373 3349 1494 3411 principia
1512 3358 1639 3414 arguisse
1652 3351 1738 3402 *smine

377 3421 509 3468 revocasti.
548 3418 660 3477 Quatnor
678 3425 775 3466 tantum
794 3418 850 3465 novi
868 3416 977 3465 Jovialas
996 3415 1080 3463 lamuli
1106 3414 1249 3462 eliminandi
1269 3423 1294 3463 et
1313 3419 1451 3468 excutiendi
1476 3421 1652 3485 relinquuntur.
1689 3424 1739 3473 Vix

377 3490 507 3539 obtinebit.
546 3487 588 3535 tt.
609 3487 651 3536 25.
672 3489 762 3550 Aprilis
781 3502 838 3536 mea
856 3489 880 3535 in
900 3487 971 3534 domo
990 3502 1034 3534 suo
1054 3501 1109 3534 cum
1128 3486 1265 3547 perspicillo
1289 3492 1458 3549 pernoctavit,
1477 3507 1551 3541 novos
1569 3492 1614 3541 hos
1633 3496 1737 3543 circula·

377 3570 445 3610 tores
464 3560 593 3609 ostendere
623 3561 741 3622 cupiens;
767 3558 826 3606 nihil
846 3559 912 3606 lecit.
949 3556 1014 3605 Nam
1033 3557 1113 3620 magis
1137 3570 1211 3618 quam
1231 3555 1265 3603 20
1284 3558 1327 3604 siri
1356 3558 1490 3609 doctissimi
1519 3563 1637 3621 aderant,
1665 3580 1738 3613 nemo

377 3640 464 3681 tamen
483 3631 597 3694 planetas
616 3645 691 3678 novos
711 3630 819 3692 perlecta
838 3630 898 3676 vidit
917 3626 960 3676 &a
983 3627 1017 3688 (d.
1039 3627 1102 3675 Bon.
1122 3624 1166 3674 26.
1187 3626 1247 3687 lllaj.
1271 3625 1358 3688 1610).

469 3702 541 3761 Quae
560 3703 585 3749 in
604 3703 762 3764 sequentibus
790 3701 919 3748 renunciat
937 3699 1043 3747 Horlrins
1063 3698 1180 3760 Keplero,
1209 3705 1305 3744 tantam
1331 3700 1354 3745 ei
1379 3709 1507 3749 moverunt
1533 3703 1736 3767 indignationem,

377 3782 408 3822 ut
427 3775 494 3823 illum
513 3775 622 3836 graviter
640 3773 717 3821 literis
737 3773 877 3835 objurgaret
897 3777 922 3818 et
940 3770 1011 3817 simul
1031 3770 1115 3817 literas
1134 3769 1245 3816 mitteret
1258 3768 1379 3824 Galilaeo,
1399 3770 1491 3819 Borkio
1505 3774 1604 3823 minime
1623 3789 1737 3838 parcens,

377 3861 411 3894 111
430 3848 482 3909 ipse
501 3846 526 3892 in
545 3845 709 3906 suspicionem
736 3844 863 3891 societatis
891 3842 985 3890 reniret
1010 3840 1084 3888 libelli
1103 3840 1281 3897 adiniamiarn
1301 3839 1407 3889 Galilaei
1427 3842 1516 3891 abillo
1536 3844 1612 3901 editi,
1638 3854 1664 3894 et
1682 3861 1738 3896 eam

377 3919 485 3965 maxime
505 3916 535 3963 ob
555 3929 656 3964 causam
678 3912 883 3971 „Narrationem“
904 3926 975 3960 suam
995 3910 1203 3969 ,Dissertationi“
1224 3910 1391 3974 subjungeret.

468 3986 538 4035 Haec
552 3987 627 4050 igitur
640 3985 746 4033 Horisius
762 3981 797 4043 (d.
813 3981 854 4030 at.
868 3981 942 4044 Maii)
956 3981 1065 4044 Keplero
1083 3981 1238 4043 perscripsit:
1259 3980 1349 4043 Scripsi
1369 3982 1496 4031 durissime
1515 3990 1602 4033 contra
1613 3984 1739 4037 Nuntium

377 4058 525 4120 Sidereum;
547 4057 589 4105 illa
602 4057 686 4104 omnia
699 4053 736 4116 (i)
749 4056 833 4103 nuncii
852 4053 924 4115 hujus
944 4058 1023 4116 pater,
1041 4066 1081 4100 me
1093 4052 1180 4111 inscio,
1200 4066 1255 4099 cum
1270 4053 1295 4099 in
1309 4058 1394 4102 nostra
1411 4054 1482 4103 domo
1494 4054 1624 4106 Bononiae
1637 4074 1738 4121 pernen.

376 4137 447 4179 tatus
466 4135 512 4184 est,
533 4128 642 4176 abstulit
670 4126 736 4186 Quia
754 4134 838 4175 autem
856 4126 946 4173 multos
966 4125 1058 4173 amicos
1075 4122 1117 4172 hio
1135 4122 1218 4177 habet,
1239 4129 1307 4171 muto
1327 4126 1436 4173 animum
1450 4131 1475 4174 at
1493 4127 1628 4176 secundum
1641 4130 1737 4180 Disser.

376 4202 502 4251 1111111111
520 4206 589 4247 tuam
603 4199 770 4247 doctissimam
789 4198 892 4245 formam
906 4196 981 4245 aliam
1000 4208 1097 4257 sequar,
1117 4201 1142 4241 et
1155 4207 1228 4257 quam
1247 4195 1349 4255 primum
1363 4196 1413 4251 illa,
1433 4210 1496 4260 qnae
1516 4203 1603 4247 contra
1614 4198 1739 4253 Nunnium

376 4274 443 4336 typis
463 4272 522 4319 dare
541 4271 646 4326 voluero,
667 4269 826 4330 descripsero,
847 4269 923 4329 primo
943 4266 986 4314 tibi
999 4266 1032 4314 ad
1051 4264 1207 4313 revidendum
1221 4266 1326 4312 mittam.
1355 4265 1411 4315 Scio
1431 4268 1543 4330 deceptio
1556 4270 1621 4320 unde
1638 4275 1737 4331 veniat3

375 4343 446 4393 hana
465 4349 501 4401 tu,
521 4340 567 4388 Vir
585 4340 733 4397 doctissime,
754 4340 779 4386 in
793 4337 973 4386 Dissertatione
993 4337 1018 4384 in
1036 4335 1121 4383 ultimo
1142 4336 1671 4400 11111111111.31(1111111)1111111111,
1691 4358 1738 4409 ago

377 4420 541 4463 1111111111
560 4411 670 4473 ejusdem
690 4410 794 4459 Galilaei
820 4409 958 4472 perspicillo
977 4409 1002 4455 iu
1021 4406 1090 4455 coelo
1110 4420 1215 4454 errorem
1239 4408 1321 4455 insani
1341 4416 1367 4456 et
1384 4409 1491 4471 probari.
1530 4409 1601 4460 11111
1619 4414 1672 4470 tibi,
1692 4414 1738 4463 Vir

376 4485 521 4535 doctissime
534 4490 560 4532 et
574 4485 599 4531 in
613 4489 741 4531 aeternum
758 4480 910 4534 honorande,
925 4478 1055 4534 concredo,
1075 4483 1146 4526 extra
1157 4477 1231 4525 limen
1245 4477 1312 4525 nihil.
1341 4478 1419 4528 Video
1437 4494 1522 4529 omnes
1533 4480 1610 4530 Italos
1624 4484 1736 4534 Gaium

376 4557 470 4606 lavaro.
507 4554 587 4603 Video
610 4553 667 4610 illa,
687 4566 750 4616 quae
770 4559 857 4599 contra
874 4553 966 4606 scribo,
986 4549 1117 4613 Maginum
1135 4556 1163 4596 ut
1181 4549 1245 4609 typis
1264 4548 1385 4610 prodeant
1401 4551 1536 4614 impedire,
1562 4551 1633 4616 lupus
1651 4554 1736 4617 lupum

376 4642 429 4677 uon
446 4625 542 4675 mordet
560 4639 640 4689 neque
658 4625 728 4674 canis
747 4637 835 4688 canapi
861 4623 969 4671 allatrat.
1007 4622 1041 4668 At
1059 4618 1121 4667 italo
1147 4618 1182 4666 illi
1200 4617 1321 4667 Patarino
1347 4627 1452 4685 quatuor
1478 4636 1553 4671 novos
1575 4623 1691 4685 planetas
1709 4625 1736 4673 11

376 4697 476 4747 Noncio
496 4711 539 4745 sno
552 4696 590 4743 vel
610 4709 666 4743 curn
685 4694 772 4756 capitis
786 4695 834 4741 mei
853 4693 1022 4757 periculones
1042 4689 1137 4738 cedam.
1162 4688 1226 4738 Illud
1246 4690 1310 4737 enim
1328 4691 1501 4754 perspicillum,
1520 4692 1584 4756 quod
1596 4692 1735 4751 fabricavit,

377 4775 405 4819 et
422 4769 449 4817 111
467 4767 630 4830 superioribus
649 4771 675 4813 et
692 4764 845 4813 interioribus
862 4763 934 4811 fallit.
971 4762 1019 4812 Hic
1037 4760 1120 4810 lumen
1139 4760 1353 4825 quadruplicatum
1371 4769 1447 4812 111111
1464 4769 1602 4813 monstrare
1619 4779 1734 4827 possum

375 4839 473 4903 spicam
491 4838 610 4902 Virginis,
627 4835 753 4886 mediante
771 4834 818 4883 hoc
835 4833 982 4897 perspicillo,
1001 4831 1153 4894 duplicatam
1171 4830 1195 4879 d.
1210 4828 1253 4879 25.
1267 4831 1325 4893 111.
1345 4840 1419 4883 noete
1437 4840 1556 4897 sequente
1575 4838 1698 4900 conspexi.

467 4910 498 4960 lu
514 4908 661 4973 postscripto
675 4902 840 4971 (germanico)
854 4905 930 4963 addit,
950 4905 1119 4953 coniecturum
1131 4916 1158 4951 se
1173 4901 1369 4964 ,perspicillum
1389 4904 1466 4953 multo
1478 4904 1565 4955 melius
1578 4905 1734 4968 Galilaeano,

378 4983 449 5044 aulus
467 4995 513 5045 ope
531 4994 575 5044 per
595 4977 627 5027 1⁵
646 4978 752 5026 miliaria
771 4977 856 5034 ,einer
872 4977 918 5025 mit
937 4976 1018 5024 ainem
1037 4972 1131 5022 anderu
1150 4971 1203 5020 sich
1220 4971 1362 5023 undereden
1381 4973 1500 5026 iondto.“

467 5049 525 5101 Non
543 5054 674 5113 expectato
692 5046 795 5111 Kepleri
809 5047 902 5108 judicio
921 5046 952 5095 de
971 5042 1086 5109 opusculo
1105 5056 1157 5103 suo,
1177 5041 1247 5105 quod·
1259 5042 1400 5109 priusquam
1418 5045 1483 5109 typls
1500 5045 1661 5098 mandaretur
1677 5046 1735 5100 11111

377 5121 596 5175 commeandum
614 5124 746 5179 statuerat,
760 5117 867 5169 Hostias
885 5118 924 5167 dis
938 5113 980 5165 ³0.
994 5114 1063 5167 Junil
1079 5113 1188 5164 ibadam
1205 5126 1278 5170 11111
1294 5114 1439 5180 impressam
1457 5117 1525 5171 misit
1535 5117 1654 5183 Keplero,
1670 5119 1737 5176 lases
