4584 6192
868 593 923 630 cum
941 578 1039 631 Nuucia
1059 578 1169 632 Siderea.
1663 578 1728 649 495
1813 654 1815 659 ,

376 751 553 816 strationem
582 755 806 817 intervallorum
831 765 862 817 et
890 756 1105 835 magnitudinis
1130 757 1218 820 trium
1246 778 1418 837 corporum,
1445 758 1543 829 Solis,
1567 761 1673 822 Lunae
1697 770 1730 824 ct

376 844 499 905 Terrae.
538 845 760 906 Diametrorum
781 845 857 905 euim
874 844 955 906 Solis
971 854 1001 905 et
1021 848 1125 907 Lunae
1146 848 1344 909 differentiam
1363 848 1538 912 variabilem
1561 849 1728 930 digitosque

376 932 404 993 iu
424 933 511 994 Luna
535 933 707 995 deficientes
727 953 812 994 nemo
837 935 971 995 exactius
996 936 1174 1010 numerabit,
1199 937 1256 997 uisi
1279 938 1327 1017 qui
1354 945 1403 998 tuo
1427 937 1590 998 instructus
1615 940 1729 1001 oculari

376 1021 563 1100 diligentiam
587 1022 617 1082 in
642 1022 828 1084 observando
853 1024 1032 1085 adhibuerit.
1072 1023 1142 1085 Stet
1167 1026 1258 1103 igitur
1273 1024 1429 1086 Galilaeus
1450 1026 1540 1103 juxta
1554 1027 1728 1105 Keplerurn,

376 1110 426 1172 ille
439 1111 557 1171 Lunam
577 1111 742 1172 observans
762 1130 905 1172 converso
921 1113 950 1172 iu
967 1113 1081 1174 coelum
1097 1114 1190 1183 vultu,
1207 1114 1253 1174 hic
1269 1113 1379 1187 Solem,
1403 1133 1527 1174 aversus
1542 1114 1570 1175 in
1586 1117 1729 1178 tabellam

376 1201 427 1270 (ne
447 1200 564 1260 oculum
585 1209 652 1260 urat
677 1200 849 1279 specillum)
874 1220 926 1260 suo
947 1210 1070 1279 uterque
1090 1202 1226 1276 artificio,
1252 1210 1334 1263 etex
1354 1204 1410 1263 hac
1431 1203 1577 1263 societate
1601 1205 1731 1283 prodeat

375 1289 445 1349 olim
469 1288 650 1350 nitidissima
675 1290 897 1350 intervallorum
923 1290 1068 1352 doctriua.
1110 1289 1189 1359 Quin
1214 1292 1305 1351 etiam
1330 1293 1466 1371 (praeter
1490 1292 1620 1366 Lunam)
1644 1295 1729 1354 Mer-

375 1376 488 1438 curium
511 1377 607 1455 ipsum
632 1379 660 1437 in
693 1379 774 1438 disco
799 1376 880 1438 Solis
905 1379 959 1438 hoc
990 1399 1056 1439 meo
1090 1380 1216 1440 artificio
1253 1380 1328 1441 ridi:
1364 1381 1431 1440 vide
1456 1379 1588 1440 libellum
1611 1381 1668 1441 hac
1692 1384 1730 1443 de

375 1484 407 1525 re
433 1465 555 1527 editum.
593 1468 657 1528 Nec
682 1468 778 1527 minus
804 1466 903 1539 ctiam,
929 1466 954 1527 si
976 1475 1093 1527 cometa
1117 1468 1265 1546 quispiam
1288 1469 1441 1539 effulserit,
1466 1469 1639 1546 parallares
1663 1471 1729 1549 ejus

377 1555 425 1625 (ut
458 1561 490 1614 et
521 1555 639 1627 Lunae)
674 1556 712 1615 ad
750 1555 887 1616 stellulae
920 1556 988 1615 illas
1027 1557 1243 1618 minutissimas
1274 1566 1305 1616 et
1337 1558 1547 1627 creberrimas,
1582 1559 1646 1619 solo
1677 1566 1729 1620 tuo

374 1643 573 1703 iustmmento
598 1644 783 1721 conspicuas,
810 1645 948 1717 collatae,
970 1646 1123 1706 observari
1142 1646 1309 1706 rectissime
1324 1653 1483 1724 poterunt:
1504 1665 1541 1705 ex
1561 1647 1666 1724 quibus
1692 1649 1728 1707 de

375 1730 536 1792 altitudine
552 1751 706 1810 corporum
722 1732 837 1793 illorum
850 1734 969 1806 certine,
987 1752 1074 1812 quam
1085 1734 1230 1795 hactenus
1246 1754 1383 1813 unquam,
1401 1733 1504 1794 licebit
1517 1736 1729 1812 argumentari.

468 1821 570 1898 Atque
596 1822 669 1882 haec
695 1830 791 1882 tecum
809 1819 947 1881 Galilaee
970 1824 1009 1881 ad
1032 1823 1159 1900 primum
1185 1823 1277 1884 libelli
1298 1823 1341 1883 tui
1361 1831 1453 1901 caput
1476 1825 1609 1883 conferre
1634 1825 1729 1885 libuit.

467 1908 592 1969 Transis
625 1912 756 1971 secundo
790 1910 827 1969 ad
867 1911 1116 1989 phaenomena
1150 1911 1313 1972 Luuaria
1350 1911 1632 1990 praestantissima:
1672 1931 1731 1991 qua

377 1996 529 2057 mentione
554 1998 678 2058 refricas
703 1999 773 2060 mihi
798 1999 970 2060 memoriam
995 2019 1105 2074 eorum,
1132 2020 1207 2079 quae
1232 2001 1261 2060 iu
1281 2001 1492 2061 Astrouomiae
1516 2009 1602 2078 parte
1619 1999 1731 2078 Optica

379 2083 455 2163 Cap.
471 2086 527 2146 VI.
546 2087 582 2147 de
599 2087 663 2148 luce
679 2088 819 2159 siderum,
839 2085 943 2151 Nro.9
959 2109 1048 2167 super
1061 2089 1185 2150 maculis
1202 2090 1304 2149 Lunae
1324 2109 1361 2149 ex
1380 2089 1552 2160 Plutarcho,
1567 2089 1730 2149 Maestliuo

375 2174 510 2253 meisque
534 2177 745 2253 experimentis
770 2177 890 2237 adduxi.

466 2264 514 2324 Ac
544 2264 627 2325 initio
661 2284 803 2344 perquam
829 2266 993 2343 jucundum
1026 2271 1092 2339 est,
1128 2273 1159 2325 et
1189 2285 1235 2325 me
1267 2265 1364 2344 ipsum
1396 2265 1425 2325 iu
1456 2264 1591 2343 ejusdem
1625 2265 1730 2326 Lunae

376 2352 515 2426 maculis,
540 2372 599 2413 uou
623 2361 656 2414 ut
679 2363 709 2414 tu
734 2373 879 2415 cour‘erso
908 2356 960 2415 scd
994 2372 1100 2414 averso
1133 2356 1218 2415 vultu
1247 2354 1441 2415 observandis
1466 2373 1533 2414 esse
1563 2362 1728 2416 versatum.

376 2439 508 2501 Schema
531 2441 618 2520 hujus
642 2443 684 2502 rei
708 2444 802 2504 habes
826 2462 854 2521 p.
880 2440 945 2505 284
968 2442 1025 2503 mei
1051 2443 1130 2516 libri,
1162 2463 1199 2502 ex
1223 2463 1279 2521 quo
1305 2444 1377 2503 illud
1400 2451 1495 2521 patet,
1520 2442 1592 2502 mihi
1615 2461 1730 2521 quoque

375 2528 500 2589 limbum
515 2529 619 2591 Lunae
635 2532 808 2609 apparuisse
832 2532 1044 2593 lucidissimum
1065 2533 1205 2612 undique,
1227 2533 1322 2593 solum
1338 2551 1444 2610 corpus
1464 2531 1588 2592 iuterius
1604 2530 1730 2592 maculis

376 2618 470 2678 fuisse
495 2618 678 2680 distinctum.
696 2615 719 2691 ⁷)
761 2621 808 2680 Ex
829 2639 863 2679 eo
883 2621 965 2681 subit
980 2619 1119 2693 animuin·
1143 2628 1260 2680 certare
1285 2628 1383 2681 tecum
1403 2621 1432 2679 in
1456 2619 1646 2699 pervidendis
1670 2619 1730 2680 illis

375 2706 496 2768 minutis
530 2707 654 2768 maculis
679 2729 697 2769 a
721 2717 750 2770 te
784 2710 909 2787 primum
938 2710 967 2769 iu
996 2718 1082 2787 parte
1115 2709 1257 2769 lucidiore
1292 2709 1518 2770 animaduersis.
1565 2708 1599 2768 ld
1631 2716 1732 2768 autem

376 2795 432 2856 hoc
463 2806 553 2875 pacto
587 2816 632 2857 me
666 2816 754 2875 spero
784 2798 985 2876 perfecturum
1018 2818 1084 2857 mea
1115 2798 1294 2858 observandi
1325 2797 1459 2870 ratione,
1493 2797 1577 2857 vultu
1603 2818 1621 2857 a
1645 2797 1732 2857 Luua

375 2902 493 2958 averso,
520 2886 663 2946 siLunae
688 2887 786 2948 lumen
805 2905 858 2965 per
883 2888 1015 2948 foramen
1041 2888 1068 2945 in
1093 2887 1240 2948 tabellam
1264 2886 1380 2965 pertica
1404 2886 1608 2946 circumlatam
1632 2885 1748 2945 iutr0-‘

376 2972 501 3048 misero,
532 2974 575 3034 sic
599 2982 697 3035 tamen
723 2985 755 3036 ut
785 2978 917 3036 foramen
951 2976 1085 3036 obvallet
1113 2974 1177 3035 leus
1202 2975 1393 3055 crystallina,
1419 2974 1575 3052 sphaerico
1609 2972 1731 3034 maximi

376 3060 480 3122 circuli
503 3062 603 3140 gibbo,
629 3071 660 3123 et
685 3065 799 3125 tabella
823 3065 860 3125 ad
885 3065 980 3124 locum
1005 3064 1190 3124 collectionis
1214 3065 1365 3124 radiorum
1393 3063 1643 3123 accommodetur.
1679 3061 1731 3122 Sic

375 3149 405 3210 iu
430 3152 547 3228 pertica
574 3149 612 3212 12
632 3153 724 3231 pedes
748 3156 837 3232 louge
857 3153 960 3213 Lunae
985 3171 1090 3230 corpus
1115 3153 1333 3231 perfectissime
1359 3152 1536 3230 depingetur
1559 3150 1730 3228 quantitate

375 3248 516 3299 monetae
541 3250 702 3317 argenteae
728 3243 860 3320 majoris.
899 3241 1067 3303 Artificium
1091 3242 1256 3302 monstravi
1280 3259 1364 3320 prop.
1386 3237 1437 3302 23.
1458 3241 1509 3300 sol.
1524 3236 1597 3312 252,
1619 3245 1650 3300 et
1665 3235 1729 3301 262

375 3327 444 3388 iibri
468 3328 545 3402 mei;
574 3329 738 3408 simplicius
771 3341 868 3391 tamen
895 3330 951 3391 luit
978 3329 1163 3408 propositum
1187 3353 1205 3390 a
1229 3332 1322 3391 Porta
1344 3329 1440 3409 priruo
1468 3328 1557 3389 titulo
1581 3346 1647 3405 cap.
1672 3328 1729 3387 vl.

375 3416 412 3476 de
438 3417 527 3490 lente,
553 3437 618 3478 curn
643 3438 698 3492 ego
723 3421 759 3481 de
783 3421 900 3496 integro
925 3419 1014 3497 globo
1039 3419 1317 3480 demonstraverim.

464 3506 630 3585 Pergamus
656 3506 794 3568 Galilaee
818 3517 870 3569 tua
894 3516 1032 3568 excutere
1056 3508 1272 3586 phaenomena.
1310 3508 1390 3569 Nam
1414 3526 1479 3565 cum
1505 3512 1605 3564 aetate
1626 3505 1731 3564 Lunae

376 3594 543 3671 auspicaris
572 3596 734 3657 observata
761 3607 827 3671 tua,
858 3597 1041 3676 primumque
1070 3597 1219 3668 ostendis,
1253 3596 1321 3675 quid
1350 3594 1553 3656 corniculatae
1584 3592 1664 3651 desit
1693 3592 1731 3651 ad

376 3684 472 3743 oeulis
517 3684 613 3744 lineae
649 3686 871 3762 perfectionem.
932 3684 1060 3745 Ovalem
1099 3704 1166 3744 esse
1206 3686 1336 3763 speciem
1374 3682 1476 3743 circuli
1518 3679 1733 3745 illuminatorii‚

376 3772 710 3836 demonstramus&
736 3777 787 3836 fol.
813 3772 876 3835 283
908 3773 972 3833 libri
1005 3773 1081 3834 mei:
1117 3783 1198 3834 terse
1229 3773 1320 3850 igitur
1345 3779 1376 3831 et
1398 3771 1487 3848 plane
1520 3767 1732 3828 mathematice

377 3862 519 3940 loqueris.

466 3951 501 4010 lu
532 3950 771 4011 consideratione
805 3950 986 4011 macularum
1011 3972 1029 4009 a
1057 3959 1087 4010 te
1122 3949 1248 4029 primum
1283 3947 1557 4009 animadversarurn
1589 3944 1617 4003 in
1646 3951 1733 4021 parte

375 4040 482 4100 Luuac
507 4039 604 4099 lucida
628 4039 746 4100 omuino
771 4040 869 4118 optice
895 4039 1084 4099 demonstras
1109 4059 1145 4099 ex
1170 4037 1394 4098 illuminationis
1418 4034 1544 4105 ratione,
1570 4033 1640 4093 illas
1664 4052 1731 4092 esse

375 4126 528 4187 cavitates
562 4129 678 4208 aliquas
708 4148 760 4188 seu
793 4129 952 4206 depressas
987 4128 1109 4188 lacunas
1139 4128 1168 4187 iu
1197 4127 1308 4187 Luuari
1341 4143 1474 4203 corpore.
1522 4122 1584 4183 Sed
1616 4121 1734 4182 excitas

375 4216 627 4293 disputationem,
660 4218 799 4297 quidnam
823 4217 884 4277 sint
908 4218 977 4277 illae
1001 4226 1063 4276 tarn
1092 4217 1214 4277 crebrae
1240 4215 1343 4276 Lunae
1368 4213 1502 4274 maculae
1531 4212 1627 4291 partis
1651 4210 1734 4271 anti-

375 4304 477 4385 quitus
503 4306 618 4366 lucidae
642 4313 777 4384 putatae.
817 4307 860 4366 Tu
885 4326 937 4366 eas
962 4325 1027 4366 cum
1051 4306 1179 4366 vallibus
1204 4323 1360 4384 comparas
1385 4310 1506 4363 nostrae
1531 4300 1659 4363 Telluris
1668 4319 1677 4373 ;
1703 4308 1735 4359 et

375 4395 490 4468 fateor,
525 4413 592 4455 esse
625 4395 783 4455 nonnullas
818 4393 988 4473 hujusmodi
1021 4396 1134 4462 valles,
1168 4394 1346 4472 praesertim
1378 4392 1405 4452 in
1436 4389 1541 4469 Styria
1571 4388 1732 4467 provincia,

375 4482 478 4562 specie
510 4484 593 4561 quasi
628 4484 791 4555 rotundas,
828 4485 962 4544 faucibus
994 4483 1216 4562 angustissimis
1254 4482 1374 4543 fluvium
1405 4481 1523 4540 Muram
1555 4477 1733 4557 recipientes

374 4589 478 4650 supra,
504 4572 676 4633 emittentes
701 4573 793 4644 infra,
821 4582 852 4633 ut
877 4582 947 4633 saint
974 4574 1071 4651 campi
1096 4572 1168 4632 dicti
1193 4570 1385 4639 GraecensiS,
1409 4565 1615 4640 Libuicensis,
1640 4565 1732 4625 etad

374 4660 510 4720 Dravum
535 4662 772 4740 Marpurgensis,
799 4662 908 4740 aliique
921 4680 975 4740 per
996 4661 1072 4721 alias
1089 4660 1238 4739 regiones,
1265 4679 1338 4738 quos
1361 4658 1472 4717 circum
1496 4674 1618 4733 campos
1643 4653 1730 4714 altis·
1801 4701 1807 4713 .

375 4747 454 4808 sima
487 4759 671 4827 consurgunt
701 4751 844 4811 montium
875 4750 968 4828 juga,
1002 4750 1132 4828 speciem
1166 4750 1253 4809 aheni
1287 4746 1502 4826 exprimentia3
1535 4744 1644 4823 quippe
1674 4761 1733 4803 nou

374 4835 501 4897 minima
523 4856 593 4915 pars
623 4839 790 4900 latitudiuis
819 4856 990 4915 camporum
1016 4848 1065 4899 est
1092 4838 1220 4898 altitudo
1250 4836 1509 4914 circumjectarum
1538 4832 1732 4911 crepidinum.

373 4924 525 5005 Equidem
559 4928 675 5000 fateor,
711 4935 742 4989 et
776 4929 854 4988 tales
884 4927 911 4986 iu
936 4926 1023 4987 Luna
1054 4927 1152 4987 valles
1185 4946 1252 4986 esse
1286 4944 1394 5004 posse,
1428 4922 1558 4983 sinuosis
1591 4919 1734 4982 montium

375 5013 546 5075 recessibus
570 5026 693 5096 propter
717 5016 823 5078 fluvios
848 5024 1023 5076 excavatas.
1071 5017 1114 5077 At
1138 5016 1208 5095 quia
1231 5015 1327 5087 addis,
1353 5022 1414 5074 tam
1440 5010 1562 5072 crebras
1585 5029 1653 5071 esse
1678 5009 1732 5069 has

373 5102 521 5171 maculas,
545 5113 579 5166 ut
602 5105 771 5166 assimilent
795 5104 921 5166 lucidam
946 5112 1061 5183 partem
1086 5104 1219 5182 corporis
1242 5103 1372 5164 Lunaris
1400 5101 1514 5163 caudae
1543 5097 1679 5178 pavonis,
1702 5097 1732 5159 iu

1717 5193 1734 5224 0
