4584 6192
561 607 626 678 iffi
987 617 1495 684 mmmmm-muas

648 797 722 843 Anno
739 791 784 841 88.
803 792 847 841 29.
866 793 928 843 Nor.
947 796 980 843 ad
997 793 1023 843 δ’
1042 797 1068 843 in
1086 799 1266 858 consequentis
1282 796 1328 844 illa
1345 798 1426 860 magis
1443 807 1606 859 promum.
1624 793 1709 856 (ibid.)

649 865 791 924 Quaeritur,
810 879 855 913 eur
872 867 898 913 in
917 866 959 914 alt
982 863 1011 925 Θ
1034 862 1065 913 ³⁰
1083 869 1163 914 minor
1181 867 1321 915 differentia
1337 868 1436 917 ntiose
1453 869 1607 917 nfiacdonis
1625 882 1652 915 se
1670 869 1778 931 ingerat,
1797 880 1872 930 quam
1889 867 1913 915 in

559 936 603 985 alt
623 932 714 995 3¹.',⁰'?
733 935 784 984 Cur
800 936 885 996 Tycbo
904 937 1010 985 medium
1029 937 1184 986 differentiae
1204 952 1255 986 asc.
1274 949 1358 986 rectae
1377 938 1475 988 lucidae
1493 955 1536 1002 pro
1551 938 1681 987 limitanda
1698 940 1729 986 Δ.
1750 936 1782 985 R.
1801 935 1914 1000 accipis!

649 1006 684 1055 [t
702 1006 781 1055 lector
798 1008 924 1055 notionem
942 1009 1035 1072 fingere
1053 1011 1137 1056 animo
1162 1011 1239 1071 possit
1262 1009 1432 1058 immodestiae
1450 1013 1477 1058 in
1494 1010 1636 1073 quaerendo
1655 1009 1775 1063 Fabricii,
1799 1014 1914 1057 notamus

559 1080 642 1126 nene
659 1078 698 1126 his
716 1076 733 1124 2
751 1078 955 1139 praecedentibus
983 1080 1059 1127 literis
1085 1082 1244 1142 questiones
1263 1096 1312 1127 non
1331 1083 1411 1128 minus
1429 1078 1473 1132 53.
1493 1095 1523 1129 ea
1540 1093 1609 1143 pane
1628 1080 1779 1134 levissimas.
1798 1095 1820 1127 v.
1840 1093 1863 1128 e.
1882 1092 1914 1126 an

561 1147 646 1196 Venus
666 1148 764 1196 Lunam
787 1149 925 1197 illuminare
943 1149 1038 1213 possit?
1066 1149 1162 1198 Causas
1180 1152 1301 1198 mitissimi
1324 1151 1396 1211 huJus
1414 1151 1501 1200 hiemis
1519 1154 1581 1200 scire
1600 1152 1679 1200 selim.
1717 1152 1757 1198 An
1773 1148 1915 1199 Macrobius

559 1219 606 1267 luis
624 1218 760 1267 ethnicus?
779 1219 828 1267 Cur
840 1221 865 1267 in
879 1223 940 1269 mari
958 1223 1106 1286 navigantes
1124 1221 1270 1269 nauseant!
1290 1221 1339 1270 Cur
1361 1221 1532 1271 Mathematici
1551 1224 1576 1270 in
1595 1222 1680 1271 codiee
1697 1220 1818 1270 maleficis
1836 1220 1914 1269 adnu-

557 1288 706 1408 aerantur?
728 1287 774 1339 dc.
797 1289 844 1339 dc.
881 1290 979 1341 Similes
1005 1292 1122 1341 exhibent
1149 1293 1236 1341 literae
1268 1306 1332 1356 quse
1364 1292 1409 1341 bas
1441 1294 1608 1357 sequebantur
1634 1290 1671 1352 (d
1699 1290 1722 1340 l.
1740 1288 1810 1352 (ll.)
1839 1287 1912 1349 Jun.)

612 1362 780 1424 quaestiones.

650 1431 690 1480 sd
709 1446 771 1495 quas
789 1433 948 1497 quaestiones
966 1449 1051 1483 omnes
1070 1433 1194 1496 Keplerus
1213 1449 1262 1482 non
1281 1434 1413 1497 mpondit
1433 1435 1578 1497 planetum
1603 1435 1718 1497 temporis
1736 1432 1826 1482 Marsa
1843 1431 1914 1481 theo·

559 1500 612 1551 riae
630 1503 750 1560 intentus,
769 1503 817 1553 bac
835 1504 888 1551 sola
906 1516 1029 1567 excepta:
1048 1505 1190 1564 Quaeritur.
1211 1520 1243 1553 an
1256 1519 1312 1567 spes
1331 1506 1414 1569 aliqua
1427 1507 1471 1553 tibi
1483 1508 1523 1560 sit,
1543 1505 1737 1554 Mercurium
1756 1503 1914 1559 uneadandi.

560 1585 617 1620 cnm
636 1574 758 1622 rarissime
771 1574 892 1630 videatur,
912 1585 938 1624 et
950 1577 975 1625 id
988 1576 1077 1625 mum
1093 1579 1166 1636 justa
1181 1576 1352 1641 elongationes
1370 1571 1512 1625 nuinasl
1531 1575 1603 1634 Quae
1616 1590 1672 1624 rero
1691 1577 1799 1623 varietas
1818 1575 1916 1623 interim

559 1656 587 1691 se
604 1644 703 1707 ingerat
721 1645 753 1693 ab
771 1646 931 1709 elongatione
949 1647 982 1695 ad
1003 1643 1031 1712 ρ’
1052 1662 1108 1695 cnm
1128 1643 1171 1705 Ξ.
1191 1649 1247 1694 sciri
1264 1648 1357 1710 nequit.
1395 1646 1526 1695 Concludit
1543 1646 1571 1694 F.
1587 1645 1626 1694 bis
1644 1646 1740 1695 verbis:
1759 1645 1810 1694 Fac
1830 1653 1858 1694 nt
1876 1659 1916 1694 me

560 1713 661 1762 ulterim
680 1729 729 1763 non
748 1716 874 1771 detineas,
901 1725 927 1765 et
948 1719 983 1765 sic
1001 1718 1075 1765 nimio
1094 1717 1214 1766 desiderio
1233 1731 1331 1766 tuarum
1349 1718 1474 1766 liternum
1497 1719 1628 1780 leugarum
1647 1729 1673 1765 et
1691 1717 1796 1766 tractum
1814 1716 1916 1765 tandem

476 1791 488 1812 ·
559 1783 633 1845 plane
653 1797 752 1834 eneces.
789 1786 816 1835 Si
834 1800 899 1850 qnae
918 1787 968 1835 alia
985 1788 1063 1836 babes
1087 1788 1249 1853 astrologice,
1276 1791 1471 1844 communicem,
1501 1791 1520 1835 si
1544 1802 1608 1850 quac
1632 1788 1773 1836 accidentia
1790 1787 1816 1835 in
1835 1796 1860 1835 te
1878 1786 1916 1835 vel

559 1854 613 1904 aliis
632 1856 799 1905 observaveris
816 1858 883 1905 intra
900 1871 1001 1905 mnnm.
1040 1858 1112 1907 l’ale.

649 1935 966 1999 Adhuoxeplerns:
990 1930 1037 1990 De
1069 1929 1192 2009 reliquis
1221 1929 1447 2006 quaestionibus
1470 1929 1559 1988 alies.
1607 1928 1704 1990 l'nnm
1728 1937 1830 1988 tamen
1855 1947 1912 1988 non

560 2033 683 2094 possum
707 2035 765 2075 non
789 2017 910 2088 addere,
935 2019 972 2078 de
990 2037 1049 2097 qno
1064 2018 1195 2096 qnaeris.
1233 2017 1290 2077 Die
1313 2012 1366 2080 28.
1385 2017 1460 2094 ilnji
1479 2018 1507 2078 h.
1527 2015 1556 2077 ’2.
1581 2025 1652 2077 ante
1676 2035 1815 2077 occasum
1831 2013 1913 2077 Solis

559 2103 727 2165 Mercurius
752 2104 838 2165 nobis
861 2105 908 2166 bic
932 2106 1052 2184 Pragae
1075 2107 1158 2167 risus
1182 2119 1229 2166 est
1253 2106 1281 2165 in
1307 2106 1390 2167 disco
1414 2104 1495 2166 Solis
1518 2107 1615 2166 instar
1638 2105 1772 2165 maculae
1796 2104 1912 2183 nigrae,

558 2191 743 2253 intuentibus
767 2194 882 2254 radium
907 2194 985 2255 intro
1010 2203 1173 2274 receptum.
1221 2194 1341 2255 Etenim
1364 2195 1392 2254 in
1417 2193 1518 2268 radio,
1549 2194 1597 2274 qui
1626 2192 1730 2254 babuit
1758 2193 1915 2271 magnitu-

558 2279 656 2340 dinem
681 2281 790 2343 tbaleri
814 2282 940 2354 dimidii,
963 2284 1045 2344 risos
1069 2292 1117 2344 est
1140 2283 1238 2344 instar
1260 2283 1377 2361 pulicis,
1402 2283 1431 2342 in
1455 2282 1540 2343 radio
1563 2302 1645 2355 vero,
1669 2282 1718 2361 qni
1742 2278 1762 2343 d
1786 2281 1916 2360 pollices

500 2378 506 2386 '
559 2368 667 2430 babuit
686 2371 715 2431 in
736 2371 893 2443 diametro,
917 2372 1001 2432 visos
1019 2381 1067 2432 est
1091 2372 1261 2451 quontitate
1279 2371 1394 2443 culicis,
1419 2371 1515 2432 instar
1534 2390 1621 2432 rarae
1641 2389 1695 2430 nec
1714 2370 1791 2431 satis
1810 2369 1916 2448 nigrae

557 2456 735 2527 nubeculae,
759 2460 837 2520 sorte
861 2461 932 2541 qnia
953 2460 1057 2522 radius
1079 2479 1133 2538 per
1157 2460 1262 2521 rimam
1286 2479 1344 2520 non
1368 2469 1418 2520 sat
1446 2478 1571 2538 parram
1595 2469 1643 2521 est
1671 2455 1835 2537 ingressae
1882 2458 1916 2518 In

556 2544 623 2623 ipso
647 2544 719 2608 Sole
744 2567 830 2608 nemo
854 2550 1015 2630 qnidqnam
1040 2549 1115 2609 vidit
1135 2548 1174 2608 ob
1198 2548 1388 2626 splendorem
1412 2550 1512 2620 aeris;
1537 2569 1606 2609 nam
1631 2547 1795 2626 interplnit.
1829 2546 1915 2608 Haec

557 2630 610 2694 28.
635 2635 722 2713 Maji,
746 2654 804 2696 non
828 2633 882 2711 29,
908 2657 965 2717 qno
990 2637 1038 2697 die
1061 2637 1231 2715 conjunctio
1256 2638 1284 2697 in
1310 2637 1508 2714 premeride
1532 2638 1661 2714 ponitur.
1708 2634 1916 2714 Respondebo

556 2721 595 2781 ad
620 2724 735 2802 reliqna
758 2726 937 2794 successive,
963 2727 999 2786 de
1024 2727 1124 2787 llorte
1147 2743 1220 2785 rero
1244 2726 1293 2784 rix
1318 2726 1479 2804 quidquam
1503 2724 1647 2803 amplius,
1672 2743 1741 2784 nam
1765 2724 1794 2784 in
1820 2721 1916 2784 Com·

556 2812 713 2872 mentariis
728 2814 915 2892 expoliendis
931 2815 1064 2875 laborem
1079 2814 1280 2893 respondendi
1301 2814 1479 2893 impendam.
1523 2814 1609 2886 l'ale,
1632 2821 1663 2873 et
1684 2810 1917 2874 observationes

555 2894 587 2976 b,
610 2899 650 2973 li,
674 2903 697 2976 tl
720 2902 815 2962 mitte.
860 2902 926 2982 Ego
950 2904 1103 2964 remissior
1126 2903 1189 2964 lieri
1214 2902 1333 2979 incipio.
1382 2901 1443 2964 Cur
1466 2902 1543 2963 enim
1573 2901 1767 2962 morientibus
1798 2900 1917 2961 instru-

557 2988 669 3050 mentis
693 2990 870 3069 supervivat
892 3012 961 3053 mea
983 2991 1164 3053 observandi
1189 2990 1370 3070 diligentia?
1399 2991 1424 3053 l.
1443 2993 1532 3069 Aug„
1557 3009 1623 3051 cnm
1644 2989 1756 3051 Martio
1779 2988 1917 3069 incepis-

555 3096 628 3150 sem,
645 3078 819 3159 intereaque
833 3081 1043 3159 peregrinatus
1063 3099 1162 3140 essem
1178 3079 1205 3140 in
1219 3079 1356 3151 Lnsatia,
1373 3101 1399 3138 a.
1418 3077 1509 3141 1507.
1527 3079 1565 3140 H.
1577 3079 1611 3138 T.
1628 3079 1740 3139 unricus
1751 3076 1915 3140 Uranicus.

646 3166 849 3217 observationem
868 3168 937 3218 illam
956 3168 1087 3224 „Mercurii
1100 3170 1124 3216 in
1139 3167 1212 3217 Sole*
1233 3168 1332 3216 biennio
1350 3175 1405 3230 post
1419 3165 1511 3228 (l609l
1530 3168 1620 3229 publici
1636 3168 1698 3229 juris
1716 3166 1776 3215 lecit
1790 3163 1918 3228 Ksplcrns

556 3238 583 3286 in
600 3237 682 3287 libello
700 3239 828 3301 peculiari,
848 3241 981 3303 inscripto:
1001 3239 1252 3288 Phaenomsnon
1271 3239 1441 3303 singulare
1460 3254 1504 3288 seu
1522 3238 1659 3287 Mercurius
1676 3240 1703 3286 in
1721 3236 1788 3286 Sole.
1820 3235 1916 3286 Posses

556 3321 614 3357 vero
633 3309 722 3357 falsam
750 3325 918 3374 cognoscens.
946 3310 1044 3373 publice
1069 3318 1189 3359 retractat
1218 3309 1283 3358 banc
1312 3311 1451 3372 opinionem
1469 3313 1495 3359 in
1513 3310 1666 3373 praelatione
1685 3308 1717 3358 ad
1737 3306 1915 3371 Ephemcridts

557 3380 616 3428 anni
637 3376 715 3438 toll,
735 3389 761 3428 et
776 3384 864 3442 jocans
883 3397 910 3431 se
928 3383 1033 3444 primum
1051 3381 1205 3430 macularum
1225 3380 1345 3429 Solarium
1365 3381 1546 3430 observatorem
1564 3380 1690 3445 gloriatur.

646 3451 818 3500 Fabricius
836 3453 963 3515 respondit
980 3451 1016 3512 (d.
1036 3450 1079 3499 27.
1099 3452 1158 3500 Feb.
1178 3468 1200 3497 v.
1220 3459 1251 3499 st.
1274 3448 1370 3511 1608);
1398 3452 1430 3500 l't
1449 3468 1495 3515 ego
1514 3452 1545 3500 de
1567 3461 1625 3508 tuo,
1649 3451 1685 3499 ita
1705 3458 1732 3498 tu
1754 3447 1917 3499 hauddubie

555 3522 587 3572 ds
605 3538 661 3573 meo
685 3521 782 3570 silentio
810 3522 925 3571 diuturno
952 3524 1092 3579 miraberis,
1120 3524 1332 3585 praestantissime
1351 3524 1399 3576 vir,
1427 3526 1507 3570 amice
1534 3521 1644 3571 colende.
1683 3520 1753 3581 Quas
1772 3527 1801 3568 tu
1823 3519 1917 3569 silentii

555 3607 646 3643 causas
664 3592 774 3649 babeas,
805 3593 887 3642 dicere
905 3608 955 3643 non
972 3608 1085 3657 possum.
1112 3593 1170 3641 mibi
1189 3594 1278 3642 saltem
1298 3608 1347 3642 non
1376 3596 1486 3647 animus,
1513 3593 1557 3642 scd
1575 3593 1659 3642 literas
1678 3592 1711 3640 sd
1729 3605 1771 3639 vos
1799 3590 1917 3639 mittendi

555 3665 654 3714 occasio
674 3665 775 3713 omnino
794 3664 879 3712 deluit
918 3665 1060 3714 Testabitnr
1077 3665 1123 3713 boc
1142 3666 1309 3727 praesentium
1327 3664 1405 3718 lator,
1426 3663 1614 3712 Licbtensteinii
1636 3662 1795 3715 ubellarins.
1813 3662 1856 3725 qui
1874 3659 1917 3710 bic

553 3749 599 3798 per
617 3744 737 3785 semestre
755 3736 779 3783 in
799 3735 857 3783 aula
875 3736 972 3792 baesit;
992 3736 1108 3785 dederam
1126 3736 1161 3783 illi
1180 3738 1206 3784 in
1225 3734 1324 3784 Octobri
1343 3734 1439 3789 literas,
1458 3735 1502 3783 sed
1521 3750 1576 3784 curn
1595 3742 1694 3798 praeter
1711 3733 1913 3795 expecudonsm

553 3805 595 3856 bic
613 3806 810 3870 permanendum
827 3805 862 3854 illi
881 3815 954 3864 esset,
972 3807 1058 3855 literas
1075 3815 1131 3870 post
1154 3805 1193 3854 ¹5.
1213 3805 1282 3868 Sept.
1302 3807 1396 3868 repetii.
1428 3804 1502 3853 Nunc
1520 3808 1545 3853 in
1564 3813 1657 3869 puncto
1675 3805 1779 3852 nunciat
1795 3801 1866 3858 mibi.
1886 3817 1915 3853 ss

553 3890 611 3928 tras
630 3892 726 3927 mmmo
738 3891 813 3927 mane
825 3878 882 3926 binc
901 3879 1033 3932 abiturum,
1053 3892 1128 3941 cogor
1145 3879 1230 3940 itaque
1248 3877 1337 3924 cursim
1359 3885 1385 3925 et
1403 3878 1507 3939 carptim
1525 3878 1639 3925 scabere.
1666 3873 1746 3931 Scias,
1766 3888 1807 3922 me
1825 3873 1914 3924 iteras

552 3953 611 3997 tuas
629 3950 654 3997 in
673 3951 786 4012 Angusto
803 3949 966 4012 praeterlapsi
986 3950 1044 3996 anni
1064 3948 1209 4012 llamborgo
1228 3949 1363 4009 accepisse.

646 4018 741 4069 Scribis
759 4034 845 4083 nuper,
865 4015 885 4076 ’ξ
904 4021 929 4067 in
948 4020 1015 4068 disco
1034 4018 1098 4068 Solis
1117 4020 1273 4067 observatum
1291 4018 1375 4066 luisse.
1407 4019 1440 4065 At
1457 4030 1531 4080 qnam
1550 4016 1697 4079 impossibile
1714 4013 1763 4064 boc
1780 4016 1814 4064 sit
1827 4015 1916 4065 obser·

552 4095 622 4143 vato.
650 4105 702 4140 non
727 4092 821 4154 ignoro.
858 4089 906 4138 l'ix
934 4098 1005 4139 extra
1031 4089 1161 4139 obstacula
1184 4092 1209 4137 in
1238 4088 1434 4151 elongationibus
1454 4089 1567 4136 maximis
1595 4087 1717 4135 nonnullis
1735 4093 1796 4135 ante
1814 4093 1917 4151 etpost

553 4157 636 4209 Solem
663 4162 772 4224 conspici
801 4167 900 4224 potest,
928 4167 956 4210 nt
977 4163 1003 4209 in
1020 4160 1141 4210 Jannario
1169 4161 1277 4224 proximo
1299 4160 1324 4206 in
1345 4155 1465 4206 27·ee⁰
1491 4159 1612 4207 distamm
1630 4172 1646 4206 a
1664 4157 1721 4206 Sole
1748 4156 1816 4205 claro
1844 4157 1916 4226 coelo

552 4228 630 4278 videri
648 4245 697 4281 non
717 4233 816 4295 potnit,
842 4238 940 4279 tantum
969 4232 1040 4280 abest
1071 4239 1099 4279 nt
1117 4244 1145 4278 tu
1164 4231 1249 4278 diurno
1268 4237 1377 4292 tempore
1396 4231 1422 4278 in
1440 4228 1504 4278 Solis
1521 4229 1577 4277 lnce
1596 4243 1640 4291 per
1667 4228 1778 4276 loram
1804 4229 1917 4291 opticeat

552 4300 739 4351 mimtnsimnm
757 4304 783 4351 in
802 4303 897 4366 pariete
919 4302 1114 4351 animadvertere
1132 4304 1218 4365 possis.

645 4370 684 4421 De
705 4373 821 4436 exemplis
840 4373 1014 4422 miractionnm
1033 4365 1058 4426 Q
1079 4369 1112 4432 Θ
1131 4375 1157 4420 in
1176 4371 1293 4433 Tycbono
1311 4371 1441 4434 responde,
1460 4379 1487 4419 nt
1506 4377 1532 4419 et
1550 4368 1581 4418 de
1599 4369 1743 4417 diremitabe
1761 4373 1916 4431 mpputatae

557 4442 753 4491 eccentricitstis
772 4439 792 4502 ζ
811 4444 878 4508 apud
897 4442 1058 4507 Copernicnm
1077 4450 1102 4492 et
1120 4442 1356 4507 Regionootanun.

642 4511 759 4563 Proxima
777 4516 907 4565 occasione
925 4517 1022 4563 mittam
1035 4529 1120 4562 omues
1138 4514 1322 4562 observationes
1340 4514 1492 4574 superiorum
1509 4505 1566 4570 et}
1586 4511 1633 4559 hoc
1655 4523 1720 4559 anno
1736 4516 1763 4559 et
1780 4509 1917 4573 praeterito

551 4579 660 4639 liabitas,
680 4589 704 4633 et
723 4583 856 4634 demulsis
874 4587 929 4634 aliis
947 4593 1030 4634 tecum
1048 4598 1131 4648 agam.
1170 4583 1234 4632 Vale
1253 4591 1278 4631 et
1296 4583 1328 4631 ad
1348 4584 1430 4630 omnis
1449 4581 1564 4631 rescribe.
1602 4580 1675 4636 Vale,
1695 4580 1763 4630 salve
1782 4585 1809 4629 st
1828 4579 1915 4630 saluta

553 4665 651 4718 quoque
671 4662 739 4702 tuam
760 4657 895 4722 piissimam
913 4661 1007 4705 costam
1026 4669 1057 4702 ea
1074 4661 1204 4703 montet
1223 4654 1284 4701 alios
1303 4653 1456 4702 salutandos.
1492 4651 1604 4716 Raptim.
1624 4650 1725 4700 Ostelae
1744 4648 1789 4699 dc.

640 4723 711 4774 Tuae
729 4724 902 4776 hautsntiae
920 4726 1113 4774 studiosissimus
1653 4721 1685 4770 D.
1705 4721 1843 4770 Fabricius·

645 4794 692 4843 llis
709 4794 787 4844 literis
805 4798 932 4859 subjunxit
949 4796 1014 4845 banc
1032 4795 1176 4845 schedulam
1196 4796 1340 4844 Fabricius:

809 4866 890 4916 Herm
908 4866 943 4916 ld.
964 4866 1244 4929 Keplero.·Ptolemaeo
1264 4866 1412 4914 Germanico
1431 4869 1457 4912 st
1474 4878 1518 4912 sno
1538 4863 1653 4912 Uranico

641 4933 720 4983 Toum
740 4950 814 5000 quam
836 4939 940 5000 primurn
963 4936 994 4985 ad
1017 4938 1099 4984 omnia
1121 4951 1265 5002 responsum
1289 4936 1429 4985 avidissime
1450 4941 1562 4995 expecto.
1599 4931 1690 4981 Noster
1707 4928 1839 4981 Jobsnnes
1858 4937 1919 4983 tuas

551 4999 637 5052 som
653 5003 824 5069 llambnrgnm
843 5007 877 5056 sd
901 5006 1047 5055 avunculum
1065 5022 1136 5056 sunm
1163 5007 1305 5068 procurabit
1324 5006 1469 5070 diligenter,
1488 5004 1529 5052 ille
1548 5003 1581 5051 ad
1598 5018 1647 5051 me.
1686 5000 1727 5051 Sic
1754 5002 1856 5065 saepius
1875 5003 1919 5052 ria

550 5069 734 5138 Ramburgensi
752 5076 801 5125 hnc
819 5076 876 5126 illuc
889 5084 943 5126 trite
960 5078 1065 5126 scribere
1084 5091 1221 5140 possumus.
1246 5075 1350 5125 Novasi
1369 5090 1433 5139 qnae
1450 5073 1528 5123 babes
1541 5075 1567 5122 in
1586 5072 1757 5122 astronomicis
1770 5079 1818 5122 aas
1835 5079 1917 5123 nuo

551 5139 647 5206 belok,
666 5147 829 5197 communica
858 5146 932 5198 loco
948 5147 994 5198 tibi
1010 5147 1311 5213 msanl’roqnssticumr
1329 5147 1388 5196 boni
1406 5145 1515 5201 cunm
1534 5136 1918 5209 mmdnmfflssnmca'n
