4584 6192
1769 598 1970 651 Litora
2004 600 2209 665 Kopleri
2246 599 2548 664 alim-umque
2583 609 2786 657 muman

930 778 1306 854 substantia,
1366 774 1670 857 multoque
1730 774 1995 854 ipsorum
2040 777 2406 841 auctoritate
2453 781 2676 860 magis,
2738 780 2893 861 quod
2955 779 3134 842 nullis
3190 777 3329 842 aliis
3394 775 3642 858 experi-

930 867 1150 933 mentis
1197 868 1323 930 tale
1369 864 1509 946 quid
1558 865 1719 927 circa
1762 863 1969 926 Solem
2017 864 2541 939 animadvertitur,
2603 870 2876 950 quodque
2923 869 3232 931 commode
3278 868 3394 930 hoc
3439 867 3639 947 phae-

932 976 1248 1022 nomenum
1294 954 1357 1018 in
1402 954 1559 1017 alias
1604 972 1819 1015 causas
1867 960 2050 1015 antea
2095 955 2157 1017 in
2204 964 2423 1019 natura
2466 966 2821 1038 praesentes
2870 957 3182 1020 transferri
3228 963 3458 1037 potest.

1114 1044 1435 1109 Sumamus
1465 1042 1622 1104 enim
1670 1042 1850 1103 tertio
1898 1042 2028 1103 loco
2076 1043 2383 1107 Terram
2429 1046 2490 1107 in
2538 1065 2777 1121 manus,
2829 1066 2982 1128 quae
3032 1045 3221 1108 tribus
3249 1045 3446 1107 modis
3491 1063 3643 1108 cau-

939 1156 1073 1200 sam
1115 1130 1512 1215 phaenomeni
1556 1130 1846 1211 praebere
1891 1139 2119 1209 potest.
2186 1132 2457 1210 Primus,
2505 1135 2557 1197 si
2604 1135 2903 1208 dicamus,
2952 1136 3200 1197 Terram
3245 1152 3380 1195 cum
3430 1132 3645 1195 ambe-

936 1232 1081 1288 nnte
1142 1221 1441 1285 crassiore
1495 1227 1670 1300 parte
1717 1220 1878 1281 aeris
1915 1219 2125 1299 jacere
2162 1222 2472 1313 umbram,
2536 1224 2596 1286 in
2644 1242 2820 1304 quam
2865 1224 3143 1303 ingressa
3170 1223 3345 1283 Luna
3391 1220 3646 1282 claritu-

940 1313 1141 1376 dinem
1187 1310 1459 1372 amittat:
1512 1308 1641 1388 jam
1688 1326 1830 1369 vero
1876 1316 2112 1386 partem
2140 1311 2322 1384 ‚aeris
2368 1312 2725 1374 crassiorem
2773 1312 3182 1373 transmittere
3230 1310 3435 1372 radios
3481 1307 3649 1372 Solis

937 1420 1018 1464 ex
1063 1407 1266 1481 parte,
1335 1396 1548 1478 quibus
1612 1395 1950 1458 obscuratis
2019 1399 2206 1462 radiis
2270 1400 2450 1461 rubor
2509 1400 2608 1461 ille
2657 1400 2980 1474 efficiatur,
3049 1417 3181 1459 cum
3246 1415 3389 1477 pars
3436 1399 3650 1460 Lunae

940 1490 1211 1554 existens
1259 1487 1319 1550 in
1364 1485 1472 1547 illa
1515 1486 1751 1559 umbra,
1803 1503 1983 1565 quam
2021 1487 2179 1568 jacit
2224 1488 2413 1550 Terra
2458 1487 2767 1550 soliditate
2816 1508 2953 1561 sua,
3012 1486 3251 1567 penitus
3297 1492 3647 1548 evanescat.

938 1579 1168 1641 Posset
1214 1574 1453 1658 quidem
1517 1581 1582 1636 et
1625 1574 1743 1636 iste
1790 1574 2000 1639 modus
2047 1576 2312 1639 nonnihil
2369 1577 2762 1651 satisfacere,
2823 1576 2936 1637 sed
2983 1582 3279 1655 repugnat
3322 1574 3413 1636 illi
3456 1575 3650 1653 primo

1311 1699 1422 1765 Fig-
1470 1695 1551 1747 ¹5.

1946 1666 2243 1739 calculus,
2311 1684 2627 1728 assumens
2675 1663 3137 1727 crassitudinem
3199 1663 3446 1725 umbrae
3493 1664 3651 1726 Ter-

1950 1755 2162 1817 restris
2198 1754 2354 1828 KM,
2403 1773 2556 1834 quae
2604 1761 2770 1815 esset
2815 1760 3048 1814 tantum
3085 1752 3217 1824 LN,
3268 1759 3334 1812 et
3376 1751 3466 1813 sic
3511 1752 3652 1814 dia-

1950 1853 2203 1907 metrum
2232 1843 2454 1905 Terrae
2485 1843 2717 1917 dicens,
2768 1859 2919 1923 quae
2950 1847 3119 1901 esset
3165 1839 3457 1902 diameter
3494 1842 3653 1903 Ter-

1950 1954 2056 1998 rae
2102 1952 2237 1994 cum
2282 1932 2626 2010 vaporibus.
2703 1928 2879 2001 Quod
2918 1929 3076 1990 enim
3106 1928 3448 1990 differentia
3493 1929 3655 1991 inter

1951 2031 2263 2103 utramque
2313 2021 2539 2082 dictam
2605 2019 2956 2080 diametrum
3013 2017 3192 2079 valde
3237 2017 3527 2080 notabilis
3573 2016 3654 2078 sit

1954 2114 2173 2183 futura,
2221 2109 2424 2188 arguit
2453 2108 2757 2171 rubedinis
2802 2107 2862 2168 in
2908 2107 3085 2169 Luna
3131 2105 3501 2185 magnitudo,
3549 2114 3652 2168 te-

1954 2219 2104 2281 gens
2158 2198 2393 2260 Lunam
2456 2198 2580 2259 fere
2641 2196 2970 2259 dimidiam.
3060 2194 3295 2256 Deinde
3359 2202 3658 2275 repugnat

1954 2289 2092 2352 hnic
2138 2286 2316 2348 modo
2364 2286 2835 2365 experimentum
2881 2284 2942 2345 in
2989 2302 3089 2357 eo,
3142 2283 3301 2363 qnod
3346 2284 3505 2345 inter
3549 2303 3656 2345 ru-

1953 2377 2233 2440 bedinem
2278 2384 2343 2437 et
2388 2393 2586 2437 meras
2632 2372 2917 2435 tenebras
2975 2371 3173 2433 nullus
3234 2378 3436 2435 certus
3481 2371 3658 2433 limes

1957 2464 2258 2547 apparuit.
2351 2464 2444 2526 At
2487 2462 2585 2524 hic
2629 2463 2786 2523 inter
2832 2479 3052 2522 causas
3095 2459 3409 2540 utriusque
3456 2467 3659 2522 certus

1958 2563 2024 2617 et
2085 2553 2263 2615 valde
2330 2550 2617 2614 notabilis
2662 2552 2836 2614 limes
2894 2549 3170 2611 interest.
3260 2548 3423 2611 Nam
3470 2549 3548 2611 ab
3594 2548 3662 2611 M

1960 2644 2037 2705 ad
2083 2642 2140 2705 N
2190 2641 2309 2702 etsi
2356 2640 2777 2720 inaequaliter,
2847 2655 3085 2717 semper
3141 2643 3343 2699 tamen
3401 2655 3662 2717 vapores

1963 2734 2066 2794 lux
2109 2738 2420 2811 penetrat,
2470 2736 2536 2790 at
2579 2729 2639 2789 in
2669 2729 2727 2789 N
2756 2727 2955 2789 subito
3003 2726 3276 2806 disparet
3319 2726 3513 2788 omnis
3560 2726 3665 2788 lux

1963 2829 2026 2881 et
2084 2826 2411 2898 sequuntur
2474 2836 2673 2879 merae
2738 2815 3042 2877 tenebrae.
3135 2813 3222 2876 Et
3275 2814 3364 2875 sic
3418 2832 3536 2877 non
3597 2820 3666 2875 ut

1962 2910 2024 2971 in
2069 2909 2244 2970 Luna
2305 2907 2484 2969 rubor
2543 2914 2609 2966 et
2667 2904 2982 2975 tenebrae,
3048 2902 3139 2963 sic
3202 2900 3297 2964 hic
3343 2903 3502 2977 MN,
3549 2901 3666 2964 LN

1966 2998 2095 3059 sine
2143 3004 2308 3058 certo
2355 3004 2418 3056 et
2454 2993 2678 3056 visibili
2722 2991 2974 3054 termino
3021 2990 3365 3066 cohaerent,
3413 2991 3523 3052 sed
3571 2997 3669 3051 est

1967 3086 2025 3148 iu
2055 3087 2114 3149 N
2160 3084 2517 3146 manifestus
2566 3083 2788 3155 saltus,
2837 3080 2978 3160 quia
3024 3080 3101 3140 ad
3149 3081 3384 3142 oculum
3429 3079 3666 3144 discre-

1967 3183 2119 3256 pant
2163 3191 2417 3253 opacum
2465 3181 2527 3232 et
2572 3169 2954 3250 pellucidum.

2101 3257 2282 3324 Alter
2340 3259 2580 3332 modus,
2648 3259 2699 3320 si
2749 3258 3045 3329 dicamus,
3112 3273 3373 3333 vapores
3435 3254 3673 3334 quidem

1969 3352 2130 3415 circa
2177 3352 2425 3411 Terram
2473 3347 2726 3409 extimos
2760 3346 2975 3425 juvare
3021 3344 3207 3405 etiam
3256 3345 3334 3406 ad
3380 3344 3674 3416 umbram,

1972 3442 2216 3521 ejusque
2264 3437 2684 3499 extremitates
2721 3436 2963 3515 jacere,
3030 3432 3139 3494 sed
3203 3441 3421 3512 postea
3468 3430 3675 3494 radios

1973 3528 2135 3592 Solis
2182 3528 2240 3588 in
2289 3526 2439 3606 ipsis
2486 3524 2808 3605 vaporibus
2840 3532 2902 3583 et
2938 3521 3219 3583 crassiori
3249 3528 3388 3583 aere
3427 3519 3677 3600 refringi

1972 3620 2318 3681 introrsum.
2394 3615 2480 3678 Ut
2525 3629 2628 3693 ψω
2675 3621 2772 3674 est
2817 3611 3128 3673 crassities
3158 3610 3402 3671 umbrae
3449 3610 3513 3671 in
3543 3608 3684 3671 cal--

1974 3707 2135 3779 culo,
2179 3705 2355 3784 jacta
2402 3702 2478 3764 ab
2526 3702 2813 3763 extremis
2843 3701 3066 3761 Terrae
3111 3698 3458 3778 vaporibus.
3553 3696 3681 3759 Sed

1964 3798 2093 3880 jam
2139 3794 2272 3856 sola
2318 3792 2515 3871 portio
2564 3787 2671 3863 ευζ
2700 3801 2797 3850 est
2859 3787 3136 3850 immunis
3195 3787 3270 3848 ab
3320 3785 3679 3848 omnimodis

1974 3883 2138 3947 Solis
2197 3881 2412 3950 radiis,
2479 3879 2763 3960 quidquid
2819 3879 2977 3939 inter
3022 3899 3109 3937 υω
3175 3884 3237 3936 et
3282 3889 3373 3955 νψ
3419 3883 3552 3949 est,
3617 3872 3681 3935 id

1976 3975 2392 4053 frequentatur
2419 3989 2457 4029 a
2485 3969 2670 4031 radiis
2716 3964 2997 4028 refractis
3026 3983 3135 4044 per
3179 3981 3438 4043 vapores
3470 3971 3681 4025 trans-

1974 4061 2271 4124 euntibus.
2365 4058 2524 4121 Nam
2569 4053 2636 4137 γζ
2671 4054 3022 4133 refringitur
3068 4053 3126 4114 in
3157 4050 3226 4125 ζυ
3272 4060 3337 4113 et
3382 4054 3452 4129 βο
3502 4052 3563 4113 in
3593 4073 3680 4112 w.

1975 4153 2186 4230 Itaque
2243 4147 2298 4208 si
2343 4147 2520 4208 Luna
2573 4153 2672 4207 est
2728 4144 2890 4206 intra
2944 4138 3049 4214 ουζ
3099 4161 3321 4203 meram
3388 4141 3684 4212 umbram,

1977 4248 2147 4304 caret
2176 4236 2335 4299 omni
2383 4235 2552 4297 radio
2601 4233 2784 4305 Solis,
2834 4250 2946 4293 nec
2994 4231 3110 4292 nisi
3156 4249 3264 4309 per
3309 4228 3680 4291 illustratio-

1976 4348 2111 4393 nem
2171 4326 2486 4399 stellarum
2539 4323 2668 4386 Soli
2728 4321 3057 4383 vicinarum
3105 4319 3386 4381 cernitur.
3476 4319 3571 4381 At
3633 4316 3687 4378 si

1977 4426 2076 4481 est
2118 4434 2303 4494 supra
2347 4437 2404 4485 ν,
2453 4413 2794 4474 illustratur
2823 4429 2860 4470 a
2891 4408 3246 4489 quibusdam
3285 4406 3452 4469 Solis
3499 4404 3690 4468 radiis

1977 4505 2284 4576 refractiS,
2353 4502 2527 4580 idque
2595 4518 2664 4561 eo
2713 4499 2906 4578 magis
2954 4497 3268 4571 continue,
3326 4514 3444 4575 quo
3492 4494 3691 4575 magis

1980 4596 2061 4658 ad
2088 4591 2509 4655 extremitates
2539 4614 2608 4663 ω,
2632 4603 2685 4667 ψ
2713 4586 3060 4649 accesserit.
3109 4587 3314 4665 Atque
3344 4583 3484 4647 huic
3513 4583 3692 4647 modo

1980 4685 2058 4745 ad
2106 4679 2393 4743 amussim
2440 4678 2764 4758 respondet
2809 4685 3078 4737 nostrum
3116 4675 3413 4753 eclipseos
3444 4672 3693 4753 experi-

1979 4779 2264 4834 mentum.
2359 4769 2489 4832 Nec
2566 4767 2720 4840 scio,
2802 4765 2941 4844 quid
3004 4784 3080 4826 ex
3140 4764 3277 4826 aliis
3352 4759 3694 4841 disciplinis

1979 4861 2067 4923 illi
2115 4858 2315 4941 possit
2360 4856 2568 4938 objici,
2618 4855 2734 4917 nisi
2782 4853 2925 4927 hoc,
2985 4854 3145 4934 quod
3191 4852 3403 4914 umbra
3449 4851 3614 4913 circa
3641 4871 3694 4910 ω

1982 4951 2157 5029 longe
2206 4947 2424 5009 clarior
2470 4947 2580 5020 sit,
2645 4962 2821 5024 quam
2869 4950 2936 5003 ut
2983 4949 3179 5006 atram
3224 4941 3393 5003 illam
3440 4937 3694 5002 rubedi-

1980 5059 2116 5101 nem
2173 5036 2489 5117 producat.
2581 5032 2665 5095 Et
2729 5051 2862 5093 cum
2930 5032 3156 5093 nullum
3221 5036 3454 5092 certum
3515 5028 3696 5090 finem

1981 5128 2248 5195 habeant
2319 5142 2578 5205 vapores
2643 5122 2809 5187 circa
2871 5119 3152 5197 Terram,
3229 5117 3342 5182 sed
3407 5117 3698 5182 continue
