4584 6192
980 566 1013 628 d·
1029 572 1101 627 non
1120 569 1223 639 opaea
1737 569 1801 677 99x

422 759 475 794 nan
492 744 618 798 comm
656 746 735 811 Cupio
757 749 833 814 igitur
850 763 868 800 a
884 757 911 801 te
936 764 1101 815 capescere,
1121 764 1154 800 aa
1172 764 1199 799 re
1222 763 1281 800 vera
1304 751 1393 800 vitrum
1415 750 1504 815 duplex
1521 752 1546 801 in
1570 752 1781 804 observationibus

422 814 552 866 Solaribus
576 816 714 867 adhiblcrnr
740 821 913 872 retractionem
937 821 1036 872 etficsre
1053 823 1130 885 possit
1149 828 1322 885 etquantam,
1342 829 1419 871 etan
1444 836 1541 886 semper
1564 824 1608 873 illa
1633 825 1722 876 cadem
1740 825 1780 875 rel

422 888 498 937 mim
515 887 583 937 medi
601 888 727 939 maneat?

510 957 542 1008 In
560 962 708 1023 postscriptc
725 960 783 1011 huic
807 964 947 1025 quaesdoni
971 963 1034 1013 baec
1061 962 1130 1012 addit
1154 962 1297 1011 Fabricius:
1325 962 1494 1012 Eruditissirne
1513 962 1546 1011 D.
1566 963 1682 1028 Keplero.
1720 965 1782 1016 Cum

421 1027 509 1078 literar
521 1030 642 1080 Aurioum
660 1031 781 1082 deferrem
800 1041 829 1081 ιιι
844 1033 952 1097 Pragam
971 1041 1125 1088 curarentur,
1144 1034 1232 1083 incidit
1242 1033 1301 1082 mibi
1319 1034 1474 1083 remotionis
1493 1037 1628 1099 negotium.
1657 1036 1686 1085 In
1705 1036 1783 1087 literis

420 1099 471 1150 taoi
489 1101 645 1151 mentionem
667 1101 771 1167 duplicis
788 1105 844 1153 vitri
867 1106 947 1153 visorii
972 1120 1047 1168 prope
1070 1104 1167 1154 oculum
1191 1105 1291 1153 obducti
1308 1105 1334 1152 in
1358 1105 1528 1153 observatione
1553 1105 1691 1155 altitudinis
1709 1106 1781 1157 Solis.

421 1169 460 1220 Τιι
479 1177 561 1222 anua
578 1173 706 1235 scripsisti,
727 1176 790 1224 ritra
807 1188 912 1226 causare
930 1175 1118 1231 retractionemc
1138 1175 1182 1224 sed
1195 1182 1254 1237 puto
1267 1181 1292 1223 te
1305 1175 1366 1231 talli,
1386 1176 1446 1239 quia
1457 1176 1482 1224 in
1495 1181 1540 1225 tua
1553 1174 1645 1239 Optioa
1662 1178 1781 1235 ostendis,

420 1239 507 1290 radios
525 1240 640 1298 Solimi
658 1251 727 1294 recte
744 1245 897 1309 diaphanum
921 1253 1066 1302 trameant,
1090 1245 1183 1295 nullam
1209 1259 1312 1294 causare
1337 1246 1520 1295 retractionem.
1557 1247 1614 1296 Jam
1632 1250 1694 1297 satis
1712 1254 1783 1312 patet

419 1314 447 1360 in
466 1312 598 1375 capiendis
617 1314 787 1364 altitudinibus
805 1317 901 1365 radium
915 1315 978 1366 Solis
996 1326 1064 1366 recte
1081 1318 1106 1365 in
1125 1316 1279 1380 superficiem
1298 1317 1413 1366 vitrorum
1432 1316 1540 1374 cadere;
1560 1332 1618 1381 erge
1637 1319 1707 1368 nulla
1724 1318 1783 1369 inda
1848 1364 1854 1385 ,

420 1382 540 1432 abactio
563 1392 683 1434 causatur
701 1391 727 1437 ct
744 1388 780 1436 sio
805 1389 931 1438 sententia
949 1387 1073 1449 Tychenis
1097 1401 1156 1437 vera
1178 1387 1302 1441 manebit.
1330 1401 1376 1436 nec
1400 1394 1460 1450 pute
1478 1394 1504 1437 te
1529 1389 1660 1453 quicquam
1678 1392 1704 1439 in
1723 1405 1783 1439 con·

420 1455 527 1502 trarinm
546 1453 636 1505 sileno
654 1470 734 1519 possa.

512 1524 588 1574 Adde
606 1527 692 1584 etiam,
711 1527 777 1592 quod
794 1529 878 1576 Aurici
902 1527 1058 1577 Abrahamue
1084 1527 1142 1576 mihi
1168 1527 1279 1576 literulas
1303 1528 1405 1591 exiguas
1424 1525 1465 1576 20.
1486 1527 1561 1577 Mart.
1588 1525 1656 1577 1604
1679 1530 1784 1593 scriptas

420 1594 564 1652 moeris.
583 1597 671 1661 quibus
689 1609 717 1647 ut
735 1600 784 1648 tuis
803 1599 965 1661 respondeam
983 1599 1101 1661 prioribus
1119 1613 1201 1662 urges.
1233 1599 1283 1648 Sed
1295 1598 1336 1647 liic
1353 1598 1386 1647 sd
1405 1600 1488 1647 omnia
1504 1613 1647 1662 responsum
1667 1602 1784 1664 accipies,

421 1672 545 1798 ἶὲὅῗι
568 1670 772 1788 ςιιιιὲιὸὸρτὶιιιιιιιι
794 1669 945 1734 respondeas
963 1670 1092 1733 plurimum
1111 1685 1179 1734 rogo.
1219 1668 1299 1726 Vale,
1319 1668 1399 1725 Vale,
1419 1669 1497 1734 vige,
1522 1670 1600 1719 Flore.
1637 1672 1722 1720 Anrioi
1741 1668 1783 1720 tt.

473 1771 480 1783 .
531 1751 574 1786 an.
666 1776 674 1789 .

513 1808 725 1888 Keplerus:
758 1811 802 1871 Ut
834 1810 961 1871 altitudo
990 1809 1072 1872 Solis
1102 1809 1253 1889 capiatur,
1289 1809 1360 1871 Sole
1394 1830 1448 1889 per
1480 1811 1617 1890 exiguum
1652 1814 1784 1875 toramen

421 1895 633 1959 translucente
657 1899 687 1958 in
720 1899 873 1977 superiore
905 1899 1076 1978 pinnacidio
1106 1908 1137 1960 et
1170 1898 1319 1959 incidente
1352 1898 1560 1960 orbiculariter
1587 1900 1616 1961 in
1650 1901 1784 1976 interius,

420 1984 468 2045 sio
491 1992 528 2046 ut
549 1984 677 2065 impleat
700 1986 851 2048 circellum
876 1987 1057 2067 descriptum
1081 2008 1118 2047 ex
1142 1998 1246 2048 centro
1278 1988 1479 2065 respondente
1503 1996 1605 2049 centro
1631 1989 1785 2051 foraminis

421 2072 592 2153 superioris
629 2075 806 2154 pinnacidii,
840 2075 997 2137 Maestlini
1029 2077 1134 2137 modus
1162 2082 1224 2149 est,
1257 2094 1313 2155 quo
1347 2075 1499 2136 meliorem
1532 2095 1627 2156 neque
1654 2078 1785 2157 Byrgius

419 2179 522 2241 neque
554 2162 713 2242 quisquam
746 2163 824 2225 alius
858 2165 1044 2226 centimanus
1068 2165 1211 2225 Briareus
1237 2164 1393 2225 invenerit.
1419 2196 1461 2207 -
1486 2165 1531 2224 Tu
1554 2165 1579 2225 si
1607 2166 1717 2228 vitrum
1740 2166 1787 2228 via

420 2249 583 2323 adhibere,
617 2260 706 2331 petes
731 2252 759 2313 id
788 2252 854 2313 sine
882 2263 963 2314 metu
997 2254 1227 2326 retractionum,
1262 2260 1294 2313 ut
1319 2252 1383 2330 jam
1407 2253 1477 2313 olim
1509 2254 1659 2331 respondi.
1707 2255 1786 2317 Nam

419 2357 619 2419 quaecunque
643 2341 697 2402 fiat
720 2341 751 2402 in
774 2342 853 2402 vitro
878 2341 1037 2410 retractio,
1071 2341 1143 2402 nihil
1171 2340 1300 2401 interest
1332 2341 1370 2400 ad
1394 2340 1638 2414 instrumentum,
1668 2344 1786 2422 quando

420 2425 507 2490 Solis
530 2428 636 2490 radius
661 2429 746 2508 psius
773 2447 827 2508 per
856 2430 1043 2492 instrumenti
1073 2428 1275 2508 pinnacidium
1303 2436 1459 2508 utrumque
1491 2430 1648 2502 transivit,
1678 2438 1788 2511 postea

421 2516 545 2578 demum
568 2534 624 2597 per
646 2517 758 2579 vitrum
781 2518 810 2578 in
834 2518 951 2579 oculum
975 2518 1136 2597 recipitur;
1161 2518 1231 2597 quia
1254 2518 1339 2577 oculo
1363 2536 1421 2578 non
1445 2518 1583 2579 metimur
1605 2517 1686 2580 Solis
1711 2519 1784 2581 alti·

419 2605 560 2667 tudinem
583 2605 639 2666 sed
661 2606 871 2668 instrumento.
919 2604 1032 2668 Oculus
1056 2608 1112 2668 hoo
1137 2607 1234 2667 solum
1264 2614 1417 2684 praestat,
1442 2607 1519 2686 quod
1543 2607 1706 2669 Maestlino
1730 2627 1786 2670 sua

419 2692 605 2774 pinnaoidia,
631 2694 745 2756 indicat
767 2714 873 2774 nempe
898 2696 1014 2775 quando
1040 2697 1145 2773 regula
1170 2695 1224 2754 fiat
1246 2695 1410 2773 parallelos
1434 2695 1517 2755 radio
1542 2694 1633 2757 Solis.

512 2799 709 2851 Fabricius:
729 2799 808 2848 Tuam
827 2800 858 2849 de
884 2800 1032 2850 retractione
1056 2801 1208 2849 sententiam
1228 2814 1283 2849 oum
1309 2800 1402 2863 gaudio
1420 2799 1477 2864 legi.
1516 2800 1572 2849 Tua
1597 2801 1702 2850 altitudo
1721 2802 1786 2852 aeris

419 2884 479 2920 oum
497 2883 559 2920 mea
576 2872 700 2920 convenio
739 2869 830 2920 Scribis
848 2873 873 2919 in
891 2872 1021 2920 maritimis
1040 2872 1180 2936 regionibus
1205 2877 1348 2919 constantes
1368 2884 1423 2919 esse
1446 2872 1613 2920 retractiones.
1652 2872 1784 2930 Concedo;

421 2948 453 2989 at
469 2942 492 2990 ai
512 2953 582 2991 mars
600 2941 635 2992 ad
653 2942 821 2991 constantiam
841 2942 932 3006 aliquid
950 2944 1019 2999 tacit,
1040 2957 1083 2992 cur
1094 2957 1144 2991 non
1163 2943 1239 2990 etiarn
1252 2942 1285 2990 ad
1303 2942 1478 2990 retractionum
1497 2942 1675 3006 aequalitatem
1693 2944 1785 3007 aliquid

419 3010 538 3062 tacoeat?
557 3014 593 3061 At
609 3011 727 3062 Miserius
745 3012 830 3062 scribit
847 3013 873 3063 in
891 3027 938 3063 sua
957 3012 1079 3078 apologia,
1099 3015 1124 3061 in
1144 3012 1264 3062 Selandia
1282 3014 1443 3061 retractiones
1466 3027 1542 3075 saepe
1560 3029 1609 3062 non
1628 3015 1729 3077 percipi,
1748 3016 1786 3064 ita

420 3084 527 3147 estquis
545 3083 578 3133 de
595 3082 645 3132 illis
663 3083 776 3133 dubitare
795 3086 879 3147 pessit.
911 3083 984 3133 Ponit
1002 3084 1057 3134 illas
1075 3086 1101 3132 in
1121 3084 1252 3133 altitudine
1274 3081 1319 3133 15ο
1341 3106 1373 3115 -
1392 3079 1425 3142 3’,
1445 3091 1473 3132 tu
1493 3082 1562 3145 Μ’.
1601 3084 1689 3133 Dicam
1709 3085 1785 3134 etiam

420 3167 509 3203 meam
527 3155 698 3204 nutantiam:
716 3156 781 3203 siout
798 3155 823 3203 in
842 3154 973 3217 cuiuslibet
990 3156 1097 3220 regionis
1115 3155 1243 3203 horizonte
1262 3156 1370 3203 omnium
1389 3156 1497 3203 maxima
1516 3156 1544 3203 iit
1561 3156 1685 3213 retractio,
1705 3156 1743 3205 ita
1760 3157 1784 3205 in

419 3224 552 3274 Mdzonte
584 3224 670 3273 mnndi
690 3222 718 3285 (i.
738 3240 760 3273 e.
780 3226 825 3274 sub
850 3225 905 3288 polo
929 3227 970 3274 ubi
998 3233 1117 3289 aequatos
1143 3225 1276 3274 horizontis
1304 3228 1382 3274 vicem
1410 3222 1487 3284 subit)
1512 3226 1580 3289 baud
1607 3226 1680 3275 dubie
1709 3227 1785 3292 etiarn

419 3297 535 3345 maxima
552 3297 601 3345 erit
619 3296 735 3345 retractio
756 3302 782 3344 et
800 3296 872 3354 ideo,
892 3312 939 3360 quo
958 3298 1076 3346 viciniora
1101 3297 1192 3346 tuerint
1209 3297 1265 3345 loca
1288 3297 1430 3360 aequaturi,
1451 3311 1480 3345 ec
1498 3299 1577 3345 minor
1601 3298 1716 3347 retractio
1727 3316 1745 3366 t·
1760 3304 1787 3348 et

420 3367 460 3416 sio
476 3367 571 3416 acusim
589 3366 735 3417 decrescere
754 3373 813 3429 puto
832 3368 992 3417 retractiones
1011 3381 1027 3416 a
1046 3367 1100 3431 polo
1120 3369 1153 3417 ad
1178 3374 1352 3432 aequatorem,
1372 3367 1475 3431 singulis
1494 3382 1550 3416 rere
1573 3368 1633 3418 locis
1652 3383 1711 3419 suas
1729 3384 1785 3432 pro·

419 3438 491 3501 μιν
509 3451 565 3488 esse
582 3437 745 3488 retracu’ones
765 3450 855 3501 easque
874 3437 1051 3501 utplurimum
1070 3445 1222 3488 constantes.
1259 3438 1325 3487 Nam
1349 3438 1513 3503 prodigiosam
1531 3439 1599 3489 illam
1622 3442 1786 3503 variationem

419 3507 600 3558 monum
618 3510 644 3557 in
662 3508 849 3558 mediterraneis
868 3509 928 3558 locis
941 3511 979 3557 vix
998 3510 1219 3573 crederepossum.
1244 3507 1325 3559 Multa
1338 3510 1397 3558 vitio
1416 3510 1613 3559 observationum
1626 3525 1701 3574 saepe
1714 3512 1786 3567 liunt,

421 3592 491 3644 qnae
508 3580 537 3627 iu
553 3578 694 3644 prodigium
711 3578 778 3628 male
801 3579 939 3629 trahuntur.
976 3579 1028 3628 Fol.
1048 3577 1090 3628 ts.
1111 3581 1185 3645 (Cap.
1205 3580 1251 3640 lv,
1273 3578 1308 3642 1.)
1327 3581 1424 3637 scribis,
1444 3595 1493 3630 non
1517 3595 1619 3645 raperes
1637 3583 1681 3631 sed
1703 3587 1786 3631 adrem

421 3664 480 3699 asso
498 3662 603 3699 umam
617 3650 803 3720 retractionum.
842 3650 883 3700 lta
901 3653 963 3700 satis
983 3651 1049 3701 clare
1068 3653 1199 3716 distinguis
1225 3653 1304 3713 ipsum
1323 3657 1407 3700 adrem
1426 3665 1443 3700 a
1467 3654 1595 3715 vaporibus
1620 3654 1643 3702 ei
1661 3653 1785 3708 immixtis,

421 3720 470 3770 scd
488 3735 534 3771 cur
550 3726 604 3770 tam
623 3720 778 3786 prodigiosas
805 3721 967 3772 retractiones
985 3723 1011 3770 lu
1030 3738 1078 3771 unc
1098 3723 1151 3773 loco
1177 3724 1313 3778 consumis,
1333 3724 1354 3769 si
1372 3727 1415 3771 abr
1433 3730 1472 3771 est
1490 3737 1575 3780 causa,
1594 3739 1644 3772 non
1662 3722 1786 3786 raperes?

422 3806 482 3841 curn
501 3795 546 3840 atr
563 3793 590 3840 in
609 3806 637 3840 se
657 3799 683 3841 et
700 3806 744 3856 per
757 3806 783 3840 se
802 3800 888 3842 manet
906 3794 979 3850 idem,
1000 3800 1137 3857 atpropter
1155 3808 1257 3856 vapores
1276 3808 1351 3856 saepe
1370 3793 1528 3843 incrassatur.
1560 3794 1608 3842 Hic
1621 3802 1665 3843 aut
1683 3807 1786 3857 vapores

424 3864 453 3911 in
471 3875 551 3912 causa
569 3869 629 3911 sunt
647 3861 773 3912 aethaeo
791 3864 964 3929 prodigiesitas
983 3879 1012 3913 ex
1031 3865 1135 3928 simplici
1154 3870 1211 3914 abre
1238 3866 1335 3914 causari
1360 3870 1449 3926 potest.
1487 3864 1520 3912 Et
1538 3866 1572 3913 sic
1591 3871 1643 3912 stat
1661 3865 1787 3914 sententia

426 3931 554 3995 'tychonis
573 3933 657 3983 adbuc
675 3933 752 3983 salvs.
790 3933 816 3983 Si
835 3948 911 3998 vapor
935 3942 1032 3984 tantam
1058 3935 1223 3985 differentiam
1247 3942 1379 3990 causatur,
1404 3935 1480 3983 multo
1498 3935 1579 3999 magis
1597 3935 1657 3984 illud
1676 3934 1787 3983 ettioient

427 4004 515 4061 aab,
535 4003 601 4068 quod
619 4019 670 4053 non
689 4005 823 4054 observari.

519 4075 726 4156 Keplerus:
750 4076 830 4136 Mari
854 4076 1066 4139 refractionum
1090 4077 1292 4139 constantiam
1313 4095 1370 4137 non
1390 4076 1488 4155 tribuo
1508 4077 1545 4138 ob
1569 4084 1708 4137 naturam
1732 4075 1787 4138 sed

427 4162 469 4224 ob
503 4163 707 4226 bumilitatem
745 4164 802 4225 loci
840 4172 979 4245 respectu
1017 4165 1184 4246 aequabilis
1220 4165 1387 4245 superficiei
1420 4165 1522 4227 maris.
1575 4164 1609 4227 Si
1641 4164 1787 4227 Miverius

427 4252 588 4332 aequalem
612 4252 747 4334 Tyohoni
769 4254 943 4333 probaverit
965 4254 1144 4317 industriam
1163 4254 1191 4315 in
1215 4253 1413 4329 observando,
1438 4254 1614 4333 corrigenda
1637 4253 1696 4315 erit
1718 4272 1786 4316 mea

427 4342 593 4418 sententia,
619 4341 677 4403 uisi
699 4341 762 4404 hoc'
780 4362 826 4403 me
846 4343 942 4421 juvet,
968 4343 1046 4421 quod
1066 4344 1127 4405 alia
1145 4345 1213 4405 loca
1236 4344 1388 4404 rnaritima
1407 4343 1474 4403 aliis
1496 4342 1661 4404 vicinarum
1685 4351 1784 4404 terra-

427 4449 494 4491 rurn
517 4430 655 4510 partibus
678 4430 873 4509 objiciuntur,
897 4432 974 4494 unde
1004 4434 1135 4494 orientes
1167 4449 1294 4512 vapores
1328 4432 1480 4492 insolitum
1514 4431 1583 4511 quid
1613 4439 1784 4492 causantur.

426 4518 496 4579 Tua
518 4520 619 4600 opinio
649 4523 720 4581 vere
744 4528 792 4581 est
824 4521 941 4600 opinic;
975 4522 1145 4602 analogiam
1175 4521 1250 4582 facis
1281 4521 1331 4582 ubi
1363 4520 1446 4581 nulla
1479 4539 1588 4581 causae
1621 4519 1784 4581 similitudo

427 4626 484 4669 neo
507 4608 538 4669 in
562 4628 622 4670 una
645 4627 699 4670 nec
723 4608 752 4669 in
776 4610 873 4670 altera
897 4610 1091 4689 analogarum
1114 4611 1242 4690 copula:
1268 4609 1338 4689 quid
1361 4608 1422 4688 poli
1446 4608 1608 4669 elevationi
1631 4626 1784 4670 commune

425 4714 495 4758 cum
517 4695 771 4760 retractionibus?

519 4783 607 4856 Quae
635 4785 741 4865 objicis
766 4785 836 4848 tolio
861 4782 913 4859 79,
938 4787 975 4847 ad
1000 4808 1036 4848 ea
1059 4787 1123 4866 ipse
1147 4787 1288 4866 respondi
1312 4786 1340 4847 in
1366 4786 1446 4847 notis
1465 4786 1505 4846 ad
1523 4787 1589 4861 hoc,
1614 4785 1663 4846 ubi
1686 4784 1785 4848 disces

425 4873 525 4937 nubes
547 4875 761 4938 refractionem
785 4894 842 4936 non
866 4875 994 4938 causari.

520 4959 711 5014 Fabricius:
733 4963 768 5013 Ut
789 4963 911 5013 hactenus
930 4966 960 5013 de
983 4964 1131 5014 retractione
1159 4966 1194 5013 sic
1213 4978 1279 5012 nunc
1304 4964 1335 5013 de
1359 4963 1493 5014 reflexione
1521 4962 1643 5011 radiorum
1663 4961 1786 5011 Solarium

424 5033 554 5099 paulisper
575 5040 660 5086 “cum
685 5048 768 5100 agam
806 5034 925 5099 Ignoscas
950 5049 1021 5086 mese
1048 5035 1203 5099 importunae
1231 5036 1371 5097 prolixitati.
1409 5034 1491 5098 Saepe
1516 5034 1618 5083 miratus
1640 5049 1709 5093 suni,
1729 5047 1786 5093 enm

423 5106 472 5157 Sol
489 5105 640 5159 naturaliter
658 5106 754 5158 calidus
771 5106 805 5155 sit
820 5110 893 5169 juxta
913 5106 1043 5171 physicos,
1073 5115 1098 5158 et
1121 5113 1205 5156 tamen
1233 5122 1283 5156 non
1312 5105 1445 5158 caletaoiat
1471 5104 1615 5167 simpliciter
1640 5105 1741 5169 physice
1760 5110 1786 5156 et

842 5199 845 5204 ⁴
1535 5186 1573 5240 7.
