4584 6192
575 613 642 681 518
1187 612 1327 663 nemaeo

576 801 610 852 ut
632 791 736 851 multis
766 808 823 850 nou
856 790 966 867 ingenii
1000 789 1149 848 hebetudo
1179 789 1231 847 sed
1262 789 1393 847 doctoris
1426 790 1514 866 culpa
1547 790 1757 867 impedimento
1782 789 1841 859 sit,
1876 807 1935 867 qno

576 882 673 941 minus
699 880 814 956 scripta
837 889 868 937 et
890 880 1098 937 demonstrata
1121 877 1310 955 percipiant:
1337 878 1379 935 eis
1408 878 1497 952 igitur
1526 894 1558 936 ut
1577 879 1761 937 consulerem
1787 879 1936 954 quaedam

576 969 623 1029 hic
648 969 759 1027 tradidi
785 967 914 1036 brevius,
938 967 998 1025 alia
1022 967 1175 1043 prolixius,
1203 966 1345 1025 nonnulla
1369 966 1436 1024 aliis
1462 966 1559 1024 verbis
1585 968 1721 1043 concepi;
1746 967 1935 1026 definitiones

576 1057 789 1120 terminum,
819 1074 892 1132 quos
918 1073 1025 1132 usurpo
1051 1057 1234 1131 geometrica
1258 1055 1415 1124 libertate,
1450 1056 1589 1113 continuo
1615 1074 1734 1114 numero
1760 1056 1839 1114 iuter
1862 1073 1935 1132 pro-

577 1145 743 1225 positiones
776 1144 952 1221 opportunis
982 1144 1053 1202 locis
1092 1145 1246 1214 recensui3
1286 1143 1440 1202 schemata
1478 1145 1567 1222 (quae
1606 1159 1675 1202 sunt
1712 1156 1935 1220 geometrarum

576 1234 725 1311 genuinae
756 1233 876 1301 literae)
910 1233 998 1308 plura
1029 1232 1142 1291 addidi.
1199 1230 1267 1300 Qua
1297 1250 1389 1309 opera
1419 1233 1444 1289 si
1479 1251 1535 1290 non
1567 1251 1683 1291 omnem
1717 1233 1936 1291 obscuritatem

577 1322 698 1392 sustuli,
724 1338 811 1398 spero
836 1319 1042 1396 philosophiae
1067 1321 1219 1381 studiosos
1245 1320 1442 1379 imbecillitati
1468 1339 1552 1379 meae
1577 1321 1688 1398 aliquid
1712 1322 1936 1380 condonaturos

576 1427 757 1488 operamque
782 1409 857 1467 hanc
882 1409 950 1467 boni
975 1410 1173 1468 consulturos.

665 1496 759 1557 Porro
785 1498 812 1555 in
838 1496 914 1556 hauc
947 1515 1048 1557 curam
1072 1517 1107 1557 eo
1136 1497 1326 1576 potissimum
1356 1508 1490 1573 tempore
1524 1495 1658 1566 incubui,
1692 1515 1747 1574 quo
1782 1497 1935 1573 ingenium

575 1605 672 1646 meum
697 1585 883 1645 lamentabili
915 1586 1043 1663 quodam
1076 1587 1186 1661 frigore
1220 1597 1342 1662 torpens
1360 1578 1400 1654 ¹⁸)
1434 1583 1488 1644 Sol
1519 1585 1811 1644 munificentissimus
1841 1604 1934 1664 prae-

576 1674 694 1734 sentiae
718 1672 802 1733 11¹⁸·-
830 1684 861 1733 et
884 1671 944 1733 8¹⁰·
968 1672 1023 1735 Ο*
1058 1675 1139 1733 Tuae
1169 1673 1382 1742 concalet'ecit,
1417 1674 1711 1750 clementissimaque
1744 1671 1819 1750 Ejus
1854 1674 1934 1733 allu-

575 1763 645 1842 quia
669 1772 700 1821 et
729 1763 866 1822 hortatus
899 1762 995 1823 crebri
1024 1764 1117 1822 veluti
1140 1763 1307 1822 Mercurius
1340 1761 1448 1839 aliquis
1472 1782 1488 1819 e
1513 1781 1616 1820 somno
1646 1763 1834 1832 excitarunt;
1859 1761 1934 1839 Ejus

574 1852 703 1930 denique
736 1849 943 1910 mathematici
972 1863 1004 1911 et
1031 1852 1207 1912 cubicularii
1238 1851 1345 1910 nobilis
1370 1850 1407 1909 D.
1432 1849 1558 1910 Joauuis
1584 1850 1791 1910 chkmesseri
1821 1852 1934 1928 jucun-

573 1939 701 1999 dissima
724 1938 811 1999 simul
832 1948 863 1997 et
882 1939 1125 2016 ingeniosissima
1148 1940 1391 1999 machinamenta
1410 1940 1564 1998 manuario
1588 1941 1789 2016 ritrommque
1813 1939 1933 2017 expoli-

573 2028 671 2088 tiones
702 2027 984 2100 artificiosissimam,
1017 2029 1122 2107 quibus
1156 2028 1194 2089 R.
1220 2027 1251 2088 S.
1278 2026 1314 2088 C.
1339 2028 1434 2087 Tuam
1462 2029 1581 2087 mirifice
1612 2029 1756 2086 delectari
1781 2027 1934 2099 videbam,

573 2117 613 2177 nd
636 2116 771 2194 ejusdem
803 2117 894 2176 veluti
925 2117 1014 2177 officii
1048 2117 1277 2176 aemulationem
1310 2131 1522 2193 provocamur.
1540 2113 1579 2179 Η)
1635 2113 1752 2183 Quodsi
1790 2135 1838 2174 me
1875 2136 1933 2176 non

573 2205 764 2283 impellerent
792 2205 848 2264 hae
879 2205 1048 2283 singulares
1080 2224 1190 2265 causae
1214 2207 1253 2264 ad
1277 2205 1451 2282 Dioptricen
1486 2206 1560 2263 hanc
1595 2224 1690 2263 meam
1715 2203 1753 2263 B.
1779 2217 1810 2263 et
1834 2203 1870 2265 S.
1895 2202 1932 2265 C.

573 2293 656 2354 Tuae
680 2292 896 2354 dedicandam:
920 2305 990 2355 tunc
1016 2295 1063 2354 vel
1087 2295 1154 2355 sula
1177 2294 1231 2354 illa
1250 2293 1279 2354 in
1302 2312 1412 2371 genere
1436 2294 1597 2363 sufficeret,
1622 2293 1700 2371 qnod
1725 2292 1933 2353 mathematici

573 2381 682 2456 libelli,
707 2391 741 2442 ut
769 2382 876 2441 remoti
898 2403 917 2442 a
940 2384 1021 2461 vulgi
1054 2390 1144 2461 captu
1169 2400 1263 2462 eoque
1287 2383 1446 2454 contemti,
1480 2382 1589 2443 nemini
1623 2381 1733 2441 rectius
1758 2382 1932 2453 offeruntur,

573 2488 662 2550 quam
686 2470 796 2551 quide
822 2470 882 2531 illis
905 2470 1044 2550 judicare
1071 2481 1220 2550 possunt;
1254 2490 1328 2549 quos
1353 2471 1415 2529 acri
1444 2470 1563 2547 ingenio
1587 2491 1606 2528 a
1629 2486 1738 2529 natura
1768 2469 1934 2530 instructus

573 2577 657 2619 amor
688 2559 897 2638 philosophiae
927 2570 959 2619 et
988 2560 1145 2620 meditatio
1177 2560 1216 2619 ad
1251 2560 1417 2638 perfectam
1455 2559 1559 2618 harum
1593 2578 1689 2618 rerum
1729 2559 1933 2632 cognitionem

572 2648 721 2726 protexit.
769 2644 839 2715 Qua
862 2650 892 2708 iu
917 2649 1088 2725 cognitione
1113 2667 1182 2707 num
1206 2667 1292 2726 quem
1316 2647 1394 2707 inter
1418 2647 1573 2725 Principes
1598 2647 1690 2706 Viros
1714 2647 1771 2707 hoc
1796 2657 1933 2727 tempore

572 2752 676 2814 parem
700 2735 824 2806 habeas,
845 2736 1062 2816 incompertum
1084 2737 1157 2796 mihi
1180 2749 1245 2796 est:
1277 2736 1356 2796 inter
1378 2738 1566 2815 professores
1590 2747 1671 2795 certe
1696 2736 1931 2810 academiarum,

573 2824 623 2904 qni
646 2822 715 2884 huic
732 2823 847 2902 judicio
870 2845 959 2904 pares
982 2826 1054 2895 siut,
1078 2825 1236 2904 pauciores
1259 2824 1457 2903 reperiuntur,
1483 2844 1571 2902 quarn
1595 2843 1633 2884 ex
1656 2844 1711 2884 usu
1734 2824 1786 2884 sit.

662 2909 778 2982 Quodsi
811 2914 893 2974 nulla
924 2914 953 2974 in
985 2913 1172 2975 creberrimis
1204 2913 1345 2973 librorum
1377 2913 1617 2973 dedicationibus
1647 2913 1797 2972 fucatiora
1826 2924 1931 2973 esseut

571 3010 765 3081 patronorum
790 3002 940 3076 encomia,
971 3022 1059 3083 quam
1083 3012 1153 3062 sunt
1176 3003 1254 3076 ista,
1285 3002 1374 3061 credo
1398 3002 1496 3074 tidem,
1521 3021 1609 3080 quam
1633 3002 1712 3062 circa
1735 3012 1930 3080 patronorum

571 3090 699 3150 virtutes
733 3090 794 3150 lere
826 3091 1009 3152 decoxerunt
1040 3090 1260 3163 dedicationes,
1295 3090 1378 3150 brevi
1409 3100 1627 3151 restaurarent.
1673 3092 1775 3167 Atque
1810 3110 1868 3170 ego
1902 3090 1930 3151 in

571 3178 648 3240 hunc
673 3179 769 3257 ipsum
800 3179 887 3240 linem
919 3181 1100 3259 supersedeo
1132 3180 1261 3258 reliquas
1286 3179 1335 3251 (ut
1357 3179 1421 3241 lieri
1450 3180 1527 3238 solet
1552 3178 1581 3238 in
1610 3179 1869 3252 dedicationibus)
1892 3180 1929 3242 R

571 3277 603 3329 et
632 3265 667 3329 S.
704 3265 741 3329 C.
781 3268 861 3329 Tuae
895 3288 1128 3330 commemorare
1163 3269 1306 3340 virtutes,
1341 3287 1377 3327 ne
1409 3278 1493 3327 sutor
1525 3268 1605 3328 ultra
1635 3268 1790 3347 crepidam
1822 3286 1930 3348 sapere

570 3355 649 3417 velle
673 3355 785 3418 videar.

660 3444 706 3504 De
730 3454 830 3506 cetero
855 3465 911 3505 uon
937 3444 1027 3504 aliam
1057 3445 1164 3505 lecturi
1196 3444 1347 3522 suspendo
1378 3443 1537 3515 hederam,
1570 3462 1658 3521 quam
1683 3453 1715 3503 ut
1740 3443 1767 3503 ei
1792 3444 1926 3514 indicem,

571 3532 702 3594 libellum
727 3553 745 3593 a
769 3533 823 3595 tali
847 3535 981 3612 principe
1005 3534 1230 3611 comprobatum
1260 3533 1412 3611 lucemque
1437 3533 1538 3591 ridere
1563 3531 1691 3608 jussum.
1738 3532 1781 3593 Et
1800 3533 1867 3610 jam
1891 3532 1926 3592 R.

571 3631 604 3682 et
636 3620 670 3682 S.
704 3620 739 3683 C.
773 3624 833 3683 T⁸‘·
867 3641 912 3682 me
946 3622 1168 3699 subjectissime
1201 3622 1386 3680 commendo.
1443 3621 1531 3681 Vale.
1572 3618 1637 3680 Cal.
1669 3620 1825 3682 Januariis
1861 3621 1927 3682 anni

572 3710 721 3771 undecimi
744 3711 781 3770 de
806 3712 907 3771 seculo
932 3712 1061 3789 septimo
1086 3711 1218 3771 decimo:
1244 3729 1332 3788 quem
1355 3709 1392 3770 R.
1418 3719 1448 3769 et
1472 3710 1505 3769 S.
1529 3706 1564 3770 C.
1583 3710 1643 3768 T*
1669 3709 1877 3772 lelicissimum
1900 3711 1924 3770 io

571 3800 798 3878 gubernatione,
824 3801 853 3860 in
872 3800 1041 3878 sapientiae
1062 3801 1172 3872 studio,
1194 3798 1281 3877 inque
1300 3799 1433 3877 corporis
1454 3799 1566 3858 tuenda
1587 3800 1718 3858 sanitate
1743 3817 1923 3878 comprecor.

885 3940 1168 4002 Reverendissimae
1193 3948 1222 3999 et
1248 3938 1465 4000 Serenissimae
1492 3938 1526 4000 C.
1551 3941 1610 3999 T*

1125 4081 1347 4142 Devotissimus

1368 4223 1399 4282 5.
1427 4220 1460 4281 C.
1486 4220 1577 4282 Mam
1601 4222 1841 4284 Mathematicus

1438 4347 1580 4409 loannes
1601 4345 1772 4429 Keptmu.
