4584 6192
561 598 627 665 sao
1175 597 1304 662 aaa..

598 807 602 811 ·
648 781 728 843 Nam
760 797 815 857 per
838 776 926 837 VIII.
960 794 1026 835 cum
1056 782 1104 836 est
1134 775 1288 835 inclinatio
1313 770 1382 849 800,
1414 775 1556 836 retractio
1590 784 1637 836 est
1671 774 1737 839 100.
1784 775 1922 855 Triplica

562 882 727 949 utrumque.
766 868 847 945 Ergo
866 866 896 925 iu
915 865 972 924 hao
995 865 1188 943 proportione
1212 864 1398 925 inclinationi
1414 862 1475 928 900
1498 865 1657 926 deberetur
1680 865 1824 927 refractio
1840 862 1921 939 30⁰3

561 969 594 1023 at
618 957 805 1037 experientia
829 974 882 1032 per
905 954 960 1014 IX.
986 954 1039 1013 dat
1063 949 1134 1014 480.

649 1049 738 1109 XIII.
789 1042 1011 1121 l'ropositio.
1059 1042 1167 1101 Nullus
1191 1040 1308 1113 radius,
1343 1043 1393 1120 qui
1417 1042 1495 1102 intra
1524 1061 1631 1120 corpus
1663 1042 1800 1122 crystalli
1830 1062 1923 1122 super

561 1156 650 1200 uuam
675 1138 740 1215 ojus
765 1132 949 1211 superficiem
978 1131 1045 1209 plus
1070 1127 1131 1191 420
1161 1129 1321 1190 inclinatur
1345 1152 1363 1189 a
1386 1132 1516 1204 vertice,
1551 1132 1665 1211 poterit
1693 1133 1777 1193 illam
1810 1149 1921 1209 super-

562 1228 657 1289 ficiem
681 1233 849 1304 penetrare.

651 1316 685 1376 In
710 1314 865 1386 schemate
896 1310 938 1370 sit
972 1326 1080 1385 corpus
1112 1306 1248 1386 crystalli
1277 1306 1350 1379 ΛΟ,
1382 1309 1554 1385 superficies
1585 1310 1676 1387 plana
1699 1308 1799 1381 FCO,
1830 1329 1922 1387 super

830 1400 906 1459 lianc
930 1397 1092 1457 inclinetur
1116 1394 1172 1455 AC
1200 1395 1267 1473 plus
1297 1415 1383 1473 quam
1408 1395 1480 1467 420,
1513 1399 1570 1458 erit
1604 1399 1693 1475 igitur
1717 1396 1801 1459 FCA
1825 1400 1923 1459 minor

830 1507 918 1567 quam
951 1481 1030 1557 480;
1063 1485 1167 1562 quodsi
1201 1482 1257 1546 AO
1289 1485 1353 1543 exit
1383 1485 1409 1543 in
1442 1493 1561 1558 adrem,
1606 1488 1753 1547 refractus
1786 1487 1815 1547 iu
1852 1495 1921 1548 aere

493 1603 497 1619 ·
579 1582 600 1615 ²¹
828 1576 901 1638 foris
925 1585 977 1635 aut
1001 1575 1156 1650 continget
1180 1573 1364 1651 superficiem
1382 1574 1409 1632 in
1427 1573 1493 1646 CO,
1518 1584 1651 1636 autnon
1675 1575 1843 1653 continget,
1868 1576 1921 1635 sed

601 1589 668 1857 l
768 1597 810 1853 l

666 1841 722 1885 κ

644 1458 698 1521 lug.
719 1453 742 1502 4.

587 1680 600 1711 a
830 1664 997 1725 elevabitur
1021 1682 1112 1741 supra
1136 1681 1211 1731 earn,
1244 1672 1276 1722 ut
1300 1662 1325 1720 si
1351 1662 1391 1721 sit
1415 1661 1482 1723 CG.
1530 1665 1575 1724 Aa
1607 1673 1743 1725 neutrum
1776 1664 1921 1743 possibile

586 1819 600 1855 ἰ
672 1812 684 1845 e
830 1763 887 1815 est.
926 1754 1004 1813 Nam
1027 1771 1081 1829 per
1102 1751 1158 1810 IX.
1185 1749 1277 1828 ipsius
1303 1748 1357 1810 00
1382 1753 1584 1829 contingentis
1609 1753 1751 1813 refractio
1778 1763 1825 1813 est
1850 1749 1922 1824 480,

725 1882 789 1917 χ,
831 1844 922 1917 initur
946 1840 1039 1918 ipsius
1065 1837 1119 1900 00
1145 1842 1293 1899 retractus
1318 1847 1364 1899 ost
1390 1839 1459 1911 CH,
1490 1842 1613 1902 interior
1637 1861 1723 1920 quam
1750 1841 1820 1913 CA,
1853 1843 1923 1920 quia

765 1911 802 1937 χ
831 1930 915 1993 Fen
938 1929 1058 2008 ponitur
1082 1929 1176 1988 minor
1205 1947 1292 2005 quam
1316 1924 1385 1988 480.
1434 1928 1513 1998 Quia
1540 1931 1632 2006 igitur
1664 1929 1719 1991 OC
1748 1931 1924 2008 refringitur

563 2030 592 2091 iu
618 2028 684 2102 CH,
709 2045 766 2088 non
792 2025 821 2085 in
847 2020 913 2092 CA,
937 2037 991 2078 nec
1016 2017 1106 2094 igitur
1122 2015 1176 2077 AC
1202 2016 1229 2074 in
1253 2014 1307 2076 CO
1332 2017 1513 2094 infringetur
1535 2038 1588 2097 per
1613 2021 1667 2080 lll.
1707 2017 1769 2080 Sed
1793 2038 1848 2079 nec
1866 2016 1922 2080 GC

561 2119 591 2181 iu
617 2116 673 2179 CA
696 2115 879 2192 refringitur.
920 2108 999 2167 Nam
1024 2125 1076 2183 per
1100 2105 1157 2165 Xl.
1184 2103 1240 2164 GC
1266 2114 1296 2164 et
1312 2103 1366 2165 00
1391 2106 1420 2165 in
1444 2107 1523 2167 idem
1549 2106 1573 2168 C
1598 2116 1738 2186 punctum
1763 2108 1922 2168 venientes

561 2214 668 2266 secant
692 2224 733 2277 se,
760 2211 791 2263 et
817 2200 873 2262 GC
898 2195 1174 2273 superiorisqnam
1201 2191 1255 2253 OC
1280 2196 1428 2254 refractus
1454 2197 1486 2255 fic
1510 2196 1631 2257 inlerior
1655 2216 1743 2277 quam
1769 2195 1839 2264 CH,
1866 2215 1922 2256 non

565 2316 635 2375 ergo
662 2294 798 2372 superior·
823 2290 889 2352 Cal.
937 2284 1050 2362 Nequit
1074 2283 1165 2359 igitur
1189 2281 1245 2342 Ao
1271 2283 1401 2342 transire
1427 2283 1461 2344 C.

560 2426 566 2436 .
650 2382 738 2444 XIV,
785 2373 1010 2459 propositio.
1060 2371 1261 2430 Problema.
1309 2372 1439 2432 Umbras
1465 2383 1570 2433 contra
1594 2372 1696 2434 Solem
1719 2372 1877 2452 projicere.

650 2472 793 2534 Praestat
818 2471 873 2530 lroc
897 2463 990 2528 cubus
1014 2460 1220 2540 crystallinus.
1268 2458 1317 2535 Sit
1341 2462 1417 2521 enim
1442 2461 1495 2522 FO
1520 2464 1612 2522 cubus
1637 2470 1668 2522 et
1691 2464 1738 2538 Ββ
1762 2461 1827 2524 Sol.
1867 2462 1922 2522 Ao

937 2550 1143 2628 corpusculum
1174 2549 1202 2608 in
1232 2550 1386 2626 superficie
1411 2551 1478 2611 cubi
1502 2552 1567 2612 ΡΑ.
1615 2551 1705 2611 Rodii
1737 2551 1829 2629 igitur
1854 2552 1920 2617 BA,

700 2631 753 2696 Fig.
774 2630 797 2677 5·
937 2641 991 2715 βω,
1018 2638 1066 2717 qui
1085 2638 1219 2698 umbram
1245 2638 1431 2699 extrinsecus
1454 2640 1621 2699 ambientes
1642 2642 1783 2713 formant,
1810 2639 1920 2699 refrin-

937 2735 1046 2804 guntur
1069 2727 1096 2785 in
1123 2724 1189 2795 AC,
1215 2751 1265 2787 ωκ.
1313 2727 1354 2786 Et
1379 2726 1449 2800 Cn,
1476 2752 1516 2788 κω
1546 2729 1717 2788 necessario
1742 2729 1811 2807 plus
1836 2747 1921 2807 quarn

938 2811 999 2878 480
1031 2816 1188 2875 elevantur
1220 2834 1311 2892 supra
1345 2825 1456 2895 puncta
1489 2818 1653 2896 superficiei
1686 2819 1758 2891 Ao,
1787 2837 1843 2896 per
1867 2817 1921 2877 IX.

940 2904 1015 2965 Cum
1040 2912 1140 2964 autem
1166 2905 1292 2981 angulus
1322 2906 1387 2965 cubi
1412 2905 1493 2966 AFC
1524 2908 1564 2966 sit
1595 2916 1700 2968 rectus.
1719 2915 1751 2966 et
1775 2905 1860 2967 CAF
1884 2906 1923 2965 sit
1969 2903 1976 2922 ‘

938 2995 1005 3072 plus
1030 2990 1209 3072 q11a1n48⁰3
1234 2994 1290 3053 erit
1307 2993 1389 3055 FOA
1415 2995 1510 3055 mimis
1532 3015 1619 3074 quam
1635 2992 1702 3057 420.
1740 2996 1812 3055 Plus
1833 2994 1923 3073 Igitur

940 3102 1027 3160 quam
1052 3079 1113 3143 480
1137 3092 1168 3141 et
1192 3084 1234 3142 sic
1260 3084 1326 3159 plus
1350 3083 1441 3143 etiam
1466 3104 1554 3162 quam
1579 3080 1639 3145 420
1662 3085 1844 3145 inclinantur
1868 3082 1923 3144 AC

942 3180 972 3229 et
997 3194 1038 3231 aaa
1063 3171 1216 3231 avertice
1242 3173 1407 3249 superficiei
1434 3171 1494 3233 CF.
1539 3172 1641 3242 Quare
1665 3192 1718 3251 per
1742 3173 1832 3235 XlIl.
1860 3171 1925 3243 AC,

941 3283 982 3319 ωκ
1007 3278 1064 3319 non
1089 3261 1290 3337 penetrabunt
1315 3262 1500 3339 superficiem
1525 3261 1587 3322 FC.
1626 3261 1727 3331 Quare
1746 3280 1803 3340 per
1826 3262 1927 3341 optica

941 3347 1088 3429 principia
1117 3350 1172 3408 toti
1201 3350 1435 3428 repercutientur
1464 3351 1492 3409 iu
1518 3350 1575 3411 OD
1604 3350 1790 3429 superficiem
1815 3360 1848 3411 et
1872 3370 1926 3410 au-

942 3437 1019 3512 gulis
1053 3438 1169 3515 quidem
1204 3438 1378 3516 aequalibus
1407 3438 1500 3507 ACF,
1525 3438 1621 3502 DCO.
1667 3439 1710 3499 Et
1743 3439 1813 3517 quia
1843 3437 1926 3501 COD

943 3525 1069 3602 angulus
1103 3526 1169 3586 cubi
1203 3539 1302 3587 rectus
1336 3537 1384 3587 cst
1408 3538 1437 3588 et
1461 3528 1546 3589 DCO
1572 3529 1723 3607 (aequalis
1748 3529 1806 3606 ipsi
1831 3528 1926 3597 ACF)

943 3615 1037 3673 minor
1069 3635 1157 3692 qnam
1190 3613 1260 3690 420,
1298 3617 1388 3693 igitur
1420 3616 1503 3676 CDO
1539 3618 1603 3694 plns
1637 3618 1694 3677 erit
1728 3636 1818 3695 quam
1849 3613 1925 3687 480;

565 3705 662 3766 minus
683 3703 789 3780 -igitur
823 3721 911 3781 quam
935 3698 996 3762 420
1027 3704 1229 3765 inclinatura
1254 3707 1366 3765 vertice
1401 3708 1566 3785 superlioiei
1595 3705 1653 3766 ΒΟ
1685 3707 1811 3784 ideoque
1848 3707 1926 3765 exire

564 3800 668 3873 potest
691 3792 719 3851 in
744 3791 787 3863 I];
813 3792 855 3851 sic
880 3797 913 3852 κδ
937 3792 966 3850 in
992 3815 1014 3852 a.
1063 3793 1104 3852 Et
1133 3794 1176 3854 sic
1209 3795 1313 3855 umbra
1343 3794 1436 3871 ipsios
1461 3796 1515 3854 Ao
1546 3796 1628 3855 cadit
1653 3796 1680 3853 in
1706 3795 1747 3854 Ee
1778 3794 1925 3855 contrario

564 3883 624 3944 situ
648 3882 738 3959 fitquc
764 3878 828 3939 Soli
852 3881 973 3957 propior
998 3901 1087 3959 quam
1112 3901 1218 3960 corpus
1243 3887 1307 3955 Αω,
1334 3883 1449 3961 longius
1474 3885 1627 3962 productis
1651 3883 1717 3956 DE,
1744 3890 1786 3944 de.

655 3970 771 4029 Eodem
792 3970 879 4029 modo
900 3970 1097 4032 demonstrari
1123 3980 1234 4048 potest,
1261 3972 1285 4030 si
1306 3973 1333 4031 in
1355 3996 1379 4031 o
1400 3973 1562 4033 collocetur
1581 3982 1683 4032 erecta
1707 3974 1855 4033 turricula
1870 3976 1924 4041 ωθ,

456 4076 460 4086 “
567 4061 689 4120 umbrae
714 4059 830 4118 oirlmcn
855 4059 881 4118 E
906 4066 1011 4118 contra
1036 4059 1137 4120 Solem
1163 4081 1338 4120 corrrorsum
1363 4060 1405 4121 iri.

656 4148 728 4208 XV.
777 4148 1000 4225 Propositio.
1049 4149 1137 4208 Rodii
1163 4159 1321 4226 penetrare
1350 4158 1477 4227 possunt
1506 4151 1646 4226 angulum
1677 4150 1824 4210 linearem
1849 4150 1923 4229 pris-

567 4236 659 4296 matis
685 4236 835 4313 triangulo
861 4236 1046 4315 aequilatero
1073 4239 1191 4297 formati
1217 4260 1253 4298 ex
1278 4239 1354 4298 vitro
1379 4240 1425 4299 vel
1451 4240 1605 4319 crystallo.

1058 4326 1106 4385 Sit
1135 4327 1216 4387 iutra
1245 4328 1358 4405 prisma
1387 4329 1482 4388 sectio
1507 4327 1591 4387 ABC
1617 4326 1815 4405 aequilatera.
1864 4328 1924 4387 Duc

882 4457 885 4461 ι
968 4413 1024 4492 ipsi
1040 4413 1093 4475 BC
1117 4417 1375 4493 parallelamDE,
1402 4437 1477 4496 qnae
1502 4418 1542 4476 sit
1566 4417 1667 4475 railins
1693 4417 1815 4496 aliquia.
1854 4416 1924 4476 Dico

758 4559 767 4586 χ
873 4511 879 4520 ’
967 4503 994 4563 oi
1014 4514 1117 4581 potero
1143 4506 1253 4565 exitum
1279 4505 1434 4583 utrobique
1459 4515 1489 4565 et
1514 4506 1587 4564 inl)
1612 4517 1642 4564 et
1663 4506 1737 4565 inE
1763 4507 1790 4564 in
1818 4515 1923 4567 aerem.

966 4593 1025 4652 Est
1054 4594 1132 4653 enirn
1157 4593 1240 4656 ABG
1275 4615 1309 4654 ac
1342 4595 1465 4672 proinde
1494 4606 1524 4655 et
1548 4595 1634 4654 ΑΒΕ
1664 4590 1734 4655 600.
1783 4593 1924 4673 Comple-

968 4690 1098 4741 meutum
1131 4703 1184 4741 sen
1220 4685 1367 4743 distantia
1400 4705 1418 4743 a
1455 4685 1567 4743 vertice
1605 4683 1633 4741 I)
1670 4683 1775 4760 puncti
1810 4685 1840 4744 in
1870 4683 1923 4745 DA

660 4797 682 4827 „e
831 4762 856 4838 ¹371
968 4771 1123 4848 superficie
1158 4782 1205 4831 est
1237 4768 1304 4845 300,
1342 4772 1437 4833 nriuus
1471 4793 1558 4850 quam
1583 4769 1652 4833 420.
1697 4772 1806 4832 Exibit
1839 4773 1924 4850 igitur

788 4924 800 4935 .
969 4860 1023 4919 ΕΙ)
1048 4860 1077 4919 in
1103 4860 1166 4919 Dr.
1214 4861 1265 4920 Sic
1290 4861 1380 4921 etiam
1405 4881 1420 4920 e
1450 4863 1571 4939 regione
1601 4861 1694 4921 exibit
1718 4860 1774 4921 DE
1806 4860 1836 4922 in
1859 4857 1923 4920 EG.

769 4941 796 4981 '⁴
878 4956 881 4968 ’
1056 4950 1144 5008 XVI.
1170 4950 1324 5009 Axioma
1347 4952 1527 5010 sensuale.
1569 4950 1694 5011 Colores
1717 4949 1803 5011 iridis
1818 4952 1924 5029 jucun·

968 5036 1083 5096 dissimi
1109 5037 1257 5110 oriuntur,
1289 5058 1353 5099 oum
1378 5040 1520 5100 retractio
1545 5049 1593 5101 est
1617 5047 1721 5100 tanta:
1751 5039 1841 5120 idque
1866 5047 1924 5099 tam

566 5120 591 5186 si
615 5122 693 5185 oculi
717 5123 936 5203 transspiciaut
960 5125 1098 5204 quamsi
1123 5125 1177 5186 Sol
1202 5127 1397 5189 transluceat.
