4584 6192
966 569 1048 635 cipit
1065 568 1110 620 rv.
1131 568 1173 619 ro.
1684 568 1750 639 22³

393 767 471 822 meu,
494 747 574 809 unde
597 747 677 808 iilum
701 745 895 825 suspenditur
918 767 971 808 seu
996 748 1096 827 potius
1120 748 1203 809 locus
1221 746 1262 808 fili
1286 693 1417 819 inseiior,
1442 766 1501 827 qno
1519 768 1538 809 a
1556 745 1629 811 Sole
1652 750 1750 813 collu-

393 840 538 912 stratur),
559 854 678 917 punctus
699 847 873 901 refractionis
894 849 921 902 in
942 853 1008 901 ae're
1034 854 1063 900 et
1088 847 1340 917 perpendicularis:
1370 847 1496 901 similiter
1523 857 1553 902 et
1579 851 1655 919 locus
1676 851 1749 907 Solis

395 955 474 993 verus
496 937 525 991 in
546 937 679 1005 ecliptica
701 926 917 1001 (instrumenti,
944 925 1069 1005 denique
1095 927 1178 986 locus
1202 924 1341 1004 imaginis
1365 945 1418 986 seu
1443 924 1496 987 Sol
1521 926 1674 1001 risibilis).

481 1033 562 1096 Nam
588 1033 659 1112 quia
684 1032 831 1094 foramina
855 1053 871 1093 e
896 1033 1041 1094 diametro
1066 1041 1136 1091 sunt
1163 1030 1301 1109 opposita
1326 1039 1356 1090 et
1379 1031 1460 1091 iilum
1483 1032 1521 1093 ab
1546 1034 1641 1097 altero
1667 1035 1750 1096 lora-

397 1123 473 1184 mine
509 1140 707 1201 suspensum,
740 1124 862 1201 planum
901 1140 972 1199 ergo
1005 1140 1059 1200 per
1092 1120 1172 1180 filum
1202 1129 1234 1179 et
1269 1120 1417 1179 foramina
1450 1122 1601 1183 transiens
1634 1122 1752 1186 bisecat

396 1213 641 1282 instrumentum,
674 1220 706 1271 et
734 1210 802 1290 quia
835 1211 961 1272 visibilis
987 1209 1039 1271 Sol
1063 1209 1142 1269 filum
1176 1208 1335 1269 collustrat
1364 1228 1418 1286 per
1448 1210 1576 1272 alterum
1607 1212 1750 1288 foramen,

398 1318 466 1379 ergo
489 1308 523 1361 et
544 1299 674 1360 visibilis
698 1297 752 1360 Sol
776 1300 804 1360 in
830 1301 935 1361 eadem
968 1298 1140 1377 superficie,
1175 1316 1249 1376 quae
1280 1306 1403 1376 propter
1435 1298 1514 1359 filum
1544 1308 1591 1360 est
1614 1294 1751 1380 'perpen-

398 1389 538 1451 dicularis
566 1388 733 1462 horizonti,
768 1407 839 1467 ergo
863 1389 892 1449 in
917 1386 1071 1449 verticalis
1095 1386 1204 1465 plano,
1238 1396 1366 1463 ergoet
1397 1406 1484 1447 verus
1508 1385 1591 1449 Solis
1617 1390 1699 1450 locus
1723 1391 1752 1451 in
1856 1406 1861 1412 ·

399 1478 512 1552 eodem,
537 1497 603 1538 cum
628 1497 746 1556 semper
770 1496 857 1539 verus
886 1480 969 1539 locus
993 1476 1036 1537 rei
1060 1485 1091 1535 et
1115 1475 1197 1534 locus
1228 1474 1366 1552 imaginis
1390 1475 1430 1535 sit
1453 1475 1482 1535 in
1511 1477 1616 1537 eadem
1644 1498 1753 1557 super·
1857 1544 1859 1548 ,

401 1566 473 1629 licie.
521 1565 613 1637 Quod
637 1566 686 1626 ubi
714 1567 875 1646 contigerit
899 1567 927 1626 in
957 1566 1154 1626 instrumento
1189 1562 1348 1642 (siquidem
1382 1565 1514 1625 foramen
1548 1566 1677 1628 alterum
1700 1586 1754 1629 seu

399 1656 572 1718 intersectio
606 1655 763 1733 eclipticae
798 1663 829 1717 et
861 1654 963 1716 circuli
997 1651 1166 1714 latitudinis
1204 1650 1389 1713 verissimum
1422 1652 1521 1727 Solis,
1556 1663 1589 1715 nt
1624 1656 1754 1733 ponitur,

400 1745 494 1806 locum
516 1746 760 1823 repraesentet),
784 1751 959 1824 argumento
993 1750 1058 1806 est.
1094 1740 1324 1802 instrumentum
1353 1741 1396 1802 sic
1427 1741 1572 1803 directum
1601 1760 1685 1815 esse,
1722 1752 1755 1805 ut

400 1840 547 1905 centrum,
574 1832 720 1893 foramina
744 1853 797 1894 seu
825 1831 998 1895 intersectio
1028 1831 1110 1890 dicta
1134 1839 1165 1890 et
1193 1830 1367 1890 verissimus
1392 1828 1473 1891 Solis
1497 1832 1525 1892 in
1557 1833 1640 1894 coelo
1672 1834 1755 1894 locus

401 1922 428 1982 in
450 1938 541 1982 unam
567 1922 679 1982 cadant
702 1922 811 1983 lineam
841 1929 974 1993 rectam;
1005 1937 1058 1979 nec
1083 1926 1116 1978 ut
1140 1919 1168 1978 id
1194 1919 1246 1978 bat
1270 1919 1359 1979 aliter
1387 1920 1529 1981 collocari
1553 1940 1653 2000 posse.
1701 1919 1754 1982 In·

401 2010 552 2090 geniosunr
586 2029 660 2071 sane
693 2011 898 2089 compendium
935 2010 1133 2070 retractiones
1171 2007 1441 2068 instrumentaliter
1473 2009 1537 2069 sine
1571 2010 1686 2072 calculo
1719 2029 1757 2070 ex

403 2099 585 2179 longitudine
610 2107 641 2160 et
665 2099 824 2160 latitudine
848 2098 1001 2160 eliminare
1025 2116 1078 2176 per
1106 2095 1362 2170 observationem,
1387 2106 1419 2156 et
1444 2097 1659 2176 longitudinem
1683 2098 1756 2161 lati-

402 2188 592 2268 tudinemque
616 2195 712 2249 tutam
736 2197 903 2269 praestare,
927 2187 985 2248 imo
1011 2194 1042 2245 et
1066 2184 1262 2245 retractiones
1286 2184 1367 2264 ipsas
1392 2205 1444 2266 per
1468 2186 1568 2247 omnia
1591 2187 1650 2248 tria
1674 2197 1756 2249 rect-

403 2278 502 2358 anguli
535 2278 634 2338 latera
666 2277 764 2338 metiri
774 2296 782 2350 ;
816 2277 914 2356 possit
943 2284 973 2336 et
1004 2276 1043 2335 ad
1082 2273 1255 2351 parallaxes
1297 2275 1465 2335 transferri.
1522 2276 1588 2354 Ego
1617 2296 1690 2337 sane
1720 2276 1757 2338 de

405 2365 551 2427 Waltberi
577 2364 744 2445 diligentia,
765 2368 831 2445 jam
856 2373 1017 2446 postquam
1043 2363 1201 2440 meipsum
1225 2363 1425 2441 explicatione
1450 2364 1506 2424 loci
1531 2364 1644 2443 adjuvi,
1667 2366 1757 2445 paulo

403 2456 497 2516 miuus
532 2455 651 2529 dubito,
685 2474 773 2534 qnam
796 2456 900 2535 Tycho
933 2454 985 2514 fol.
1011 2450 1062 2514 91.
1111 2452 1422 2531 Progymnasmatum.
1472 2451 1614 2515 Ceterum
1642 2454 1668 2515 si
1692 2454 1758 2534 quis

403 2543 476 2605 adeo
509 2544 638 2622 diligens
668 2555 731 2613 est,
765 2551 797 2604 ut
825 2544 900 2604 nolit
925 2543 952 2603 in
978 2562 1008 2602 re
1038 2551 1101 2600 tam
1134 2540 1237 2601 subtili
1270 2549 1384 2601 temere
1417 2540 1507 2602 lidere
1540 2542 1758 2619 instrumentis,

404 2632 493 2694 habet
517 2633 542 2694 is
567 2632 701 2706 modum,
733 2633 905 2711 parallaxes
931 2641 962 2691 et
990 2629 1205 2702 retractiones,
1232 2649 1307 2709 quae
1332 2630 1510 2709 contingunt
1533 2631 1562 2691 in
1587 2631 1757 2707 altitudine,

404 2722 601 2783 distribuendi
625 2721 653 2782 in
679 2724 799 2802 longum
823 2731 854 2781 et
877 2722 981 2794 latum,
1006 2720 1035 2779 in
1056 2718 1337 2799 Progyrunusmatis
1362 2718 1513 2800 Tycbouis
1532 2720 1642 2795 Brabe,
1667 2740 1758 2800 prae·

404 2811 506 2873 sertim
530 2818 611 2871 toruo
635 2810 660 2883 I,
687 2812 737 2872 fol.
763 2807 816 2872 93.
842 2806 894 2873 al.
920 2806 972 2871 96.
1004 2808 1053 2868 ubi
1078 2815 1110 2867 et
1137 2806 1350 2868 refractionem
1380 2816 1476 2868 totam
1501 2828 1554 2869 seu
1582 2809 1759 2871 altitudines

404 2899 586 2980 investigare
609 2898 707 2960 docet.
755 2897 824 2969 Qua
848 2900 876 2959 in
901 2919 1082 2976 npayparna
1106 2896 1183 2955 infra
1207 2896 1305 2974 capite
1332 2896 1386 2955 lX.
1412 2897 1545 2959 invenies
1569 2897 1759 2959 utilissimum

405 2988 622 3068 compendium.

489 3085 577 3149 Satis
600 3084 706 3164 opinor
729 3085 956 3164 comprobatum
978 3092 1026 3143 est
1049 3082 1145 3143 eundo
1170 3081 1375 3160 persingulas,
1401 3083 1597 3144 retractiones
1621 3085 1758 3147 omnibus

405 3175 512 3237 seculis
539 3175 577 3236 ab
608 3174 788 3235 astronomis
819 3174 1057 3234 animadversas.
1095 3171 1233 3248 Expecto
1258 3170 1358 3249 igitur,
1384 3173 1531 3251 quomodo
1551 3193 1637 3235 suam
1660 3183 1758 3235 teme-

405 3265 524 3326 ritatem
553 3282 698 3325 excusare
731 3264 840 3336 velint,
874 3262 922 3341 qui
954 3269 1050 3322 totum
1082 3259 1296 3321 refractionum
1324 3261 1476 3340 negotium
1507 3271 1619 3341 negant
1648 3263 1704 3324 nisi
1728 3264 1758 3325 in

406 3353 470 3416 sola
493 3352 708 3414 diametrorum
741 3352 935 3431 ampliatione
964 3350 1151 3410 consistere:
1184 3347 1261 3427 quod
1292 3348 1517 3427 phaenomenon
1542 3360 1644 3414 tamen
1668 3372 1760 3432 supra

405 3442 522 3504 ostendi
556 3441 683 3503 alienius
717 3460 784 3502 esse
810 3460 828 3502 a
858 3439 1071 3502 refractionum
1106 3437 1218 3497 usitato
1249 3438 1380 3517 negotio.
1427 3441 1544 3519 Nempe
1574 3441 1629 3502 boc
1657 3460 1759 3503 verum

406 3539 464 3607 est,
489 3550 594 3592 omnes
617 3530 675 3591 sibi
699 3531 788 3590 licere
818 3529 993 3590 existimant
1017 3528 1045 3588 iu
1071 3545 1123 3586 eos
1147 3524 1316 3603 insurgere,
1346 3528 1394 3607 qui
1419 3529 1475 3591 sibi
1499 3530 1569 3591 novi
1593 3530 1663 3610 quid
1686 3550 1759 3610 pro-

406 3620 481 3682 literi
503 3620 653 3680 videntur.
693 3617 782 3689 Quod
806 3618 855 3679 ubi
879 3626 1000 3696 praeter
1024 3616 1171 3676 rationem
1191 3617 1232 3686 lit,
1260 3616 1287 3676 in
1309 3616 1560 3679 obtrectationem
1585 3620 1758 3699 degenerat.

406 3709 502 3770 Multo
517 3727 590 3769 vero
611 3707 737 3786 turpius,
764 3707 841 3787 quod
863 3707 967 3767 eadem
987 3724 1079 3785 opera
1097 3724 1182 3765 suam
1208 3704 1407 3782 ignorantiam
1433 3706 1602 3785 hujusmodi
1625 3708 1760 3769 homines

407 3805 510 3877 aperte
534 3797 667 3877 produnt
687 3805 718 3856 et
741 3815 877 3858 secumm
898 3795 1022 3855 aliorum
1048 3801 1239 3853 contemtum.
1278 3794 1439 3871 Legissent
1459 3796 1505 3865 rel
1526 3798 1622 3867 solum
1641 3800 1762 3861 Maest-

408 3887 457 3948 liui
486 3885 696 3967 praeceptoris
726 3885 784 3945 mei
827 3883 1076 3963 disputationem,
1109 3901 1185 3961 quae
1219 3884 1386 3960 nuperrime
1418 3886 1573 3969 prodierat
1604 3893 1639 3955 (a.
1670 3894 1762 3961 lost),

407 3975 491 4054 cujus
515 3983 549 4036 ut
582 3974 783 4036 recentissimi
812 3993 846 4034 ac
880 3973 1041 4033 etiamnum
1074 3990 1127 4049 per
1151 3970 1207 4030 Dei
1240 3973 1370 4050 gratiam
1405 3976 1577 4053 superstitis
1609 3980 1702 4041 verba
1726 4000 1763 4042 ex

405 4064 482 4126 thesi
507 4060 560 4125 58.
585 4063 700 4142 placuit
724 4063 874 4124 coronidis
899 4063 963 4122 loco
988 4061 1054 4121 liuic
1080 4059 1172 4138 capiti
1196 4060 1395 4138 subjungere3
1421 4073 1455 4124 ut
1474 4064 1539 4143 ejus
1559 4067 1615 4129 viri
1639 4068 1763 4131 inventa

408 4171 472 4215 cum
495 4150 677 4236 Tycbouisis
702 4153 909 4225 conferantur,
940 4159 1085 4229 tantoque
1108 4148 1206 4226 major
1229 4150 1272 4209 sit
1294 4152 1460 4213 auctoritas
1491 4153 1578 4232 hujus
1607 4157 1762 4223 doctrinas

406 4242 527 4305 suffulta
558 4240 687 4322 plurium
721 4240 892 4320 suffragiis,
927 4239 1033 4318 quibus
1067 4238 1190 4297 tandem
1223 4256 1276 4297 ora
1313 4239 1534 4303 oblocutoribus
1574 4246 1761 4312 obturentur.

406 4329 456 4393 Sic
487 4331 541 4393 ille
573 4338 644 4413 post
677 4329 812 4409 allegata
836 4329 1009 4389 Vitellianis
1041 4335 1072 4386 et
1097 4326 1250 4387 Waltberi
1278 4328 1472 4390 testimonia:
1508 4343 1535 4395 si
1576 4349 1677 4403 nostris
1711 4367 1763 4421 per·

406 4423 510 4477 radium
531 4420 746 4475 astronomicum
768 4420 848 4473 factis
879 4419 1117 4472 observationibus
1140 4418 1206 4469 fides
1228 4416 1264 4469 sit
1284 4418 1427 4484 habenda,
1450 4438 1503 4475 non
1525 4438 1590 4477 raro
1610 4427 1762 4485 invenimus

406 4504 464 4573 (me
489 4501 667 4581 quaudoque
691 4500 868 4578 praesente)
888 4508 1003 4561 Veneris
1031 4523 1116 4575 supra
1144 4506 1314 4560 horizontem
1340 4510 1447 4564 altioris
1476 4512 1637 4569 distantiam
1659 4535 1677 4571 a
1697 4519 1762 4574 Sole

400 4591 486 4660 juxte
505 4590 676 4645 horizontem
704 4589 795 4659 posito
824 4606 885 4642 esse
915 4588 1076 4641 notabiliter
1106 4587 1251 4649 minorum,
1282 4605 1362 4656 quam
1391 4591 1413 4643 si
1442 4595 1537 4646 eodeni
1568 4595 1611 4648 die
1639 4598 1762 4666 ejusdem

404 4680 539 4737 distantis
560 4697 578 4733 a
598 4680 664 4733 Sole
686 4680 786 4732 altiore
808 4687 837 4731 et
858 4698 873 4731 e
896 4676 1044 4746 vaporibus
1065 4676 1156 4745 magis
1179 4676 1265 4728 libero
1294 4668 1346 4737 (de
1380 4689 1438 4749 qua
1475 4690 1585 4733 causae
1624 4676 1760 4754 opinione

403 4759 603 4840 suprasatis)
624 4775 780 4838 caperetur.
823 4769 899 4839 Ergo
926 4767 996 4821 Solis
1019 4765 1137 4818 altitudo
1159 4782 1209 4833 per
1230 4782 1347 4834 vapores
1367 4759 1473 4829 (etiam
1489 4779 1542 4839 per
1557 4762 1636 4823 airis
1653 4784 1761 4845 super·

403 4847 513 4923 liciam)
538 4857 624 4913 altior
641 4857 721 4927 justo
742 4857 882 4927 apparuit.
912 4855 988 4910 Unde
1010 4861 1039 4907 ct
1060 4854 1149 4923 ipsum
1170 4862 1200 4905 et
1221 4855 1291 4908 alias
1313 4858 1412 4911 stellas
1434 4859 1561 4913 similiter
1581 4879 1667 4932 supra
1687 4864 1760 4919 hori·

403 4948 511 4994 matam
532 4953 670 5009 apparere
698 4953 795 5007 posse,
824 4954 884 4991 cum
906 4937 978 4992 intra
1005 4936 1093 4989 adhuc
1115 4934 1183 4997 sint,
1208 4949 1258 5003 pro
1286 4938 1433 5005 impasibili
1455 4955 1509 4992 non
1536 4940 1686 5007 babemus,
1713 4947 1762 4999 sed

403 5030 478 5074 serto
500 5019 696 5074 matutinus.
745 5017 836 5079 Porro
870 5015 917 5077 bic
949 5034 1023 5076 unus
1057 5031 1095 5074 ex
1127 5011 1164 5074 iis
1198 5015 1294 5076 modis
1325 5024 1390 5090 est,
1423 5017 1529 5097 quibus
1562 5022 1760 5091 retractiones

456 5121 634 5172 mom
655 5122 682 5161 rr.
1514 5122 1547 5175 15
