4584 6192
923 626 1056 694 554
2145 619 2398 684 Dioptrice

924 812 1032 867 ant
1077 802 1348 864 omnibus
1396 799 1729 861 hominibus
1776 796 1835 856 in
1885 802 2050 856 certo
2099 795 2456 865 intervallO,
2503 802 2569 854 ut
2615 814 2743 855 cum
2789 795 3138 875 perspicilla
3196 816 3347 857 naso
3395 797 3642 877 inequi-

927 901 1081 965 tant,
1131 900 1260 953 tum
1307 891 1514 968 cuique
1565 907 1673 947 sua
1719 884 1960 964 propria
2008 893 2104 944 est
2150 885 2226 944 ad
2275 884 2623 943 distinctam
2672 884 2960 944 visionem
3010 885 3417 947 efficiendam.

1104 980 1259 1041 Nam
1325 996 1435 1059 per
1495 974 1698 1037 XCV.
1769 992 1919 1032 cava
1987 974 2113 1032 lens
2181 972 2485 1051 quaelibet
2542 972 2726 1032 habet
2786 981 3011 1033 certum
3077 974 3473 1034 intervallum
3540 994 3651 1054 pro

929 1071 1219 1133 facultate
1269 1066 1423 1128 oculi
1473 1066 1547 1125 ad
1598 1062 1885 1122 distincta
1935 1061 2210 1121 videnda.
2287 1062 2516 1140 Erepta
2564 1060 2743 1138 igitur
2792 1060 3083 1123 electione
3133 1062 3446 1123 intervalli
3500 1082 3650 1124 con-

926 1158 1196 1222 cedenda
1243 1163 1340 1215 est
1387 1155 1554 1214 oculo
1605 1152 1818 1211 electio
1869 1150 2134 1222 lentium,
2185 1158 2291 1210 aut
2322 1150 2564 1209 confuse
2616 1149 2843 1209 videbit
2891 1150 3235 1228 longinqua.
3314 1152 3453 1213 Aut
3494 1154 3653 1213 enim

928 1268 1044 1310 non
1113 1246 1263 1306 satis
1330 1262 1480 1303 cava
1546 1240 1660 1300 erit
1725 1240 1853 1299 lens
1922 1248 1983 1298 et
2044 1240 2128 1299 sic
2196 1258 2311 1298 non
2383 1238 2554 1298 tollet
2619 1237 3028 1299 confusionem
3090 1258 3163 1297 ex
3225 1240 3654 1317 parallelitate

928 1336 1248 1406 radiorum,
1300 1338 1405 1391 aut
1451 1330 1692 1389 nimium
1742 1346 1889 1387 cava
1939 1336 1995 1387 et
2049 1328 2132 1386 sic
2183 1327 2425 1387 nimiam
2476 1326 2715 1386 inducet
2762 1326 3198 1404 divergentiam
3248 1337 3314 1388 et
3361 1329 3454 1390 sic
3505 1349 3655 1390 con-

933 1425 1223 1485 fusionem
1272 1419 1635 1480 contrariam
1686 1416 1889 1495 priori.

1109 1509 1179 1571 C.
1273 1504 1725 1586 Propositi0.
1829 1504 2084 1575 LenteS,
2155 1521 2306 1580 quae
2367 1510 2612 1581 propter
2677 1503 2919 1563 nimiam
2988 1503 3318 1565 cavitatem
3380 1506 3660 1583 proxime

930 1601 1162 1663 oculum
1211 1599 1467 1658 reddunt
1513 1594 1782 1661 confusa,
1834 1612 1906 1651 ex
1956 1591 2153 1668 aliquo
2203 1591 2521 1651 intervallo
2563 1588 2829 1651 ‘reddunt
2876 1590 3166 1651 distincta
3216 1602 3280 1653 et
3328 1602 3571 1657 contra.

1107 1687 1222 1746 Est
1272 1685 1452 1746 veluti
1507 1701 1796 1742 conversa
1842 1700 2009 1759 prop.
2061 1678 2261 1740 XCV.
2358 1680 2583 1740 Radiet
2642 1681 2794 1740 enim
2842 1681 2902 1740 A
2950 1680 3187 1740 visibile
3251 1692 3553 1760 punctum
3605 1682 3660 1744 in

1085 1803 1188 1866 rig.
1231 1801 1315 1849 25.
1461 1773 1681 1832 lentem
1718 1768 1824 1831 BC
1876 1788 2108 1839 cavam,
2159 1768 2341 1846 igitur
2391 1768 2760 1829 radiationes
2810 1787 3018 1828 omnes
3069 1770 3235 1830 facta
3285 1772 3662 1833 refractione

1150 1925 1162 1957 Ι
1461 1861 1775 1936 divergent
1840 1881 1876 1919 a
1942 1878 2007 1916 se
2075 1856 2326 1917 invicem
2390 1876 2496 1936 per
2552 1855 2721 1918 XCI.
2787 1865 2850 1917 et
2910 1855 3142 1918 XCIV.
3209 1870 3664 1941 proptereaque

1255 1929 1307 1965 ²¹
1462 1950 1812 2009 remotiores
1879 1968 1916 2006 a
1980 1964 2044 2005 se
2113 1953 2314 2006 mutuo
2387 1946 2704 2025 divergent
2767 1946 2978 2023 magis.
3074 1945 3175 2007 Sit
3242 1949 3664 2010 radiationnm

1150 1945 1235 2133 ἡ..
1461 2038 1594 2110 ΑΒ,
1644 2035 1757 2098 AC
1808 2036 2066 2095 diversio
2114 2034 2236 2108 BF,
2290 2033 2423 2108 CG,
2496 2055 2682 2113 eaque
2743 2035 2926 2095 nimia
2969 2053 3079 2113 pro
3130 2037 3326 2099 oculo,
3429 2036 3667 2100 Contra

1162 2137 1239 2205 Ι·’,,Γ·.,
1469 2128 1589 2186 siut
1658 2125 2025 2186 radiationes
2091 2124 2237 2195 AD,
2286 2123 2401 2183 ΛΕ
2470 2124 2854 2201 divergeutes
2922 2123 2976 2182 in
3044 2124 3189 2197 ΒΗ,
3242 2126 3357 2200 ΕΙ,
3432 2147 3664 2207 appro-

1114 2201 1122 2233 “’
1467 2215 1699 2294 priatae
1770 2213 1960 2273 oculo,
2066 2212 2165 2271 Sit
2227 2222 2426 2272 autem
2491 2214 2753 2291 pupillae
2820 2212 3151 2291 amplitudo
3218 2214 3312 2274 111
3381 2225 3448 2276 et
3511 2217 3666 2277 situs

1470 2304 1599 2381 ejus
1640 2304 1695 2363 in
1730 2302 1834 2374 ΙΙΙ,
1887 2299 1979 2360 ubi
2032 2301 2413 2377 divergentes
2445 2320 2584 2360 suos
2632 2302 3087 2380 complectitur:
3141 2321 3294 2381 quae
3344 2305 3400 2364 si
3452 2304 3663 2365 diver-

1022 2391 1126 2487 [ἐξ
1174 2369 1363 2477 -·.““·“ἷ-··
1471 2402 1684 2469 gentes
1733 2391 1799 2457 F,
1851 2388 1905 2450 G
1957 2390 2481 2467 complecteretur,
2546 2390 2822 2450 vitiosam
2891 2389 3180 2451 visionem
3232 2401 3296 2451 et
3344 2392 3665 2454 confusam

1018 2459 1363 2583 *avffj—“Nss'ffl
1471 2479 1658 2558 ipsius
1722 2480 1781 2539 A
1844 2478 2049 2558 puncti
2117 2487 2486 2538 causaretur.
2582 2480 2771 2557 Atqui
2834 2480 2922 2538 111
2987 2479 3321 2559 amplitudo
3389 2484 3663 2561 pupillae

998 2553 1065 2661 ‘ss
1134 2565 1142 2655 ,Ι
1227 2537 1331 2621 ιῌῖΙξ
1473 2569 1779 2647 applicata
1839 2567 1984 2627 lenti
2044 2567 2098 2626 iu
2162 2567 2275 2627 KL
2337 2567 2466 2644 jam
2535 2568 2920 2646 amplectitur
2977 2575 3039 2627 et
3102 2570 3418 2648 intercipit
3487 2571 3665 2631 nimis

973 2653 1042 2733 ,ss
1130 2678 1134 2717 ι
1275 2649 1323 2677 ”“
1474 2656 1854 2734 divergentes
1903 2657 1978 2729 F,
2031 2653 2128 2728 G;
2200 2656 2450 2716 confuse
2509 2655 2693 2732 igitur
2760 2655 3058 2716 videbitur
3116 2667 3412 2737 punctum
3475 2661 3539 2720 A
3608 2660 3665 2721 in

950 2733 974 2805 β’
1010 2737 1030 2817 ,”
1066 2733 1142 2817 1—'L
1227 2733 1363 2817 *²2²2
1403 2769 1423 2821 '.
1473 2745 1591 2805 situ
1641 2745 1792 2805 oculi
1839 2744 1972 2812 KL,
2023 2744 2306 2804 distincte
2354 2744 2414 2804 in
2465 2745 2582 2805 situ
2633 2745 2789 2805 oculi
2839 2745 2946 2804 111.

1122 2902 1494 2964 Hactenus
1543 2902 1852 2963 seorsim
1902 2904 1984 2963 de
2034 2902 2418 2975 convexiS,
2478 2902 2788 2964 seorsim
2837 2902 3052 2962 etiam
3102 2903 3183 2963 de
3234 2906 3486 2967 cavis:

1398 2992 1724 3071 sequitur
1772 3011 1955 3052 nunc
2005 2994 2084 3052 de
2126 2992 2412 3069 junctis
2460 2992 2661 3053 cavis
2712 3000 2783 3051 et
2830 2992 3203 3053 convexis,

1125 3092 1228 3157 01.
1320 3097 1704 3160 Definitio,
1818 3098 2020 3158 Tubus
2087 3106 2408 3176 usurpatur
2465 3116 2573 3176 pro
2639 3116 2826 3178 opaco
2896 3115 3045 3157 cavo
3110 3097 3419 3177 cylindr0,
3496 3100 3666 3180 cujus

944 3184 1086 3246 bina
1134 3185 1292 3245 ostia
1340 3187 1698 3248 clauduntur
1746 3187 1915 3248 vitris
1962 3186 2333 3266 perspicuis3
2383 3186 2615 3247 scilicet
2660 3206 2767 3265 pro
2817 3186 3044 3247 oculari
3086 3186 3188 3247 illo
3237 3187 3667 3264 instrumento,

945 3292 1059 3353 quo
1111 3293 1206 3335 res
1258 3274 1615 3356 longinquas
1664 3277 1837 3356 quasi
1885 3275 2151 3335 cominus
2202 3275 2588 3353 adspicimus.

1124 3360 1259 3426 CII.
1353 3364 1744 3426 Definitio,
1841 3364 2149 3425 Ostiorum
2210 3364 2339 3441 ejus
2403 3355 2655 3425 alterum
2706 3383 2836 3424 curn
2894 3383 3002 3423 suo
3072 3362 3227 3423 vitro
3280 3363 3356 3423 ad
3429 3366 3669 3427 oculum

944 3452 1207 3530 pertinet
1254 3453 1312 3512 in
1363 3456 1483 3515 situ
1536 3454 1683 3527 utili,
1734 3455 1986 3515 alterum
2039 3454 2113 3512 ad
2166 3452 2418 3513 visibile.

1126 3537 1293 3601 CIII.
1399 3544 1897 3604 Postulatum.
2006 3543 2088 3602 Ut
2155 3543 2210 3601 in
2277 3544 2423 3602 tubo
2492 3541 2648 3600 linea
2706 3559 2811 3619 per
2878 3539 3183 3617 utriusque
3247 3539 3386 3600 vitri
3462 3552 3672 3604 centra

1088 3702 1097 3711 ‚
1378 3633 1829 3692 convexitatum
1878 3640 1938 3690 et
2007 3630 2336 3690 cavitatum
2404 3630 2705 3690 transiens
2764 3629 2847 3688 sit
2913 3649 3027 3688 una
3087 3637 3149 3687 et
3206 3630 3443 3691 eadem.
3539 3632 3670 3692 Hoc

1046 3700 1150 3764 ΡΨ·
1193 3699 1276 3748 ²⁶·
1380 3728 1477 3781 est
1524 3730 1587 3780 nt
1632 3720 1928 3800 parallelo.
1975 3720 2097 3779 sint
2145 3719 2305 3778 vitra
2354 3719 2540 3798 iisqne
2609 3718 2787 3777 tubus
2851 3717 3032 3778 rectis
3097 3718 3334 3794 angulis
3396 3719 3666 3782 insistat.

1182 3855 1253 3895 κο
1550 3809 1714 3871 CIV.
1789 3808 2233 3888 Propositio.
2309 3807 2375 3868 Si
2426 3828 2578 3868 cava
2616 3807 2743 3866 lens
2795 3806 3165 3867 radiationes
3215 3807 3390 3867 unius
3441 3810 3668 3887 puncti,

1372 3919 1523 3979 quae
1591 3899 1849 3975 trajecta
1916 3899 2077 3958 lente
2145 3915 2413 3957 convexa
2490 3896 2912 3956 refractionem
2980 3914 3202 3974 passae
3272 3909 3669 3978 convergunt,

1375 3987 1716 4065 intercipiat
1782 3997 2102 4065 antequam
2170 3985 2309 4045 illae
2372 3985 2619 4045 veniant
2678 3986 2751 4043 ad
2810 3994 3095 4063 punctum
3146 3982 3236 4043 sui
3297 4004 3668 4049 concursus:

1378 4085 1482 4138 aut
1526 4084 1809 4157 puuctum
1874 4095 2195 4136 concursus
2261 4073 2685 4153 prorogabitur
2735 4075 2789 4134 in
2845 4072 3225 4151 longinquum
3294 4085 3404 4135 aut
3463 4077 3666 4138 radia-

1380 4168 1572 4227 tiones
1623 4166 1901 4226 incedent
1947 4183 2122 4242 porro
2188 4163 2517 4242 parallelae
2569 4171 2673 4222 aut
2721 4162 2974 4240 denique
3036 4181 3266 4221 rursum
3327 4164 3667 4245 divergent.

1555 4255 1712 4315 Nam
1761 4260 2129 4329 convergant
2178 4253 2308 4324 NL,
2350 4251 2473 4311 OM
2522 4269 2730 4311 versus
2781 4270 2992 4310 cavam
3042 4250 3183 4323 LM,
3236 4270 3308 4311 ac
3359 4255 3414 4312 si
3465 4262 3670 4316 essent

1381 4363 1776 4405 concursurae
1826 4344 1881 4403 in
1932 4349 2151 4419 puncto
2199 4343 2249 4401 λ.
2330 4340 2521 4418 Igitur
2568 4339 2927 4400 refractione
2980 4340 3144 4399 facta
3194 4339 3249 4399 in
3298 4341 3371 4414 L,
3416 4344 3498 4417 M,
3542 4345 3669 4424 jam

1385 4432 1623 4494 refracti
1674 4432 1801 4502 LB,
1853 4428 1969 4491 MC
2021 4430 2363 4490 incedentes
2420 4447 2524 4507 per
2589 4448 2802 4507 corpus
2861 4430 3107 4489 densum
3166 4427 3362 4490 minus
3414 4452 3666 4493 conver-

1385 4530 1530 4601 gent
1578 4541 1786 4582 versus
1833 4518 1939 4581 BC
1990 4537 2200 4579 cavam
2259 4518 2629 4596 superficiem
2690 4518 2978 4583 alteram,
3041 4537 3110 4576 ac
3160 4517 3211 4576 si
3263 4531 3477 4583 essent
3524 4540 3667 4583 con-

1386 4630 1666 4671 cursurae
1716 4610 1771 4669 in
1819 4617 2040 4689 puncto
2079 4608 2154 4682 D,
2205 4627 2313 4687 per
2339 4606 2543 4668 XCII.
2596 4626 2962 4667 conversam.
3060 4606 3177 4666 Per
3224 4599 3482 4670 eandem
3531 4628 3667 4672 vero

1386 4699 1513 4767 LB,
1561 4697 1680 4760 MC
1743 4699 2064 4759 secundam
2126 4697 2546 4757 refractionem
2602 4695 2765 4774 passi
2827 4694 2880 4753 in
2947 4695 3027 4768 B,
3089 4693 3159 4767 C,
3218 4696 3472 4759 refracti
3537 4700 3666 4771 BA,

1389 4786 1501 4849 CA
1549 4788 1740 4848 minus
1802 4788 1994 4848 adhuc
2056 4793 2426 4865 convergunt
2472 4794 2535 4845 et
2583 4785 2833 4863 denique
2899 4791 3258 4844 concurrunt
3305 4785 3363 4846 in
3413 4788 3497 4851 A.
3592 4786 3668 4847 Et

1388 4877 1476 4937 sic
1524 4895 1846 4937 concursus
1894 4877 1952 4937 A
2002 4876 2333 4954 elongatur,
2385 4874 2591 4934 debuit
2638 4872 2791 4933 enim
2840 4872 2898 4931 in
2946 4873 2980 4931 λ
3026 4871 3168 4932 fieri.

1572 4963 1801 5034 Quodsi
1850 4966 1929 5026 sit
1974 4964 2153 5042 paulo
2202 4963 2395 5041 major
2441 4962 2743 5034 refractio,
2795 4969 2935 5022 tunc
2980 4959 3169 5020 ultimi
3218 4960 3470 5023 refracti
3513 4964 3664 5038 BA‘,

1393 5053 1526 5117 CA‘
1575 5063 1892 5115 excurrent
1939 5054 1996 5114 in
2040 5051 2328 5113 infinitum
2374 5051 2722 5131 priusquam
2772 5057 3147 5123 concurrant,
3196 5068 3305 5128 per
3331 5048 3475 5113 XC.
3525 5071 3665 5114 con·

1386 5160 1643 5205 versam.
