4584 6192
928 578 1048 628 derebus
1068 578 1171 643 Optlcts.
1687 580 1729 648 35

369 754 480 798 renuam
499 749 577 799 fidem
596 757 624 800 et
642 752 782 801 custodiam
800 767 833 802 ea
851 754 991 803 conditione
1011 752 1176 817 accipiamus,
1196 761 1224 803 ut
1242 756 1261 803 si
1281 761 1306 803 tu
1320 762 1397 804 morte
1411 763 1557 818 praeventus
1576 773 1626 807 non
1644 761 1729 824 possis,

370 833 413 868 nes
431 818 571 870 editionem
591 836 677 871 eoram
695 838 861 887 procuremus,
890 825 1003 888 equidem
1023 827 1121 873 omuino
1140 841 1265 888 speramus
1293 826 1403 890 adeoque
1431 834 1552 890 optamus,
1579 836 1608 876 ut
1626 830 1730 893 ipsemet

371 889 495 939 laboribus
514 893 564 939 tuis
583 898 611 941 et
629 894 693 943 actis
711 901 737 943 et
756 895 860 960 agendis
878 897 956 959 possis
975 910 1029 944 esse
1048 903 1180 958 superstes.
1219 896 1290 956 Quod
1309 898 1329 944 si
1348 912 1403 947 rero
1423 897 1492 947 Deus
1517 898 1588 948 aliter
1606 899 1729 963 disponat,

372 975 414 1009 uos
431 963 486 1024 spei
506 969 533 1011 et
551 962 662 1014 fiduciae
680 973 748 1021 tuae,
774 974 896 1030 quatenm
922 967 947 1015 id
966 968 1029 1015 citra
1048 966 1208 1017 offensionem
1228 967 1253 1015 S.
1275 968 1347 1017 Caes.
1366 967 1508 1031 bfajessatis
1526 970 1580 1019 fieri
1599 974 1690 1033 possit,
1713 986 1729 1021 a

373 1038 396 1080 te
412 1033 499 1082 edocti
517 1050 562 1099 pre
580 1042 668 1085 nostra
687 1043 757 1099 parte
776 1051 825 1085 non
844 1052 928 1086 sumus
947 1038 1065 1086 defuturi,

460 1104 536 1156 Vale.
575 1105 709 1157 Dahautur
728 1107 784 1157 Vll.
805 1107 858 1158 Cal.
879 1109 949 1157 Febr.
971 1106 1048 1157 1605.
1188 1107 1293 1164 flector,
1312 1109 1523 1160 Procanoellerius
1542 1120 1568 1161 ιι
1586 1111 1694 1162 Senatus

1281 1180 1431 1230 Academiae
1450 1181 1621 1246 Tubingensis.

462 1265 718 1331 christophorus
736 1268 910 1327 Beseldus,
940 1270 978 1317 cui
1006 1278 1034 1316 ιιι
1061 1280 1135 1330 supra
1163 1266 1255 1316 dictum
1280 1269 1404 1332 exemplar
1423 1269 1527 1332 Opticao
1555 1274 1728 1322 transmiserat

374 1333 505 1399 Keplerns,
524 1353 568 1400 pro
587 1337 635 1387 boc
654 1338 717 1388 douo
736 1341 829 1403 gratias
849 1354 926 1404 agens
945 1339 1008 1388 haec
1026 1338 1137 1387 rescribit
1156 1338 1278 1400 Keplero:

457 1406 569 1457 Mirifice
587 1424 628 1458 me
655 1417 713 1459 tuae
732 1412 818 1460 literae
839 1411 953 1459 adiecere
972 1410 1151 1465 delectatione,
1178 1409 1316 1458 Clarissimo
1335 1411 1392 1466 Vir,
1422 1426 1477 1459 cum
1499 1412 1564 1476 qnod
1582 1414 1651 1463 clara
1668 1416 1727 1465 inibi

376 1476 465 1527 indicis.
482 1481 521 1527 tui
539 1482 566 1528 in
584 1495 626 1529 me
645 1483 734 1529 amoris
752 1489 804 1530 tum
822 1484 881 1544 quia
898 1483 918 1528 is
938 1484 989 1544 ipse
1009 1495 1077 1529 antor
1095 1481 1154 1528 mibi
1173 1482 1335 1544 gratissimus.
1374 1482 1409 1529 Te
1423 1498 1473 1530 non
1485 1484 1564 1531 solnm
1583 1487 1648 1533 enim
1660 1486 1728 1536 fideli

376 1550 428 1598 elim
446 1565 507 1599 usus
526 1566 581 1599 sum
599 1560 767 1615 praeceptore,
788 1553 831 1601 sed
850 1555 942 1614 etjam
962 1554 993 1601 ab
1013 1552 1105 1615 aliquot
1124 1554 1195 1600 annis
1214 1552 1273 1599 mibi
1292 1567 1318 1600 es
1338 1553 1432 1611 adfinis,
1453 1568 1485 1602 ea
1503 1556 1604 1618 quippe,
1625 1559 1727 1619 quaesi

376 1620 441 1669 rituli
461 1621 606 1671 adhucdum
624 1623 745 1672 frueretur
763 1638 833 1679 nura,
863 1637 945 1672 socrus
964 1637 1021 1672 mea
1038 1624 1102 1671 toret
1120 1637 1221 1687 magna,
1251 1636 1296 1671 aro
1315 1631 1357 1671 tuo
1376 1625 1542 1688 germanitate
1565 1629 1654 1688 juncta
1672 1629 1725 1676 fuit.

375 1689 481 1756 indeque
501 1707 530 1741 eo
550 1693 674 1743 lubentius
693 1695 757 1758 quod
775 1694 835 1743 mibi
853 1696 978 1756 injunxisti
998 1695 1086 1758 agnovi
1104 1697 1202 1746 muniis,
1224 1700 1249 1742 et
1267 1709 1299 1743 ne
1319 1709 1356 1741 res
1369 1702 1427 1744 tuae
1446 1709 1504 1744 mea
1514 1697 1669 1761 negligentia
1687 1700 1726 1748 bic

376 1763 437 1811 sient
455 1764 592 1813 deteriores
611 1765 696 1814 sedulo
716 1768 806 1821 curari,
835 1774 909 1829 atque
928 1780 1012 1815 coram
1030 1765 1139 1828 principe
1158 1764 1257 1817 Joanno
1276 1765 1398 1814 Friden'co
1417 1766 1574 1827 splendidiori
1592 1771 1618 1816 in
1636 1771 1726 1818 vestitu

375 1847 422 1882 una
440 1849 498 1883 cum
525 1837 575 1883 tuis
595 1836 675 1885 eidem
702 1838 804 1900 principi
831 1837 955 1898 inscriptis
982 1837 1059 1884 literis
1086 1835 1139 1884 libri
1159 1838 1194 1884 tui
1221 1838 1281 1899 ipsis
1303 1836 1412 1885 calendis
1430 1836 1544 1886 ianuarii
1571 1849 1725 1902 compareret

375 1906 505 1969 exemplar,
524 1910 662 1969 procurari.
700 1907 821 1971 Responsi
840 1922 896 1956 vero
914 1907 974 1955 nihil
994 1908 1051 1955 dum
1069 1907 1121 1964 tuli,
1141 1909 1189 1955 nisi
1207 1908 1271 1970 quod
1290 1909 1387 1956 nomino
1406 1910 1442 1956 eui
1461 1910 1574 1972 principis
1586 1909 1643 1958 Joh.
1656 1912 1724 1961 Hea-

376 1991 453 2032 nerns,
473 1978 514 2040 qui
535 1978 616 2027 eidem
634 1993 700 2027 nuno
720 1993 735 2027 a
754 1979 870 2036 consiliis,
893 1993 920 2027 se
938 1979 982 2027 tibi
1001 1979 1175 2041 rescriptumm
1193 1979 1252 2026 mibi
1269 1978 1421 2027 indicaverit.
1459 1979 1614 2044 lugentiores
1632 1988 1725 2038 ιιιιιιιιι,

376 2048 496 2103 uifxller,
514 2051 649 2112 scripturus
667 2051 769 2114 gratias.
789 2065 863 2113 quam
882 2052 978 2114 argenti
997 2048 1091 2112 pondus
1111 2051 1227 2097 missurus
1247 2058 1292 2098 est.

460 2119 571 2177 Donum,
591 2120 657 2184 quud
675 2122 775 2184 principi
790 2122 911 2170 Friderico
932 2120 1081 2174 destinabas.
1102 2120 1188 2169 offerro
1201 2122 1307 2184 nequivi,
1325 2134 1383 2168 nam
1395 2121 1490 2177 literae,
1510 2136 1571 2185 quas
1588 2122 1610 2170 ei
1624 2124 1726 2172 comites

376 2189 454 2239 darem
463 2206 602 2255 munusque
622 2191 682 2240 illud
701 2193 777 2240 verbis
797 2198 921 2248 ornarent,
941 2206 1062 2255 nusquam
1075 2206 1220 2253 apparuere,
1240 2207 1286 2239 nec
1305 2191 1329 2238 io
1341 2198 1436 2239 mutum
1450 2193 1475 2240 in
1489 2201 1647 2255 conspectum
1660 2196 1724 2242 tanti

376 2262 487 2325 principis
505 2265 590 2311 venire
610 2263 701 2312 decuit.
738 2262 886 2312 Maestlinus
910 2265 975 2311 euim
1000 2268 1082 2312 noster
1109 2271 1206 2325 praeter
1230 2263 1332 2325 principi
1351 2261 1442 2311 Joanni
1461 2264 1585 2313 friderico
1614 2273 1640 2314 et
1667 2264 1725 2313 milri

376 2334 504 2396 asscriptas
521 2334 605 2382 nullas
625 2334 688 2383 alias
707 2334 739 2383 ad
757 2350 796 2383 me
815 2334 915 2397 pertulit
934 2334 1028 2390 literas,
1052 2348 1100 2382 uec
1119 2334 1258 2397 sclopetarii
1277 2333 1349 2389 illins,
1379 2334 1418 2382 eui
1444 2342 1471 2382 ιιι
1497 2349 1540 2383 eas
1559 2337 1725 2393 commiseras,

378 2403 423 2452 alla
439 2405 601 2467 inquisitione
619 2406 729 2454 nancisci
748 2408 816 2468 potui
835 2408 938 2469 copiam.
977 2405 1001 2454 Is
1020 2404 1104 2467 procul
1123 2404 1195 2453 dubio
1215 2404 1322 2459 tabulas,
1349 2418 1413 2467 quae
1432 2420 1521 2454 nomen
1540 2407 1655 2470 principis
1673 2407 1724 2455 Fri·

376 2473 445 2523 dsrlcl
456 2490 520 2539 prae
536 2490 566 2542 se
584 2476 706 2531 ferebant,
725 2475 804 2525 eidem
822 2479 927 2540 ipsemet
944 2476 1054 2530 tradidit,
1073 2476 1161 2524 libmm
1173 2475 1245 2524 simul
1263 2489 1314 2524 una
1326 2475 1478 2525 offerendum
1491 2479 1598 2534 nescius,
1612 2492 1659 2528 nee
1673 2492 1725 2545 aas,

377 2545 435 2608 qued
454 2562 513 2596 cunr
541 2550 602 2596 meis
625 2562 676 2596 non
695 2557 840 2610 compactae
867 2554 955 2602 erant,
984 2547 1044 2595 mihi
1073 2547 1110 2596 rel
1128 2546 1262 2596 Maestlino
1282 2554 1349 2595 recto
1368 2547 1420 2595 dari
1448 2562 1607 2610 praesumens
1635 2550 1725 2598 animo.

378 2614 467 2666 b'orarn
486 2618 564 2681 igitur
581 2620 637 2667 nori
657 2620 794 2683 argumenti
813 2627 841 2667 ut
861 2619 937 2668 cadas
956 2618 1085 2683 epistolam
1113 2632 1214 2667 necesse
1235 2626 1280 2679 est,
1308 2632 1381 2681 qaam
1401 2634 1456 2667 cum
1484 2620 1588 2681 primum
1607 2633 1725 2684 accepero

378 2689 486 2737 muamus
504 2690 623 2752 principis
641 2692 718 2738 nestri
736 2688 890 2738 illustrissimi
908 2698 936 2738 ut
954 2690 1052 2738 insimul
1072 2704 1127 2737 cum
1146 2697 1188 2738 tuo
1212 2690 1272 2738 libro
1292 2688 1363 2738 detur
1380 2703 1451 2738 meae
1471 2692 1517 2738 orit
1536 2692 1678 2739 curationis.
1768 2732 1775 2745 .

459 2762 484 2809 A
503 2768 594 2810 senatu
613 2760 757 2810 academico
782 2776 838 2810 mex
856 2761 958 2810 habebis
977 2776 1135 2824 responsum
1165 2761 1233 2809 illum
1260 2761 1343 2823 petitis
1365 2761 1414 2809 tuis
1441 2775 1549 2811 annuere
1569 2762 1725 2827 singulosque

378 2837 498 2881 numeres
516 2832 562 2881 tibi
580 2831 664 2881 farere
684 2834 824 2895 comperior.

460 2902 489 2952 si
507 2901 657 2952 Maestlinus
675 2918 724 2952 non
743 2904 769 2951 in
786 2919 866 2953 rorum
884 2909 976 2952 natura
994 2910 1067 2960 esset,
1087 2903 1157 2951 nobis
1176 2904 1273 2965 propior
1287 2917 1361 2950 esses.
1400 2902 1499 2951 Certum
1512 2911 1558 2964 ost,
1577 2912 1603 2953 te
1616 2905 1726 2953 obtinere

378 2971 413 3022 Νι
428 2988 502 3037 posse
519 2974 698 3037 professionem
715 2974 907 3038 philosophicam
925 2987 1095 3038 quamcunque
1114 2975 1218 3037 primum
1236 2980 1381 3029 vacantem3
1402 2975 1509 3022 omnium
1528 2976 1592 3024 cuim
1611 2975 1725 3025 horarum

378 3042 442 3094 bomo
459 3045 530 3096 alnes
548 3046 637 3109 quiquo
657 3047 722 3094 omni
739 3047 829 3095 sarrire
846 3046 924 3108 pessit
942 3060 1042 3095 scenae.

457 3115 516 3164 Duo
529 3115 745 3179 Paralipomenon
762 3123 858 3165 tuorum
878 3115 1027 3179 exemplaria
1045 3131 1109 3180 quae
1129 3116 1194 3179 apud
1212 3131 1251 3165 me
1271 3116 1372 3179 reliqua,
1392 3118 1441 3165 tria
1459 3117 1524 3166 enim
1536 3115 1595 3164 mihi
1615 3121 1724 3165 tantam·

379 3185 442 3235 node
459 3186 610 3237 Maestlinus
634 3190 709 3243 misit,
734 3187 906 3236 Hafenreffero
926 3195 952 3236 ιι
970 3188 1066 3252 Magire
1093 3194 1134 3237 tuo
1154 3189 1260 3246 nomine,
1289 3186 1434 3236 mandatum
1463 3203 1543 3236 meum
1572 3188 1725 3251 aliquantum

379 3256 446 3307 latius
462 3259 640 3321 interpretans,
660 3260 723 3307 dono
742 3259 845 3310 donam
871 3260 887 3306 ii
906 3260 970 3307 enim
989 3265 1055 3313 sunt,
1074 3259 1161 3322 quibus
1179 3272 1238 3321 prae
1258 3260 1346 3307 ceteris
1364 3257 1534 3320 hujuscemodi
1552 3259 1634 3307 studia
1652 3266 1678 3308 et
1697 3268 1722 3307 ιιι

379 3337 470 3392 propter
487 3329 533 3378 iila
552 3329 618 3379 cordi
637 3343 672 3378 es.
709 3328 735 3378 Si
754 3331 864 3393 peccari,
883 3343 965 3392 poena
983 3329 1041 3377 mibi
1060 3330 1100 3385 sit,
1124 3337 1152 3378 ut
1172 3330 1237 3392 apud
1255 3328 1410 3391 bibliopolam
1429 3337 1538 3378 nostrum
1556 3328 1632 3386 aliud,
1658 3330 1722 3394 quod

378 3399 472 3464 percipi
490 3406 575 3449 nastm
595 3400 674 3456 detur,
693 3401 745 3463 ipse
763 3403 825 3449 meis
843 3402 948 3449 nummis
968 3414 1049 3449 emere
1068 3415 1171 3449 necesse
1188 3400 1295 3449 habeam
1314 3400 1446 3463 exemplar.

458 3470 533 3520 bfeas
552 3470 617 3535 quod
636 3472 727 3520 attinet
745 3472 906 3558 condipioues,
926 3472 1022 3535 privata
1039 3470 1164 3535 hucusque
1184 3477 1315 3520 contentus
1327 3472 1379 3519 rita
1396 3471 1463 3520 lateo
1481 3471 1627 3535 publicaque
1647 3474 1721 3521 attiu-

378 3554 429 3604 ειη
446 3542 605 3607 malignitate
623 3557 718 3591 moram
735 3542 842 3592 hiscem
855 3542 913 3591 locis
926 3543 1013 3591 mirum
1026 3557 1099 3605 quam
1113 3549 1245 3605 grassante
1258 3542 1396 3601 deterritus,
1416 3541 1560 3607 theologicis
1573 3550 1599 3591 et
1611 3542 1721 3607 politico·

378 3610 495 3662 bistoricis
513 3614 643 3662 immersus
662 3628 715 3661 snm
733 3614 944 3669 meditationibus,
963 3627 1065 3677 quarum
1084 3612 1207 3676 quoddam
1225 3615 1351 3676 specimen
1369 3612 1458 3675 publici
1474 3614 1535 3676 juris
1554 3614 1636 3663 facere
1654 3628 1721 3677 paro.

378 3680 409 3731 lbi
424 3699 507 3733 meum
526 3684 557 3733 de
576 3684 711 3749 astrologia
727 3685 860 3747 judiciaria
877 3684 970 3733 ridebis
985 3684 1119 3746 iudicium,
1149 3686 1192 3732 tibi
1211 3686 1294 3733 forsan
1313 3683 1420 3732 insolens
1448 3683 1493 3733 sed
1511 3699 1527 3732 a
1544 3685 1647 3748 purioris
1664 3682 1720 3733 reli·

378 3754 449 3817 glanis
467 3755 633 3804 axiomatibus
650 3770 700 3804 non
719 3756 860 3805 abhorrens.
898 3755 936 3804 Τιι
953 3755 1051 3819 quidem
1070 3769 1096 3804 es
1114 3755 1189 3812 solus,
1208 3756 1249 3820 qui
1266 3758 1362 3817 rejecta
1379 3756 1626 3817 superstitiose-vana
1644 3760 1721 3803 astro·

379 3824 440 3889 logia
457 3826 577 3883 Arabum,
597 3826 782 3890 simplicioribus
810 3832 836 3875 et
860 3826 915 3875 ideo
935 3827 1077 3875 certioribus
1104 3827 1173 3874 nisus
1191 3825 1365 3884 fundamentis,
1391 3827 1417 3873 in
1442 3826 1533 3875 tabulis
1550 3826 1656 3874 fatorum
1674 3822 1723 3885 (ita

379 3895 465 3945 trulum
482 3896 550 3946 soleo
564 3893 705 3958 nominare)
724 3912 788 3962 quae
806 3897 875 3947 faeta
893 3898 1024 3961 futuraque
1043 3904 1101 3945 sunt
1113 3897 1181 3962 legis.
1220 3896 1269 3946 Sed
1287 3904 1316 3945 tn
1329 3896 1401 3945 crede
1413 3897 1481 3954 mihi,
1502 3896 1659 3960 astrologiam
1673 3910 1722 3943 non

379 3963 494 4017 hommum
512 3967 558 4017 sed
576 3967 725 4017 daemonum
744 3983 797 4018 esse
816 3971 951 4025 inventum,
979 3975 1065 4032 putam
1083 3982 1170 4031 puram
1188 3982 1342 4032 paganorum
1360 3967 1513 4031 religionem,
1537 3974 1665 4030 poetaram
1684 3968 1720 4015 ia·

380 4035 434 4086 tulis
459 4038 633 4089 adumbratam
658 4041 738 4105 magis
766 4055 841 4106 quam
866 4039 1024 4103 explicatam,
1054 4045 1131 4088 artem
1162 4038 1301 4088 Christiano
1329 4053 1379 4087 nou
1406 4039 1509 4095 licitam,
1537 4037 1613 4086 multo
1640 4038 1722 4086 minus

379 4111 544 4160 ιιιιιιιιίιιιι,
586 4105 591 4112 ’

458 4179 509 4231 Sed
526 4180 558 4230 ds
576 4180 616 4230 his
632 4180 703 4244 plura
722 4182 813 4232 addere
831 4182 967 4231 forensibus
985 4182 1103 4246 negotiis,
1123 4182 1209 4245 quibus
1228 4197 1268 4231 me
1287 4195 1352 4231 unae
1371 4186 1469 4244 propter
1487 4178 1626 4228 absentiam
1644 4179 1722 4242 patris

381 4250 421 4299 nei
436 4251 522 4301 nolens
541 4252 678 4301 immiscere
696 4267 779 4318 cogor,
798 4259 968 4316 tempestuosa
985 4252 1113 4316 prohibeor
1131 4255 1163 4300 ri.

458 4322 536 4372 Hisce
552 4329 583 4371 ta
600 4321 656 4372 sale
674 4330 700 4373 et
716 4338 757 4373 me
774 4330 804 4372 ut
821 4323 885 4373 soles
905 4338 963 4373 ama
981 4323 1025 4372 Vir
1043 4322 1184 4373 clarissime.

457 4393 588 4459 Tubingse
608 4393 631 4442 d.
652 4393 694 4443 27.
713 4394 771 4445 lan.
791 4401 840 4444 ιιι.
860 4401 890 4443 ιι.
912 4392 989 4450 1605.
1220 4394 1289 4444 Tuae
1309 4392 1477 4442 Excellentiae
1495 4391 1686 4442 studiosissimus

1323 4463 1372 4513 Ch.
1392 4462 1546 4513 Beseldus
1564 4462 1598 4511 D.

457 4551 504 4603 His
521 4552 623 4604 Besoldi
641 4553 719 4603 literis
745 4567 827 4615 pauca
846 4553 963 4603 addenda
981 4568 1117 4603 censensus.
1154 4552 1194 4603 De
1212 4552 1319 4602 Besoldo
1345 4550 1465 4602 alioloco
1485 4548 1595 4612 (v01.1.
1615 4566 1639 4615 p.
1660 4547 1722 4609 188)

384 4624 457 4682 nuta
473 4624 585 4673 diximus.
622 4624 692 4674 Natu
710 4624 807 4688 quidem
825 4626 903 4674 minor
921 4624 1029 4687 Keplero
1049 4622 1134 4685 (natus
1155 4632 1193 4673 est
1205 4624 1334 4688 Tubingae
1353 4638 1418 4672 auno
1433 4619 1514 4682 1577)
1534 4622 1620 4671 eodem
1637 4628 1724 4671 umen

385 4704 423 4754 tto
439 4694 560 4758 Keplerus
577 4701 688 4760 ternpore
701 4695 830 4759 Tubingae
850 4696 882 4744 ad
900 4695 985 4744 literas
1004 4695 1115 4745 incubuit
1134 4693 1226 4759 (comp.
1246 4695 1265 4743 I.
1285 4710 1310 4759 p.
1334 4691 1376 4755 ll)
1396 4700 1422 4741 et
1439 4692 1496 4741 inde
1515 4692 1547 4743 ab
1566 4708 1595 4742 eo
1614 4699 1723 4757 tempore

385 4764 482 4814 &citis
497 4780 554 4815 cum
571 4766 613 4815 illo
632 4768 778 4828 conjunctus
798 4772 859 4824 erat,
886 4766 950 4830 quod
970 4773 1073 4831 apparet
1091 4781 1121 4815 ex
1139 4766 1217 4815 literis
1235 4765 1336 4814 Besoldi
1354 4765 1387 4814 ad
1405 4762 1542 4827 Keplerum
1560 4764 1633 4821 datis,
1661 4777 1723 4828 qaas
1766 4777 1773 4783 ·

386 4831 472 4886 ebibe
488 4835 631 4887 Haaschins
650 4851 728 4901 usque
746 4837 779 4886 ad
797 4851 889 4886 annum
904 4833 981 4897 1626,
1001 4851 1110 4901 quaeque
1130 4843 1254 4886 testantur
1272 4836 1358 4900 quanti
1376 4833 1464 4885 secent
1475 4834 1579 4897 Kepleri
1596 4835 1724 4901 ingenium

386 4909 407 4952 α
420 4905 552 4957 &cuinam
571 4921 695 4973 operaque
714 4907 805 4956 abillo
824 4907 901 4964 edita,
921 4923 1022 4971 quorum
1041 4907 1157 4971 pleraque
1176 4908 1299 4970 Keplerus
1318 4908 1381 4956 dono
1400 4905 1470 4955 dedit
1487 4904 1603 4954 Besoldo.
1641 4907 1723 4971 Aegre

385 4971 497 5038 badum
516 4985 562 5034 est,
582 4993 668 5029 omues
685 4978 789 5042 Kepleri
807 4978 840 5027 ad
858 4978 991 5029 Beseldum
1009 4979 1082 5028 datas
1100 4980 1194 5035 literas,
1221 4991 1274 5027 una
1291 4984 1390 5027 tantum
1414 4982 1521 5039 excepta
1540 4973 1632 5040 (comp.
1651 4975 1723 5026 Hau·

386 5043 466 5097 Ιὼὶιιιιι
482 5064 506 5113 p.
522 5046 586 5111 276)
604 5049 746 5113 deperditas
764 5064 827 5103 esse,
845 5064 949 5114 quarum
967 5050 1115 5113 ςιιιίιιιιιιι
1134 5049 1261 5100 eBesoldi
1273 5048 1478 5113 responsionibus,
1498 5048 1643 5110 praesertim
1661 5060 1724 5112 qna-

385 5118 446 5168 haur
460 5133 501 5171 trs
518 5121 627 5172 atticam
644 5119 808 5185 theologicas,
835 5120 902 5171 haud
920 5120 1019 5172 difficile
1039 5135 1182 5186 cognosces.
1221 5120 1258 5170 Ex
1280 5119 1358 5169 literis
1373 5117 1476 5190 ¹Beseldi
1501 5131 1577 5182 supra
1594 5118 1724 5184 propositis

1474 5200 1512 5255 3.
