4584 6192
562 585 627 654 506
1003 588 1154 640 Dissertatio
1173 601 1228 639 cum
1245 585 1343 641 Nuntio
1361 587 1471 641 sidereo.

562 765 664 826 Lunas
688 764 977 826 circum-Martiales
997 772 1029 825 et
1043 764 1334 841 circum-Venerius,
1361 765 1386 825 si
1411 785 1485 844 quas
1501 763 1638 825 Galilaea
1655 763 1724 824 olim
1748 764 1918 843 deprehen-

562 871 649 914 surus
674 871 717 924 es,
742 853 883 913 facillime
909 854 1087 913 locaturum.

651 942 762 1001 Tecum
787 939 925 1002 Galilaea
950 942 1060 1019 incepi,
1085 950 1183 1001 tecum
1207 943 1293 1001 linem
1320 942 1437 1001 faciam.
1485 940 1606 1000 Miraris
1630 958 1688 1000 nou
1713 943 1841 1012 frustra,
1867 960 1921 1002 cur

561 1037 648 1091 tauto
677 1029 845 1090 discrimine
875 1030 1088 1108 magnitudinis
1113 1030 1252 1090 Medicea
1279 1031 1381 1091 sideru
1404 1050 1475 1090 suas
1504 1037 1621 1089 mutent
1645 1030 1748 1091 tocies.
1799 1028 1920 1090 Causas

563 1137 637 1198 quas
662 1118 845 1180 comminisci
865 1120 929 1198 quis
949 1130 1054 1197 posset
1074 1127 1135 1180 tres
1155 1119 1255 1196 rejicis
1280 1129 1386 1198 argute
1407 1127 1439 1178 et
1457 1117 1679 1180 mathematico.
1718 1118 1812 1179 Pouis
1831 1137 1920 1179 uuam

560 1207 717 1288 physicam
742 1215 775 1267 ut
801 1209 990 1287 possibilem,
1025 1209 1060 1267 de
1095 1227 1153 1286 qua
1184 1216 1302 1285 tempus
1335 1207 1465 1268 docebit.
1484 1202 1524 1279 ¹³)
1572 1205 1711 1268 Occurrit
1741 1225 1813 1267 vero
1847 1207 1920 1268 mihi

561 1296 642 1356 ista:
667 1296 692 1355 si
713 1304 839 1374 quatuor
862 1296 892 1357 hi
911 1297 1053 1375 planetae
1077 1296 1152 1356 disci
1169 1296 1263 1356 forma
1286 1297 1375 1374 plano
1392 1296 1429 1356 ad
1444 1296 1549 1356 Jovem
1565 1314 1709 1357 converso
1725 1295 1920 1372 circumeant,

562 1393 596 1446 ut
619 1384 656 1444 ad
681 1402 823 1443 excursus
847 1385 994 1445 maximos
1023 1384 1107 1444 uobis
1132 1392 1163 1444 et
1188 1383 1251 1445 Soli
1276 1386 1456 1463 objiciantur
1480 1392 1512 1445 ut
1536 1384 1647 1457 lineae,
1673 1404 1763 1463 supra
1787 1393 1819 1445 et
1842 1384 1922 1446 iufra

562 1472 743 1533 irradientur
765 1473 1053 1552 perpendiculariter
1074 1473 1292 1552 videanturque
1317 1474 1428 1552 magni,
1453 1481 1485 1534 et
1504 1474 1580 1535 forte
1605 1473 1836 1534 diversicolores
1860 1473 1922 1534 siut

561 1579 615 1641 pro
644 1560 821 1621 diversitate
849 1562 1050 1640 planitierum.
1097 1561 1236 1622 Sufficiat
1259 1562 1420 1623 monuisse.
1447 1595 1487 1604 -
1528 1560 1617 1630 Quod
1650 1570 1791 1641 superest
1823 1564 1919 1623 vehe-

562 1656 679 1712 menter
702 1650 757 1710 abs
781 1657 811 1710 te
834 1659 905 1729 peto
930 1649 1069 1711 Galilaea
1095 1650 1297 1723 celeberrime,
1324 1651 1409 1711 utin
1434 1651 1622 1712 observando
1651 1659 1772 1711 strenue
1796 1669 1919 1730 pergas,

562 1755 697 1819 quaeque
722 1737 909 1800 observando
934 1740 1025 1800 fucris
1050 1747 1221 1812 assecutus,
1248 1739 1333 1800 uobis
1358 1739 1452 1817 primo
1479 1759 1592 1820 quoque
1625 1748 1757 1818 tempore
1782 1759 1919 1801 commu-

562 1826 662 1900 nices,
697 1826 822 1905 denique
855 1828 1059 1910 prolixitatem
1092 1829 1171 1888 hauc
1204 1847 1301 1888 meam
1332 1828 1508 1906 dicendique
1538 1829 1574 1888 de
1603 1837 1712 1889 natura
1746 1828 1921 1890 libertatem

562 1915 631 1976 boui
656 1915 808 1975 consulas.
858 1917 944 1977 Vale.
993 1916 1111 1995 Pragae
1139 1911 1188 1977 19.
1214 1917 1329 1995 Aprilis
1357 1913 1452 1978 1610.
1829 1986 1834 1992 ,

650 2003 903 2084 Postscripta.
952 2003 985 2065 Si
1010 2024 1098 2065 unum
1121 2005 1217 2065 adhuc
1248 2006 1325 2066 diem
1354 2013 1594 2083 exspectassem,
1621 2002 1761 2065 Galilaeo
1786 2012 1920 2066 mutuum

563 2092 727 2172 rependere
750 2093 925 2172 potuissem.
963 2092 1053 2155 Nova
1078 2093 1166 2166 enim,
1192 2112 1249 2154 uon
1273 2103 1307 2154 ut
1322 2092 1453 2155 Galilaei
1476 2093 1653 2173 probabilia,
1679 2093 1751 2154 licet
1774 2094 1920 2165 inaudita,

563 2181 617 2242 sed
641 2189 747 2242 contra
771 2181 858 2261 louge
887 2182 1111 2254 absurdissima,
1137 2182 1209 2243 licet
1232 2201 1322 2261 saepe
1343 2185 1472 2261 jactata,
1499 2183 1601 2243 retulit
1624 2182 1781 2260 catalogus
1810 2184 1919 2245 nundi-

562 2289 668 2331 narum
700 2271 1019 2344 Francofordensium,
1061 2272 1205 2331 Tlromam
1245 2274 1390 2351 quendam
1426 2271 1737 2353 Gephyraudrum
1776 2273 1919 2333 circulum

563 2359 740 2439 quadrasse.
786 2359 879 2421 Nulla
901 2359 950 2419 hic
970 2360 1032 2439 jam
1057 2360 1131 2421 fides
1156 2360 1260 2434 oculis,
1286 2361 1363 2421 ratio
1388 2380 1458 2422 vero
1483 2380 1570 2421 aures
1595 2360 1634 2420 ad
1656 2361 1784 2439 primam
1809 2362 1919 2423 famam

563 2446 726 2509 obturavit.
1568 2506 1571 2517 .

652 2536 751 2609 Alius,
775 2534 977 2615 Wolfgangus
1006 2533 1177 2596 Satlerus
1210 2536 1406 2609 Basiliensis,
1440 2538 1620 2599 Mercurium
1651 2539 1698 2611 (et
1730 2538 1828 2617 ipsum
1857 2540 1920 2619 jam

563 2623 632 2686 olim
656 2624 788 2685 Deorum
819 2624 956 2685 nuncium
985 2624 1147 2698 creditum)
1178 2625 1307 2700 emittit,
1344 2625 1541 2705 significatum
1576 2626 1758 2705 astrologis,
1793 2627 1920 2706 triginta

561 2713 707 2792 graduum
731 2720 886 2791 aspectum
911 2713 1064 2773 efficacem
1088 2733 1165 2775 esse.
1215 2712 1359 2775 Gratulor
1388 2716 1445 2793 ipsi
1470 2716 1506 2775 de
1536 2715 1641 2792 agnita
1670 2716 1748 2776 domi
1778 2717 1917 2778 veritate.

561 2800 649 2862 Foris
679 2801 708 2861 in
741 2810 828 2880 parte
869 2802 964 2863 falsus
996 2810 1043 2862 cst
1079 2802 1224 2863 nuncius:
1264 2810 1347 2863 errat
1378 2804 1407 2863 iu
1446 2803 1541 2882 primo
1580 2805 1745 2865 inventore.
1802 2806 1920 2866 Monuit

562 2888 744 2951 Maestlinus
768 2889 917 2951 Thesibus
949 2890 1012 2951 suis
1036 2889 1072 2950 dc
1103 2899 1235 2951 motuum
1268 2891 1417 2952 varietate
1442 2912 1469 2953 a.
1497 2887 1591 2954 1606.
1622 2894 1720 2954 editis.
1768 2894 1919 2974 Usurpavi

562 2996 618 3058 ego
649 2978 726 3039 huuc
759 2988 913 3060 aspectum
948 2979 986 3040 ab
1014 3000 1042 3041 a.
1070 2976 1165 3042 1603.
1213 2980 1363 3040 Videatur
1386 2990 1418 3041 et
1447 2999 1531 3041 meus
1554 2981 1674 3042 Tertius
1699 2983 1919 3055 Intcrvcuieus,

562 3066 608 3128 his
628 3067 734 3129 iisdem
758 3068 897 3129 nundinis
920 3068 1071 3145 prodiens.
1118 3067 1235 3130 Nomen
1260 3069 1422 3131 semisexto
1447 3070 1526 3130 dedi.
1573 3069 1736 3131 Rationem
1762 3073 1826 3152 ejus
1850 3072 1919 3152 pul-

563 3155 740 3218 cherrimam
764 3155 944 3236 pollicentur
966 3176 1034 3218 mea
1056 3157 1252 3219 Harmonica.
1270 3154 1312 3231 ¹⁴)
