4584 6192
940 558 1187 624 autumem.
1298 559 1301 566 ·

373 736 513 809 empore
530 730 616 794 dieto
633 730 828 794 emicuit-uno
852 731 933 794 nictu
950 735 1028 797 oculi
1053 733 1117 809 Sol,
1141 736 1226 816 eujus
1250 735 1364 798 radium
1387 754 1443 817 ego
1561 811 1566 823 ¹

373 818 440 879 ridi
453 837 526 881 eum
553 822 613 881 hac
628 819 825 899 amplitudine
840 821 905 900 (lig.
920 819 966 895 2).
991 824 1125 903 Eratque
1149 824 1282 887 radiolus
1305 824 1364 886 iste
1388 826 1442 886 de·
1539 810 1593 875 ΡΨ·
1607 809 1657 858 ²³

376 907 490 968 libatus
514 928 623 987 pamm
648 908 807 971 admodum
831 929 850 969 a
877 911 1000 984 dextra,
1033 912 1108 975 adeo
1132 913 1240 990 exiguo
1264 913 1444 988 discrimine,

375 1005 407 1056 ut
428 995 485 1056 vix
509 998 541 1058 in
564 997 620 1058 illa
643 997 785 1076 angustia
807 998 954 1077 conjicere
977 1000 1139 1077 potuerim,
1169 1001 1364 1063 inclinaretne
1389 1002 1444 1063 de-

376 1084 477 1146 iectus
507 1104 627 1147 sursum
661 1106 699 1146 an
722 1086 869 1147 deorsum.
917 1085 979 1148 Sed
1011 1096 1113 1149 tamen
1137 1088 1263 1150 etmihi
1286 1089 1446 1150 videbatur

377 1191 496 1234 sursum
520 1172 687 1247 discedere,
713 1182 744 1234 et
767 1173 816 1253 qui
832 1172 932 1235 Solem
947 1175 1045 1254 ipsum
1062 1184 1258 1255 aspexerunt,
1283 1178 1443 1252 affirmant,

378 1280 484 1340 pmnm
508 1261 668 1323 admodum
693 1263 831 1323 deorsum
859 1263 1032 1325 inclinatum
1064 1265 1174 1336 fuisse,
1207 1265 1285 1343 qnod
1313 1284 1442 1326 consen-

380 1350 458 1411 tiens
483 1357 535 1411 eet
558 1349 612 1411 illi.
659 1349 811 1429 Proripuit
834 1359 933 1411 autem
957 1372 990 1413 se
1014 1372 1069 1414 nec
1092 1360 1226 1413 moratus
1242 1361 1312 1427 est,
1347 1354 1442 1413 donec

381 1437 427 1497 rel
451 1436 537 1499 Solis
562 1438 752 1499 altitudinem
775 1456 914 1516 caperem
937 1441 985 1502 vel
1009 1441 1123 1501 radium
1148 1441 1177 1501 in
1201 1440 1322 1520 planum
1346 1441 1531 1503 descendeus
1556 1442 1736 1521 aspicerem.

381 1524 440 1587 Sed
465 1534 570 1587 umen
605 1525 745 1605 conjicio,
784 1526 813 1587 in
846 1527 936 1605 plano
969 1529 1121 1590 remotiori
1145 1529 1276 1590 futurum
1308 1529 1402 1590 luisse
1434 1530 1579 1608 majorem
1612 1541 1738 1608 aspectu

382 1614 550 1685 delectum,
584 1621 674 1693 atque
699 1615 775 1675 adeo
798 1616 901 1692 paucis
925 1616 1040 1696 aliquot
1062 1617 1210 1695 scrupulis
1229 1625 1300 1678 ante
1324 1616 1401 1678 huuc
1425 1618 1623 1696 quadrantem
1647 1636 1738 1696 supra

383 1701 533 1764 decimam
556 1701 707 1781 incepisse
731 1702 865 1783 eclipsin.
911 1704 1005 1767 Paulo
1029 1712 1104 1783 post·
1123 1705 1260 1766 defectus
1284 1704 1408 1766 duorum
1432 1705 1553 1767 circiter
1576 1704 1738 1785 digitorum

379 1790 441 1867 jam
465 1789 630 1852 manifeste
652 1790 791 1852 deorsum
815 1791 971 1870 vergebat.
1017 1793 1091 1853 Inde
1114 1811 1215 1854 merae
1239 1792 1320 1853 circa
1333 1791 1437 1856 Solem
1462 1794 1556 1855 nubes
1580 1812 1674 1873 usque
1698 1793 1738 1854 ad

382 1878 536 1939 dimidiam
560 1878 767 1940 duodecimam
793 1887 824 1940 et
847 1899 883 1941 ec
907 1880 1050 1958 amplius;
1073 1899 1140 1942 curu
1164 1899 1221 1959 ego
1243 1880 1368 1942 multum
1392 1882 1498 1942 auxius
1523 1883 1666 1960 optabam
1687 1890 1737 1942 ts-

382 1965 504 2041 nebraa,
539 1984 615 2045 quae
649 1965 733 2045 sequi
764 1966 917 2029 nolebant.
964 1968 1026 2030 Vix
1058 1967 1135 2030 enim
1168 1968 1277 2047 exigua
1299 1967 1417 2031 illarum
1448 1970 1477 2030 in
1509 1970 1738 2032 observatorum

382 2054 483 2116 oculos
506 2054 678 2116 incurrerat
700 2055 932 2133 animadversio.
966 2054 1018 2118 Sic
1042 2065 1141 2118 autem
1157 2065 1224 2117 erat
1238 2057 1385 2118 diminuta
1399 2057 1463 2133 lux,
1488 2066 1522 2119 ut
1544 2077 1612 2119 cum
1634 2057 1738 2137 pluvia

383 2141 483 2223 aliqua
507 2144 583 2216 (non
607 2149 709 2204 tamen
734 2151 766 2204 ut
790 2144 818 2205 in
842 2163 954 2223 magua
977 2146 1174 2225 tempestate)
1198 2144 1308 2220 instat,
1340 2163 1407 2206 cum
1435 2154 1535 2208 tamen
1559 2146 1654 2208 nubes
1677 2164 1736 2207 non

385 2237 485 2292 essent
508 2229 641 2312 undique
665 2249 801 2305 crassae,
835 2251 911 2312 qnae
931 2232 986 2294 hoc
1009 2232 1127 2294 causari
1154 2232 1334 2312 potuissent.
1380 2234 1486 2313 Itaque
1510 2252 1577 2295 cum
1600 2252 1638 2295 ex
1660 2252 1735 2294 con-

381 2318 498 2395 jectura
512 2318 580 2396 jam
603 2319 760 2382 transiisse
775 2320 927 2382 videretur
941 2322 1084 2395 medinm,
1109 2322 1231 2382 tandem
1247 2320 1388 2400 apparuit
1401 2322 1503 2382 radius
1526 2321 1634 2401 aliquis
1646 2320 1736 2400 paulo

385 2414 452 2468 ante
476 2406 680 2487 quadrantem
702 2409 824 2470 tertium
846 2417 919 2488 post
941 2410 1137 2473 undecimam.
1186 2407 1286 2471 Cornu
1308 2418 1429 2487 praeter
1446 2408 1616 2489 opinionem
1637 2428 1736 2490 appa-

385 2494 439 2555 ruit
461 2513 557 2574 supra
581 2496 689 2574 exigno
722 2496 897 2558 inclinatum
929 2498 968 2559 ad
1000 2499 1155 2560 sinistram
1179 2498 1317 2559 deorsum
1340 2517 1470 2560 versum.
1516 2499 1584 2561 h'ou
1608 2496 1738 2577 contigit

385 2583 449 2644 nihi
474 2583 533 2645 hoc
557 2583 749 2656 beneficium,
768 2593 801 2646 nt
825 2586 987 2647 dimetirer.
1019 2588 1126 2666 ltaque
1151 2585 1231 2647 aliud
1250 2587 1400 2647 affirmare
1419 2606 1477 2647 non
1491 2605 1623 2665 possum,
1648 2604 1736 2666 quam

386 2669 476 2732 tham
501 2671 597 2733 luisse
620 2672 744 2752 eclipsin
770 2671 789 2737 9
813 2674 862 2735 vel
889 2671 930 2736 10
954 2674 1125 2753 digitorum.
1173 2676 1247 2735 Inde
1271 2694 1385 2736 rursum
1408 2692 1608 2753 supervenere
1631 2673 1735 2734 nubes.

469 2757 548 2821 Cum
573 2768 696 2822 sonaret
718 2779 865 2841 campana
879 2761 1094 2838 duodecimam,
1119 2764 1203 2824 coelo
1222 2765 1286 2842 jam
1304 2763 1394 2843 paulo
1418 2762 1617 2824 constantinii
1638 2759 1737 2841 incepi

387 2848 512 2909 ambitus
545 2848 686 2910 luminum
721 2851 842 2929 punctis
874 2850 1026 2930 excipere,
1067 2852 1233 2931 cujusmodi
1266 2851 1526 2930 compunctionum
1566 2868 1659 2929 usque
1696 2849 1736 2910 ad

387 2936 467 2998 luem
491 2936 590 3000 habeo
617 2935 666 2998 17.
712 2936 775 3001 Sed
803 2940 915 3001 nullam
947 2958 1002 3018 pro
1026 2940 1217 3002 dimetiendis
1240 2940 1380 3002 luminum
1404 2938 1559 3001 diametris
1587 2937 1735 3000 idoneam.

387 3022 550 3087 Exciderat
572 3025 651 3086 enim
675 3027 747 3088 mihi
771 3028 799 3088 in
824 3027 878 3089 illa
901 3029 1120 3106 trepidatione,
1156 3028 1182 3088 si
1205 3029 1252 3089 vel
1276 3047 1380 3106 parum
1407 3046 1539 3109 papyrus
1562 3046 1581 3086 a
1603 3043 1735 3104 perpen-

390 3113 481 3175 diculo
505 3114 585 3176 radii
608 3114 780 3190 inclinetur,
805 3135 929 3177 necesse
944 3135 1012 3179 esse
1036 3125 1071 3178 ut
1094 3116 1204 3178 circino
1219 3136 1257 3177 ex
1271 3124 1400 3196 quatuor
1412 3115 1531 3195 punctis
1555 3115 1643 3192 longe
1657 3112 1736 3174 aliae

388 3208 547 3282 sequantur
571 3202 720 3266 diametri.
767 3205 874 3285 Itaque
897 3224 962 3266 cum
987 3225 1041 3267 sex
1059 3205 1187 3266 habeam
1206 3204 1449 3284 consignationes
1463 3200 1735 3283 perpendiculares,

388 3288 427 3350 ita
448 3299 482 3352 ut
506 3290 682 3354 inclinarem
705 3311 852 3374 papyrum
875 3294 914 3354 ad
938 3295 1088 3357 oculorum
1108 3292 1253 3373 judicium
1272 3293 1338 3371 jani
1352 3293 1420 3372 plus
1439 3291 1506 3370 jam
1520 3291 1634 3352 minus:
1658 3308 1735 3369 qua-

387 3387 449 3439 tuor
471 3398 511 3440 ex
536 3380 597 3441 illis
625 3380 760 3442 indicunt
782 3381 899 3443 Lunam
931 3380 1088 3457 minorem,
1123 3383 1200 3443 duae
1229 3381 1385 3460 aequalem
1408 3378 1484 3441 Soli.
1531 3376 1612 3447 Quia
1633 3386 1735 3438 tamen
1763 3407 1765 3412 ·

388 3467 504 3547 eclipsis
529 3468 651 3530 duravit
673 3470 791 3548 longius
815 3489 902 3550 qnam
926 3470 1026 3531 estin
1051 3470 1182 3546 calculo,
1213 3469 1302 3530 facile
1324 3468 1434 3548 colligo
1458 3467 1596 3530 altiorem
1619 3484 1736 3547 quoque

387 3555 474 3616 luisse
489 3557 624 3626 Lunam,
648 3565 738 3637 atque
761 3558 830 3620 inde
852 3577 955 3620 verum
979 3578 1063 3631 esse,
1087 3560 1167 3638 quod
1190 3557 1336 3619 diameter
1351 3556 1417 3635 ejus
1431 3554 1527 3618 minor
1550 3554 1735 3634 apparuerit.

388 3641 445 3705 Sed
468 3645 500 3706 in
525 3646 631 3725 digitis
654 3646 802 3725 ecliptieia
825 3645 913 3728 inque
937 3647 1133 3708 inclinatione
1156 3648 1196 3707 ad
1219 3645 1392 3707 verticalem
1417 3662 1520 3705 omues
1534 3641 1735 3704 consentiunt.

387 3730 533 3815 Papyrurn
548 3733 627 3796 enim
646 3735 920 3815 perpendicularem
942 3736 1033 3815 plano
1052 3735 1120 3798 leci.
1152 3734 1232 3798 Nam
1247 3733 1397 3814 quadrans
1421 3732 1492 3793 mihi
1514 3738 1638 3810 propter
1659 3728 1736 3791 titu-

386 3818 534 3883 bationem
556 3841 697 3884 manuum
722 3830 789 3885 erat
812 3822 936 3885 inutilis.
970 3822 1033 3886 Sed
1054 3824 1093 3884 ad
1117 3823 1239 3902 digitos.
1270 3822 1355 3883 liora
1372 3818 1412 3882 12
1425 3820 1516 3898 paulo
1539 3827 1625 3897 posta
1649 3823 1737 3878 erant

385 3908 468 3989 digiti
491 3907 524 3972 6.
571 3910 639 3973 Uno
672 3911 839 3991 quadrante
870 3919 942 3992 post
974 3911 1060 3991 digiti
1092 3907 1133 3987 43
1166 3910 1275 3973 exinde
1298 3904 1328 3973 3.
1354 3905 1425 3983 45’;
1455 3905 1486 3969 3.
1510 3903 1581 3981 24’;
1613 3901 1645 3966 3.
1667 3900 1733 4004 ιδ’,

386 3995 503 4059 dimidia
525 3998 623 4078 prima
649 3999 679 4061 1.
702 3995 776 4074 40’,
798 4009 870 4079 post
896 3999 924 4063 1.
940 3997 1004 4063 24’.
1050 4000 1101 4063 Ab
1124 4018 1160 4061 eo
1183 4007 1317 4077 ternpore
1341 4016 1409 4059 cum
1432 3991 1735 4056 videreturinchne-

385 4084 422 4146 tio
444 4088 610 4149 admodum
633 4087 793 4162 mirabilis,
827 4088 999 4150 existimavi
1023 4090 1148 4151 multum
1171 4088 1300 4161 reterre,
1331 4092 1364 4146 ut
1390 4082 1545 4146 inclinatio
1568 4087 1653 4142 certa
1674 4079 1734 4140 ha-

385 4170 493 4238 beatnr.
541 4176 649 4257 ltaque
677 4176 782 4256 excepi
818 4174 858 4241 10
888 4177 990 4240 radios
1023 4176 1053 4237 in
1083 4177 1175 4257 plano
1207 4175 1371 4252 oblongos,
1408 4170 1523 4233 notatis
1554 4167 1674 4248 punctis
1697 4185 1736 4230 ex

387 4279 440 4341 qua
459 4270 552 4344 parte
584 4264 746 4327 deficiebat
773 4265 892 4328 radius:
927 4265 971 4327 sic
1002 4264 1080 4326 enim
1108 4263 1320 4326 existimabam
1352 4260 1429 4324 radii
1459 4256 1678 4337 projectionem.
1705 4255 1735 4318 in

385 4347 497 4433 longum
521 4351 724 4415 infallibiliter
745 4361 852 4415 notare
875 4354 1018 4416 circulum
1042 4353 1228 4422 verticalem‚
1251 4358 1286 4413 ut
1308 4357 1341 4410 et
1362 4348 1498 4428 superius
1517 4343 1624 4427 papyri
1647 4362 1734 4407 erec-

385 4439 487 4503 tionem
511 4441 764 4521 superplenum,
805 4442 942 4522 quamvis
972 4461 1031 4503 non
1060 4441 1105 4503 ita
1131 4448 1225 4504 certe.
1272 4439 1338 4499 Hoc
1369 4443 1460 4516 pacto
1491 4432 1658 4495 insidiabar
1683 4432 1734 4535 lini

387 4528 543 4609 eclipseos:
569 4549 656 4611 quem
680 4530 729 4592 hic
753 4530 878 4603 (ceteris
892 4527 913 4592 9
927 4530 1091 4592 schematis
1115 4530 1196 4592 intra
1218 4545 1307 4590 unum
1330 4525 1423 4587 horae
1446 4521 1643 4603 quadrantem
1656 4539 1733 4581 rurs-

385 4614 434 4691 re)
455 4636 494 4681 ex
517 4619 586 4699 ipso
607 4637 725 4701 papyro
748 4618 802 4681 tibi
827 4628 1013 4700 transpungo
1036 4618 1132 4681 tribus
1155 4615 1286 4697 punctis.
1324 4613 1355 4676 A
1377 4631 1455 4694 apex
1470 4609 1560 4685 radii,
1570 4606 1603 4683 *)
1627 4607 1731 4690 quiin

391 4765 454 4781 *-·-.

460 4859 485 4925 ⁸)
503 4862 693 4914 Delinearimua
720 4862 767 4914 hoc
797 4870 824 4914 et
847 4864 979 4930 sequentia
1000 4862 1132 4915 schemata
1154 4860 1187 4913 ad
1210 4860 1299 4911 eadem
1314 4856 1417 4921 Kepieri
1442 4856 1496 4906 rudi
1519 4866 1595 4904 maun
1620 4850 1727 4916 depicta

384 4925 493 4984 Nasamon
510 4934 596 4986 lineae
618 4933 664 4983 AB
682 4933 813 4998 adscripsit
832 4932 994 4993 Matreium,
1013 4935 1122 4985 addens:
1145 4947 1204 4997 ergo
1224 4930 1269 4980 AB
1289 4925 1356 4987 2³9,
1379 4926 1424 4977 CD
1438 4926 1548 5009 aequalis
1560 4923 1606 4987 lpsi
1630 4921 1671 4971 m·
1684 4917 1727 4971 29.

383 5001 473 5141 {aa
476 5003 606 5056 Masathat
625 5010 757 5071 requenter
773 5004 871 5064 literar,
901 5005 989 5073 quibm
1009 5006 1051 5058 llle
1073 5004 1169 5058 addidit
1184 5003 1314 5054 schemata
1335 5000 1476 5052 scematim
1496 4995 1638 5049 damaeta.
1663 4991 1727 5044 haec

451 5163 539 5213 temere
553 5165 632 5214 opera.
652 5164 680 5203 11.
975 5123 977 5127 Ι
1496 5153 1513 5204 2
