4584 6192
469 619 534 686 228
938 616 1129 681 Paralipomona
1147 616 1172 664 in
1191 613 1359 666 Vitellionem.

470 806 561 879 caput
584 797 726 859 musculis
750 793 888 871 oblongis
912 793 1081 853 vestiuntur
1106 801 1137 851 et
1160 810 1302 869 processu
1325 812 1377 852 seu
1401 794 1499 854 canali
1524 794 1651 872 quodam
1678 794 1771 872 longo
1797 793 1827 854 in

470 888 623 949 cerebrum
646 885 828 965 pertingunt.
876 882 918 943 Ut
942 889 1042 941 autem
1066 881 1156 940 etiam
1181 881 1322 941 anteriori
1356 892 1452 958 parte,
1487 901 1546 961 qua
1569 901 1626 943 non
1652 890 1828 944 atteruntur

469 985 559 1044 motu,
585 975 622 1035 ad
646 983 750 1053 partes
775 971 861 1032 faciei
886 969 1035 1049 sphaerici
1059 977 1170 1041 essent,
1196 969 1238 1030 sic
1264 970 1416 1048 postulare
1435 970 1595 1032 videbatur
1610 970 1827 1050 palpebrarum

470 1064 647 1127 necessitas.
696 1063 774 1123 Nam
805 1060 871 1139 quia
906 1059 1094 1137 perspicuum
1124 1077 1191 1117 esse
1227 1058 1343 1118 oculum
1374 1059 1521 1137 oportuit,
1554 1060 1604 1121 vix
1634 1061 1664 1121 id
1694 1061 1828 1121 obtineri

469 1160 591 1234 poterat
614 1153 643 1213 in
666 1150 808 1220 membro,
829 1149 906 1227 quod
930 1156 1073 1226 perpetuo
1098 1165 1163 1207 curu
1188 1147 1324 1207 universo
1348 1166 1471 1225 corpore
1495 1149 1619 1223 caleret,
1645 1150 1715 1228 quin
1737 1149 1827 1211 iden·

470 1243 563 1304 tidem
588 1242 735 1301 lacrumae
760 1247 791 1298 et
814 1244 865 1297 abr
890 1236 918 1296 in
944 1255 1050 1314 aquarn
1076 1236 1223 1295 resolutus
1248 1246 1279 1296 et
1294 1236 1426 1297 exterius
1446 1237 1677 1312 adhaerescens,
1704 1248 1737 1298 et
1755 1237 1826 1318 pul-

469 1330 576 1392 visculi
599 1329 776 1389 advolantes
805 1335 1048 1403 emergerentur,
1077 1332 1167 1402 atque
1197 1323 1286 1384 etiam
1317 1326 1419 1385 oculus
1453 1326 1693 1401 humectaretur,
1730 1327 1827 1388 sicubi

470 1419 578 1481 siccior
602 1426 633 1479 et
657 1418 764 1477 scaber
788 1423 871 1475 esset
895 1433 1048 1473 evasurus.
1096 1414 1180 1474 Haec
1205 1414 1304 1473 omnia
1328 1422 1485 1491 praestare
1518 1415 1637 1491 videtur
1668 1416 1826 1495 palpebra,

471 1508 548 1587 quod
573 1507 762 1568 manifestum
787 1513 835 1563 est
858 1504 886 1563 in
911 1502 1157 1563 lacrumantibus.
1205 1502 1320 1562 Eadem
1343 1503 1489 1582 palpebra
1519 1504 1606 1564 simul
1638 1512 1670 1565 et
1703 1505 1826 1583 tegendi

471 1596 599 1657 cilicium
624 1602 671 1654 est
695 1602 794 1665 nacta,
819 1611 885 1652 cum
909 1590 1071 1669 periculum
1095 1590 1230 1650 imminet
1255 1598 1308 1651 aut
1331 1611 1396 1651 cunr
1421 1611 1543 1653 somnus
1564 1593 1690 1673 obrepit,
1717 1603 1828 1655 natura

470 1692 625 1745 avertente
650 1683 740 1744 etiam
764 1681 938 1750 occasiones
964 1679 1171 1761 periculorum,
1198 1698 1273 1758 quae
1297 1680 1493 1740 imminebant
1508 1682 1620 1761 apertis
1636 1682 1731 1743 oculis
1754 1683 1826 1743 dor-

470 1774 579 1833 miente
605 1773 732 1833 homine.
778 1772 879 1848 Atque
904 1768 932 1828 in
957 1769 1034 1828 hunc
1059 1768 1239 1828 extersionis
1264 1769 1350 1828 tinem
1375 1769 1498 1830 interior
1528 1771 1692 1849 palpebrae
1723 1772 1828 1833 tunica

470 1863 661 1922 membranea
694 1869 743 1919 est
770 1868 801 1918 et
833 1857 942 1930 mollis,
976 1857 1167 1935 ejusdemque
1200 1876 1266 1916 curn
1295 1857 1347 1917 illa
1379 1859 1482 1918 tunica
1515 1860 1705 1920 substantiae
1736 1879 1826 1940 qnam

471 1951 619 2027 extergit,
645 1968 732 2009 arcus
756 1966 826 2007 vero
851 1946 880 2006 in
906 1946 1009 2019 limbo,
1042 1952 1143 2006 tarsus
1168 1945 1282 2018 dictus,
1316 1955 1396 2017 teres
1421 1957 1452 2006 et
1475 1948 1664 2010 duriusculae
1689 1950 1826 2010 internae

470 2038 673 2110 substantiae,
704 2046 737 2098 ut
768 2045 838 2096 snnt
870 2036 969 2095 omnia
1006 2033 1223 2111 cartilaginea3
1261 2035 1400 2096 cedentia
1432 2037 1460 2096 in
1495 2036 1637 2097 sensibile
1671 2038 1826 2118 quippiam

470 2146 585 2189 summa
613 2125 781 2205 superficie,
807 2123 980 2184 resistentia
1013 2141 1083 2183 vero
1116 2123 1184 2201 ipsa
1212 2123 1289 2183 mole
1319 2124 1451 2203 corporis
1483 2134 1513 2185 et
1542 2125 1651 2187 duritie
1684 2128 1824 2188 densata.

470 2217 587 2288 Iram,
613 2225 645 2276 ut
670 2214 842 2276 membrana
866 2213 1001 2291 superior
1025 2213 1179 2289 corrugari
1204 2222 1330 2290 appetat
1352 2214 1552 2292 tendaturqnc
1575 2216 1665 2293 globo
1681 2216 1771 2289 oculi,
1796 2223 1828 2277 et

471 2305 591 2367 sublato
625 2312 706 2365 tarso
736 2303 764 2362 in
799 2322 830 2363 se
864 2310 970 2374 coeat,
1005 2301 1148 2378 depresso
1180 2319 1248 2361 vero
1281 2310 1377 2374 tarso,
1409 2303 1546 2381 nuspiam
1580 2326 1598 2363 a
1626 2305 1717 2382 globo
1748 2304 1825 2365 oculi

471 2394 619 2465 dehiscat,
645 2412 701 2453 non
726 2410 783 2451 uno
809 2392 873 2451 loco
898 2392 964 2468 plus
988 2390 1131 2451 tendatur
1155 2408 1243 2468 quam
1267 2391 1341 2464 alio,
1376 2411 1441 2451 cunr
1465 2412 1540 2452 unus
1564 2393 1605 2453 sit
1628 2393 1724 2454 totius
1749 2394 1826 2455 tarsi

468 2491 578 2544 motus.
612 2482 668 2542 llic
689 2481 778 2559 igitur
798 2488 897 2540 tarsus
922 2479 1031 2557 aperiri
1056 2488 1088 2538 et
1111 2478 1211 2538 claudi
1233 2478 1283 2538 vix
1312 2480 1401 2540 aliter
1432 2481 1531 2558 potuit
1559 2481 1624 2542 sine
1649 2482 1827 2544 fatiscentia

472 2581 593 2632 etcum
618 2570 758 2630 inferiore
783 2577 866 2629 tarso
891 2569 972 2629 socio
997 2587 1049 2628 suo
1074 2568 1161 2640 uniri,
1188 2587 1275 2646 quam
1299 2568 1324 2628 si
1349 2570 1455 2646 globus
1480 2570 1556 2631 oculi
1581 2578 1664 2632 esset
1685 2573 1825 2650 sphaeri-

470 2679 531 2733 cus,
556 2659 612 2738 ipsi
638 2677 708 2719 vero
733 2658 807 2719 tarsi
832 2677 918 2719 arcus
944 2656 1190 2728 semicirculares,
1217 2666 1340 2735 utroque
1357 2659 1493 2733 termino,
1518 2668 1661 2739 tanquam
1678 2660 1708 2721 in
1729 2679 1825 2741 oppo-

470 2748 537 2810 sitis
562 2748 642 2828 globi
667 2747 744 2829 polis
769 2747 861 2807 affixi.
909 2745 957 2805 Ex
980 2746 1035 2805 hoc
1061 2746 1152 2805 etiam
1177 2746 1416 2807 machinamento
1441 2748 1501 2808 bini
1526 2748 1554 2808 in
1580 2749 1715 2828 quolibet
1740 2750 1825 2811 oculo

470 2837 652 2899 exstiterunt
689 2835 808 2913 anguli,
848 2854 920 2914 qnos
958 2835 1084 2895 canthos
1122 2853 1175 2893 seu
1209 2834 1330 2912 hirquos
1363 2836 1527 2914 appellant.
1576 2835 1711 2907 Quorum
1745 2840 1825 2900 linea

470 2925 634 2987 distantiae
660 2944 711 2986 cur
734 2926 764 2985 in
789 2924 964 2984 distantiam
988 2923 1123 2983 binorum
1139 2922 1291 2983 oculorum
1311 2934 1506 3003 competeret,
1533 2926 1643 2987 dictum
1669 2936 1717 2987 est
1733 2946 1825 3006 supra

468 3015 568 3095 capite
584 3016 637 3087 ΙΙΙ,
664 3033 769 3091 nempe
793 3023 826 3073 ut
849 3014 1070 3073 aemularentur
1089 3010 1166 3072 oculi
1190 3031 1255 3071 curn
1271 3013 1380 3091 singuli
1399 3022 1461 3075 tum
1475 3014 1573 3091 juncti
1593 3023 1723 3077 tractum
1741 3016 1824 3077 hori-

468 3105 565 3166 zontis
595 3102 732 3164 visibilis.
769 3103 870 3180 Atque
895 3110 928 3161 ut
952 3102 981 3162 id
1004 3102 1066 3161 fieri
1090 3109 1195 3179 posset
1219 3109 1250 3160 et
1273 3102 1437 3179 amplitudo
1462 3104 1587 3164 visionis
1611 3104 1689 3166 hanc
1714 3104 1824 3166 lineam

470 3202 661 3273 sequeretur,
693 3210 842 3252 cameram
876 3190 952 3250 oculi
989 3191 1116 3250 frontem
1150 3189 1228 3249 inter
1265 3191 1486 3254 etmaxillam
1525 3193 1659 3255 nonnihil
1697 3193 1824 3274 deprimi

470 3283 611 3362 oportuit,
638 3301 674 3341 ne
700 3281 769 3359 quid
793 3278 854 3340 illic
877 3279 1025 3340 obstaret.
1073 3279 1106 3338 ld
1132 3278 1250 3357 quidem
1284 3281 1363 3358 apud
1387 3301 1492 3342 nasum
1525 3301 1649 3344 necesse
1673 3304 1734 3344 non
1759 3284 1823 3355 tuit,

469 3372 571 3451 potins
596 3373 706 3431 vallum
731 3388 768 3429 ex
787 3388 860 3429 naso
881 3369 943 3429 fieri
963 3367 1104 3446 oportuit,
1130 3387 1167 3427 ne
1183 3369 1415 3431 confunderetur
1430 3371 1511 3431 visus
1526 3373 1680 3452 utriusque
1695 3366 1824 3444 oculi.*)

468 3460 536 3521 Duo
562 3459 679 3539 quidem
703 3466 858 3537 praestare
883 3458 1001 3518 videtur
1025 3458 1135 3517 vallum
1160 3457 1228 3528 hoc,
1259 3476 1357 3531 unum,
1382 3459 1458 3537 quod
1485 3461 1610 3521 alterius
1639 3461 1716 3522 oculi
1749 3480 1822 3521 con·

471 3557 605 3626 spectum
632 3548 719 3609 alteri
744 3546 840 3624 eripit,
874 3566 910 3606 ne
935 3556 1034 3606 mutuo
1060 3547 1219 3624 splendore
1244 3568 1262 3607 a
1287 3548 1561 3625 repercussionibus
1585 3560 1650 3612 orto
1676 3570 1823 3611 occaeca-

470 3646 592 3698 rentur:
624 3638 763 3703 alterum,
790 3638 867 3715 quod
893 3636 1051 3696 altitudine
1077 3654 1130 3694 sua
1156 3635 1311 3695 terminum
1336 3638 1516 3713 praescribit
1540 3638 1823 3718 appropinquationi

469 3746 567 3788 rernm
591 3726 762 3787 visibilium.
811 3723 898 3794 Quod
923 3744 992 3784 vero
1017 3724 1065 3783 nni
1091 3724 1176 3783 oculo
1199 3742 1252 3801 per
1276 3744 1381 3785 nasum
1405 3727 1558 3788 ademtum
1583 3738 1643 3801 est,
1680 3729 1710 3788 id
1744 3729 1822 3790 alter

471 3817 574 3877 oculus
612 3823 798 3894 compensat.
846 3815 963 3876 Natura
996 3813 1073 3873 enim
1106 3812 1320 3889 perfectionem
1349 3815 1431 3875 visus
1464 3816 1622 3877 constituit
1652 3817 1682 3879 in
1707 3818 1822 3879 duobus

470 3905 574 3967 oculis.
621 3904 800 3983 Ilnjusmodi
835 3903 911 3963 duae
943 3903 1020 3962 aliae
1054 3902 1149 3961 valles
1184 3921 1201 3959 a
1232 3922 1352 3962 camera
1383 3904 1461 3965 oculi
1492 3906 1630 3966 deorsum
1654 3907 1824 3969 concedunt

470 3995 549 4056 inter
573 3995 713 4055 maxillas
739 4002 771 4053 et
793 4012 907 4065 nasum,
933 4000 967 4051 ut
990 3991 1083 4051 oculis
1108 3997 1257 4069 paterent,
1284 4011 1358 4070 quae
1383 4004 1453 4055 sunt
1477 3996 1520 4055 ori
1545 3996 1723 4074 etpedibus
1751 4013 1823 4074 pro-

469 4084 561 4146 xima.
610 4082 661 4145 Sic
693 4092 791 4143 motus
829 4091 860 4141 et
892 4082 990 4141 victos
1028 4080 1194 4140 necessitas
1231 4080 1411 4158 requirebat.
1460 4076 1580 4145 Frontis
1616 4104 1687 4145 vero
1727 4086 1824 4145 fornix

470 4172 597 4234 uroxime
622 4173 798 4250 protuberat
822 4171 859 4230 ad
884 4169 1099 4233 excludendam
1124 4168 1200 4229 coeli
1223 4168 1327 4240 lucem,
1353 4190 1410 4249 qua
1425 4172 1556 4236 visibilia
1572 4173 1822 4252 opprimerentur.

425 4265 436 4283 ⁸
467 4261 634 4338 Propterea
658 4262 763 4340 quibus
788 4260 913 4319 claritas
938 4258 1011 4318 lueis
1036 4258 1165 4318 molesta
1189 4267 1244 4329 est,
1273 4259 1400 4320 frontem
1425 4272 1587 4341 corrugant
1611 4272 1643 4323 et
1656 4264 1771 4324 vallum
1794 4262 1825 4322 id

467 4349 505 4409 ad
530 4351 632 4411 oculos
656 4350 777 4431 propios
802 4350 961 4408 deducunt.
1010 4345 1088 4405 Sunt
1112 4347 1174 4407 fere
1199 4346 1227 4405 in
1254 4349 1378 4408 eundern
1403 4370 1488 4411 usum
1513 4360 1544 4411 et
1567 4352 1636 4412 cilia
1660 4359 1691 4412 et
1715 4370 1822 4431 super-

467 4437 545 4499 cilia.
593 4440 661 4499 Lux
685 4439 762 4498 enirn
786 4457 839 4516 per
859 4438 911 4497 illa
935 4437 1066 4496 demissa
1096 4455 1153 4495 non
1178 4434 1276 4495 subito
1300 4438 1389 4513 pleno
1413 4440 1497 4499 radio
1523 4442 1594 4501 ferit
1617 4442 1737 4515 oculos,
1771 4440 1825 4502 sed

466 4527 576 4606 partim
601 4527 676 4589 ciliis
701 4528 887 4596 obscuratur,
912 4525 1046 4605 oculique
1072 4525 1145 4584 lucis
1170 4526 1437 4605 appropinquantis
1461 4548 1515 4608 per
1539 4530 1674 4591 ciliorum
1697 4530 1823 4592 rimulas

468 4720 617 4730 -..-.....
632 4721 692 4730 ...w
743 4721 760 4726 ..
780 4722 784 4726 .

554 4838 579 4903 ⁸)
601 4842 661 4894 Hoc
681 4848 774 4895 tamen
796 4840 831 4892 ab
853 4838 894 4902 lis,
918 4839 962 4908 qui
984 4845 1080 4891 trunco
1102 4853 1170 4889 naso
1192 4846 1293 4901 essent,
1317 4846 1450 4911 negatum
1472 4839 1512 4895 ait
1526 4842 1677 4903 Jessenius.
1711 4845 1825 4921 Regero

466 4936 519 4993 ego
541 4920 676 4983 Jessenio,
699 4938 752 4974 non
774 4937 834 4973 esse
856 4919 1011 4980 verisimile,
1034 4916 1159 4985 cuiquam
1181 4919 1319 4973 hominum
1340 4928 1469 4974 truncato
1492 4939 1561 4976 naso
1583 4933 1743 4982 truncatum
1762 4948 1825 4996 esse

466 5008 496 5055 et
515 5002 541 5054 id
563 5001 666 5053 vallum
689 5002 761 5054 inter
782 5000 874 5053 oculos
897 4999 1002 5051 illaesis
1018 4997 1122 5056 oculis;
1145 5015 1242 5067 neque,
1266 5000 1289 5051 si
1304 5001 1407 5055 facturn
1422 5009 1505 5066 esset,
1529 5004 1652 5061 firtonum
1666 5008 1753 5064 talem
1767 5016 1826 5064 tam

466 5080 554 5134 atroci
580 5081 694 5135 vulnere
725 5080 910 5150 superstitem.
957 5079 1054 5131 Testes
1083 5093 1151 5147 ergo
1180 5085 1277 5131 contra
1303 5081 1374 5134 hanc
1404 5091 1527 5139 mutuam
1558 5088 1699 5144 oculorum
1729 5107 1826 5161 repar.

467 5162 622 5217 mastonem
642 5161 765 5216 futuram
786 5158 897 5215 adducit
917 5176 972 5212 uon
993 5158 1114 5212 idoneos.
