4584 6192
887 666 888 672 ,
950 619 1032 683 capa
1052 618 1140 670 xxm.
1653 620 1719 690 709

372 804 404 856 et
419 796 529 858 Martis
552 796 668 870 recidit,
693 804 724 858 et
739 798 822 857 Mars
842 796 940 857 medio
957 806 1038 857 motu
1062 795 1265 876 superioribus
1289 797 1455 876 conjunctis
1474 818 1562 880 quam
1584 803 1719 881 proxime

371 885 534 948 coincidit:
567 887 634 968 ipsa
663 896 762 948 tamen
791 905 864 946 vera
893 886 1063 965 conjunctio
1088 884 1210 968 Saturni
1235 894 1266 945 et
1287 884 1374 947 Juvis
1404 887 1581 968 anticipavit
1612 892 1718 967 locum,
1760 903 1763 907 ’

369 983 405 1035 ut
429 983 461 1035 et
483 976 537 1038 illa
560 984 681 1038 nostrae
706 976 816 1037 aetatis
841 993 918 1035 anno
945 972 1041 1043 1583.
1066 993 1141 1055 quae
1165 973 1208 1035 illi
1233 973 1357 1035 similior
1379 984 1428 1037 est
1450 996 1539 1057 quam
1566 987 1720 1059 postrema
1824 976 1827 985 '

371 1064 443 1126 anni
473 1060 566 1128 1603.
612 1067 701 1127 Anno
724 1064 816 1144 igitur
839 1061 892 1127 39.
915 1062 1035 1126 Juliano
1060 1064 1116 1124 sub
1139 1062 1235 1144 ipsam
1265 1081 1405 1141 magnam
1433 1061 1669 1145 conjunctionem
1692 1069 1719 1133 si

371 1152 464 1213 stella
487 1153 539 1216 illa
562 1175 622 1217 nna
644 1162 823 1216 ortaestet
841 1153 951 1233 inipso
976 1153 1094 1234 quidem
1117 1151 1333 1232 conjunctionis
1357 1154 1422 1216 loco
1446 1156 1539 1234 (quod
1563 1159 1719 1221 credamus

370 1240 506 1315 interim)
529 1245 654 1322 primurn
669 1244 772 1304 fulsit:
796 1242 897 1323 utique
913 1240 1083 1305 Chaldaeos
1098 1261 1135 1303 ex
1154 1242 1284 1321 ipsorum
1303 1243 1414 1321 regulis
1433 1242 1578 1324 hodieque
1593 1257 1719 1310 exstan-

369 1330 453 1393 tibus
477 1333 514 1393 de
537 1333 674 1396 maximis
704 1334 792 1393 rebus
822 1342 855 1392 et
881 1333 975 1393 totius
1004 1331 1103 1392 mundi
1136 1330 1329 1392 renovatione
1362 1331 1524 1394 universali
1556 1336 1719 1400 admonuit.

370 1420 475 1482 Abeat
498 1421 562 1501 jam
584 1421 733 1483 biennium
762 1421 847 1494 illud,
873 1441 891 1480 a
915 1440 972 1500 quo
996 1428 1130 1500 tempore
1154 1420 1290 1480 Herodes
1320 1419 1451 1481 infantes
1474 1421 1720 1487 Bethleemiticos

371 1509 552 1588 conquisivit
576 1513 613 1571 ad
638 1530 749 1584 necem,
774 1519 939 1589 exactoque
962 1509 1081 1570 biennio
1105 1508 1228 1570 veniant
1249 1508 1333 1588 Magi
1356 1508 1548 1572 inJudaeam
1571 1513 1610 1574 ad
1633 1514 1718 1575 iucu-

370 1598 482 1660 nabnla
505 1597 629 1662 Christi.
675 1600 797 1661 Fuisset
819 1598 911 1679 igitur
931 1598 963 1660 id
987 1617 1065 1659 anno
1087 1595 1138 1661 lt.
1163 1596 1294 1658 Juliaoo.
1341 1598 1358 1659 Ι
1381 1616 1457 1660 nnnc
1480 1600 1617 1681 etlege,
1642 1620 1718 1681 quae

370 1687 409 1747 de
433 1687 548 1750 ratione
572 1698 737 1768 temporum
760 1688 983 1750 Laurentius
1006 1687 1174 1769 S'uslyga
1203 1686 1367 1747 Polonus
1395 1687 1572 1769 disputavit,
1597 1688 1728 1753 Graecii'

370 1774 493 1858 Styriae
517 1778 609 1851 edita,
626 1775 668 1851 ⁸¹)
699 1778 882 1856 argumentis
905 1796 942 1838 ex
965 1777 1158 1839 historiarum
1184 1775 1242 1836 fide
1274 1776 1534 1855 ponderosissimis
1562 1779 1637 1852 (etsi
1660 1799 1718 1861 quo

371 1867 438 1928 luco
461 1865 498 1926 de
525 1868 676 1947 passionis
706 1886 783 1928 anuo
815 1866 1011 1928 disserentem
1045 1866 1119 1945 legit
1141 1864 1313 1952 Kepplerus
1345 1872 1534 1928 astronomus
1544 1871 1557 1941 ,¹
1586 1867 1719 1949 projecto

369 1955 448 2016 libro
471 1955 645 2036 calamoque
669 1956 944 2018 stomachabundus
968 1975 1036 2016 sese
1058 1954 1204 2035 proripuit
1228 1956 1265 2015 de
1289 1953 1427 2027 tabula):
1451 1974 1615 2036 persuasus
1638 1958 1720 2020 dices

369 2044 505 2112 omnino,
539 2043 691 2107 Christum
719 2045 876 2107 Dominum
909 2053 1011 2106 uatum
1044 2063 1111 2105 esse
1144 2062 1222 2104 auno
1253 2062 1310 2104 non
1338 2039 1392 2106 45.
1425 2045 1479 2118 sed
1503 2041 1554 2109 tl.
1576 2039 1718 2108 ¹Juliaho:

369 2134 473 2210 itaque
497 2136 631 2206 stellam,
661 2154 737 2215 quae
761 2134 879 2195 biennio
904 2143 972 2212 apte
996 2134 1111 2212 fulgere
1135 2141 1290 2210 coeperat,
1324 2132 1483 2195 incurrisse
1506 2135 1537 2197 in
1561 2136 1719 2198 articulum

371 2222 590 2300 conjunctionis
623 2225 769 2284 maximae
803 2221 941 2295 Saturni,
973 2222 1062 2284 Jovis
1095 2232 1126 2281 et
1158 2221 1269 2283 Martis
1302 2240 1379 2282 anno
1404 2219 1456 2286 39.
1486 2221 1628 2287 Juliaho:
1662 2215 1719 2305 q'uo

370 2312 489 2371 nomine
515 2312 612 2386 luerit,
637 2313 680 2373 nti
705 2312 827 2383 dictum,
851 2311 918 2373 huic
939 2311 1098 2373 modernae
1122 2310 1282 2371 simillima.
1321 2308 1454 2391 Cumque
1478 2311 1620 2376 divinitus
1644 2313 1720 2375 haec

370 2400 463 2461 stella
485 2400 586 2480 Magis
611 2402 700 2463 luerit
730 2400 879 2476 exhibita,
912 2401 999 2462 iidem
1024 2401 1098 2461 lacit
1120 2399 1227 2478 igitur,
1251 2401 1346 2461 Deum
1370 2400 1468 2480 ipsum
1490 2401 1538 2462 his
1561 2402 1719 2483 Magorum

370 2490 485 2568 regulis
509 2510 576 2552 sese
598 2491 748 2569 tantisper
770 2490 1023 2564 accommodasse,
1046 2496 1082 2550 ut
1099 2489 1221 2550 stellam
1242 2507 1278 2549 eo
1297 2495 1431 2569 tempore
1454 2485 1637 2566 iucehderet,
1662 2510 1719 2573 quo

369 2586 505 2660 ternpore
529 2580 612 2659 Magi
642 2580 762 2641 stellam
792 2579 980 2659 potissimum
1009 2578 1228 2657 exspectabant
1235 2597 1245 2652 ;
1278 2578 1379 2639 forsan
1408 2578 1515 2653 etiarn,
1547 2581 1629 2661 quod·
1649 2590 1720 2642 ante

372 2667 501 2740 dictum,
527 2689 561 2730 eo
588 2670 651 2730 loco
675 2669 852 2743 collocaret,
882 2669 921 2729 ad
945 2686 1031 2747 quem
1055 2668 1153 2728 locum
1188 2667 1376 2747 potissimum
1398 2667 1556 2748 Magorum
1579 2670 1658 2731 oculi
1681 2669 1719 2731 ob

370 2757 481 2818 trinum
511 2759 700 2838 planetarum
729 2776 921 2838 congressum
954 2757 1177 2837 dirigebantur;
1211 2756 1289 2836 quod
1312 2756 1342 2818 iu
1366 2756 1423 2819 hac
1447 2766 1551 2820 nostra
1578 2759 1720 2836 moderna

371 2846 464 2908 stella
488 2846 591 2928 itidem
615 2848 737 2908 lactum.
1410 2891 1412 2896 ·

459 2934 698 2998 Accommodant
720 2955 788 2996 sese
810 2934 879 2995 hnic
911 2934 1079 2995 sententiae
1104 2932 1165 2993 alia
1195 2932 1285 2994 etiam
1309 2952 1347 2995 ex
1373 2933 1519 3012 penitiori·
1545 2935 1718 3014 theologia:

369 3032 405 3085 nt
429 3025 507 3105 quod
530 3026 613 3086 Dens
637 3045 690 3105 per
719 3025 883 3106 prophetas
913 3041 979 3084 cum
1010 3021 1177 3084 hominibus
1206 3022 1336 3101 loquitur
1359 3023 1397 3085 de
1418 3024 1517 3086 rebus·
1531 3024 1719 3087 naturalibus

371 3121 403 3174 et
427 3114 463 3174 de
487 3115 602 3177 artibus
630 3115 687 3186 ita,
716 3115 758 3175 uti
789 3112 925 3175 homiues
947 3113 991 3173 illi
1015 3110 1152 3191 capiunt,
1178 3110 1255 3190 quod
1278 3112 1308 3173 in
1332 3111 1408 3174 libro
1431 3112 1512 3187 lobi,
1536 3114 1666 3176 Psalmis
1689 3121 1721 3175 et

370 3202 532 3282 Prophetis
557 3214 701 3284 apparet:
726 3203 804 3283 quod
827 3195 950 3262 sauctus
965 3201 1095 3281 Spiritus
1117 3219 1175 3260 nou
1199 3219 1278 3261 nova
1292 3208 1325 3262 et
1339 3202 1474 3275 coelesti,
1497 3203 1550 3264 sed
1564 3203 1717 3265 nationum

369 3290 480 3371 linguis
504 3289 669 3354 doctrinam
698 3292 805 3354 salutis
833 3292 988 3371 proposuit
1020 3307 1180 3368 earumque
1209 3289 1379 3368 cognitione
1402 3291 1570 3371 Apostolos
1592 3292 1716 3354 imbuit:

370 3381 451 3459 quod
473 3381 556 3443 Deus
580 3382 765 3444 Patriarchis
793 3381 924 3442 hnmana
954 3378 1143 3461 potissimum
1171 3378 1269 3440 forma
1301 3381 1457 3461 apparuit:
1491 3381 1619 3464 denique
1640 3380 1719 3461 quod

369 3468 429 3530 Dei
452 3470 546 3533 Filius
570 3471 667 3551 ipsam
694 3471 773 3532 hanc
805 3478 942 3536 naturam
973 3476 1106 3531 nostram
1139 3475 1235 3528 totam
1258 3477 1292 3530 et
1313 3470 1462 3547 integram
1485 3488 1552 3531 cum
1581 3470 1717 3531 omnibus

368 3560 603 3641 proprietatibus
619 3561 690 3634 suis,
715 3561 815 3622 demto
833 3568 968 3640 peccato,
994 3575 1119 3637 cumque
1134 3565 1200 3618 tota
1213 3556 1386 3621 interiorum
1410 3559 1586 3620 facultatum
1602 3558 1718 3619 animae

369 3647 634 3724 humanae‘serie‘,
669 3650 745 3710 unde
769 3668 884 3722 sermo,
914 3648 1017 3709 variae
1042 3646 1161 3726 linguae
1192 3664 1354 3727 omnesque
1384 3655 1466 3710 artes
1489 3655 1521 3709 et
1542 3646 1717 3726 disciplinae

369 3736 518 3799 humanae
541 3740 701 3820 profluunt,
727 3757 764 3800 ex
787 3746 871 3800 utero
896 3738 1004 3799 beatae
1023 3734 1159 3813 Virginis
1182 3733 1210 3794 in
1235 3736 1381 3797 unitatem
1402 3755 1549 3816 personae
1572 3734 1716 3816 suscepit.

369 3824 522 3889 Credibile
547 3834 594 3890 est
616 3828 715 3908 igitur,
740 3828 865 3888 eundem
888 3827 969 3889 illum
992 3822 1151 3886 Dominum
1174 3831 1206 3883 et
1227 3822 1324 3886 Deum
1347 3833 1496 3900 nostrum,
1520 3824 1604 3904 cnjus
1626 3832 1717 3887 tauta

369 3915 429 3977 fuit
451 3917 627 3992 delectatio,
661 3924 777 3979 tantum
801 3916 829 3976 in
860 3924 1013 3978 aeternum
1038 3912 1096 3973 erit
1127 3913 1335 3975 commercium
1358 3932 1425 3975 cum
1455 3914 1522 3987 liliis
1555 3913 1715 3990 homiuum,

367 4004 531 4068 etiamnum
564 4006 650 4068 hodie
683 4023 742 4067 uon
773 4006 861 4085 plane
892 4022 1012 4066 cessare
1036 4023 1054 4064 a
1076 4001 1198 4081 publica
1228 4001 1445 4082 significatione
1474 4022 1547 4065 suae
1570 4004 1608 4065 de
1631 4002 1717 4066 nobis

369 4114 481 4172 curae,
498 4115 641 4177 ,eamque
674 4093 919 4174 significationem
942 4092 971 4154 in
999 4110 1080 4166 nova
1105 4091 1203 4154 stella
1232 4092 1420 4173 propositam
1442 4092 1486 4155 sic
1509 4092 1665 4156 ordinasse
1686 4101 1718 4155 et

367 4184 551 4247 instruxisse
574 4204 628 4265 per
651 4183 880 4263 descriptionem
902 4180 1047 4259 temporis
1062 4188 1094 4242 et
1107 4180 1174 4254 loci,
1198 4188 1232 4244 ut
1246 4199 1305 4243 non
1326 4190 1433 4264 posset
1450 4201 1515 4256 uos,
1537 4183 1717 4264 praesertim

367 4274 508 4336 literatos
532 4281 564 4337 et
586 4275 755 4354 astrologos
780 4273 917 4352 (quorum
950 4268 1046 4331 diaria
1073 4269 1162 4331 hodie
1195 4289 1312 4342 omnes,
1346 4271 1438 4334 e'tiam
1460 4272 1566 4349 infimi,
1597 4272 1716 4353 legunt)

366 4363 418 4425 vel
443 4364 539 4426 latere
560 4365 609 4427 vel
632 4383 690 4427 uon
715 4379 901 4443 summopere
925 4363 1122 4423 commovere.

952 4582 1139 4597 ——-—=—=-—OE

893 4769 1013 4869 Caput
1038 4763 1198 4843 XXVII.

760 4930 907 4998 Remea
930 4931 1107 5013 positurum
1130 4927 1321 5012 opinionum

460 5077 530 5142 Jarn
545 5092 700 5158 coeperam
720 5074 831 5149 dicere,
855 5072 979 5155 primam
1003 5067 1225 5152 astrologorum
1247 5070 1429 5160 neumatiam
1444 5068 1573 5137 omnium
1595 5072 1714 5138 minime

369 5189 441 5233 esse
466 5167 619 5232 lerendam
636 5165 756 5229 'duobus
777 5163 967 5246 potissimum
989 5160 1183 5242 argumentis,
1207 5180 1282 5267 quae
1301 5162 1365 5245 jam
1389 5161 1555 5245 explicabo.
