4584 6192
1046 592 1128 674 capa
1148 596 1236 659 ffl-
1691 619 1693 623 ·
1750 586 1813 676 iti

467 783 506 845 ad
540 775 671 846 infinitas
705 787 922 866 astrologorum
954 785 1175 865 praedictiones
1207 806 1243 847 ex
1279 786 1396 865 trigono
1429 786 1516 866 igneo
1549 786 1724 850 desumtus:
1760 780 1826 854 aad

467 873 559 934 etiarn
582 875 654 953 quia
682 875 709 936 iu
740 876 934 955 sequentibus
971 874 1049 953 ignei
1079 876 1188 955 trigoni
1220 874 1535 937 circumstantiarum
1557 876 1649 938 stella
1675 876 1814 959 implica

467 962 566 1024 bitur:
590 975 623 1025 ut
647 964 725 1025 clare
749 972 864 1044 pateat,
889 982 948 1044 qun
970 973 1107 1045 respectu
1131 965 1161 1026 id
1184 965 1247 1039 fiat,
1272 964 1395 1044 etquid
1418 964 1555 1043 trigonus
1578 966 1682 1045 igneus
1705 987 1759 1048 per
1781 985 1814 1031 ss

466 1052 565 1131 possit
590 1053 696 1133 quidre
721 1073 740 1115 a
762 1054 852 1116 stella
882 1053 1059 1132 adjuvetur;
1091 1054 1217 1133 denique
1241 1063 1275 1115 ut
1292 1055 1345 1114 liat
1368 1053 1520 1133 separatio
1543 1069 1652 1130 eorum,
1678 1075 1754 1137 quae
1777 1075 1816 1120 ex

467 1141 687 1221 astrologorum
704 1143 833 1204 decretis
853 1142 1051 1222 conjunctioni
1071 1149 1198 1222 irruguus
1213 1143 1431 1216 adscribuntur,
1446 1143 1484 1204 ab
1499 1142 1546 1211 iis,
1563 1163 1639 1223 quae
1653 1146 1815 1227 astrologis
1915 1150 1918 1155 ’

467 1241 499 1291 et
523 1232 697 1294 nominatim
721 1232 859 1293 Fabricio
883 1251 950 1294 meo
974 1232 1040 1311 spei
1062 1245 1203 1294 metusve
1220 1242 1252 1294 et
1275 1233 1361 1293 varia
1382 1231 1567 1312 praejudicia
1590 1245 1814 1315 suggesseruut.

466 1319 547 1381 Nam
571 1323 732 1383 secundum
757 1321 902 1401 principia
926 1319 1001 1400 Cap.
1026 1316 1078 1383 26.
1104 1319 1157 1384 27.
1182 1332 1327 1401 usurpata
1349 1321 1431 1383 credi
1458 1329 1573 1402 potest,
1598 1322 1694 1386 Deum
1716 1325 1815 1405 ipsum

467 1409 599 1488 aliquam
622 1411 768 1471 rationem
793 1410 903 1472 habere
928 1427 1059 1483 eorum,
1076 1430 1152 1490 quae
1180 1410 1297 1473 sincera
1328 1419 1428 1472 mente
1452 1429 1489 1471 ex
1512 1411 1702 1491 astrologicis
1724 1410 1815 1493 prae*-
1902 1417 1907 1430 ‘

467 1497 565 1577 ceptis
589 1499 817 1578 depromuntur:
843 1501 1048 1585 utplurimum
1073 1500 1213 1579 expediat
1232 1521 1269 1585 ea
1286 1508 1470 1579 perpurgata
1490 1499 1603 1563 haberi.
1639 1501 1682 1563 Et
1704 1504 1815 1566 dictum

467 1588 586 1667 quidem
611 1598 658 1650 est
680 1590 823 1669 proximis
847 1589 997 1668 capitibus
1022 1588 1171 1668 etiamque
1195 1588 1223 1649 iu
1243 1588 1443 1669 superioribus
1467 1589 1605 1669 sparsim,
1631 1591 1815 1671 quidmatu-

456 1676 573 1756 ,cabrer
596 1678 624 1738 iu
650 1679 825 1741 facultatem
858 1677 938 1758 globi
963 1678 1090 1739 Telluris
1124 1697 1198 1752 eam,
1233 1697 1309 1757 quae
1340 1678 1481 1740 meteoris
1513 1688 1651 1758 praeest,
1684 1680 1816 1760 potnerit

466 1766 543 1827 haec
567 1768 736 1847 conjunctio
761 1766 901 1839 Saturni,
924 1766 1010 1829 Jovis
1035 1777 1066 1828 et
1088 1768 1216 1842 Martis,
1250 1786 1327 1846 quae
1348 1767 1433 1829 anuis
1460 1762 1554 1842 1603,
1582 1763 1677 1833 1604.
1700 1769 1816 1834 initium

468 1851 541 1916 ¹lecit
565 1856 682 1935 trigono
706 1858 803 1936 igneo.
850 1857 1080 1937 Astrolognrum
1111 1856 1229 1936 quidem
1262 1857 1384 1917 decreta
1407 1856 1451 1918 sic
1475 1866 1545 1918 sunt
1566 1868 1759 1939 comparata,
1782 1851 1817 1921 ut

467 1945 683 2007 melancholico
706 1945 818 2007 bomini
841 1953 954 2008 metum
978 1946 1222 2023 conflagrationis
1246 1945 1347 2006 muudi
1371 1946 1493 2025 injicere
1515 1947 1644 2026 possint.
1682 1947 1816 2019 Quorum

466 2036 693 2113 persuasionem
713 2037 775 2116 jann
790 2036 973 2096 ‘confirmare
997 2035 1180 2114 incipiebant
1203 2034 1497 2100 calidaeuouuullae
1520 2055 1663 2100 annorum
1686 2055 1815 2118 sequen-

468 2123 541 2185 tium
565 2135 687 2203 partes:
722 2127 794 2185 baec
818 2124 885 2204 ipsa
914 2143 984 2186 vero
1016 2133 1118 2185 aestas
1148 2124 1217 2184 anui
1244 2119 1345 2198 1606,
1379 2143 1455 2203 quas
1483 2124 1674 2194 -humiditate¹
1697 2126 1818 2188 excedit
1902 2134 1904 2137 ’

468 2213 598 2289 modum,
623 2213 758 2275 funditus
783 2215 889 2276 iterum
920 2213 1071 2298 convellit.
1108 2212 1174 2273 ‘Sic'
1194 2212 1264 2274 olim
1288 2209 1368 2277 annu
1393 2210 1490 2288 1524,
1520 2233 1587 2276 cum
1610 2215 1816 2301 astrologica

468 2302 609 2381 opinione
650 2303 759 2382 trigoni
797 2302 881 2384 aquei
920 2303 1057 2364 luctuosa
1089 2312 1121 2362 et
1152 2299 1301 2384 horrenda
1333 2301 1446 2364 diluvia
1476 2303 1698 2381 praedixissent
1723 2319 1815 2387 (caup.

468 2408 526 2458 vol.
544 2409 564 2470 1,
590 2425 615 2473 p.
635 2405 716 2470 tem:
741 2392 853 2454 creduli
873 2392 1008 2453 nonnulli
1033 2391 1161 2452 desertis
1184 2391 1365 2470 planitiebus
1385 2391 1414 2452 iu
1434 2399 1667 2455 montana'sesc
1691 2412 1815 2475 recepe-

466 2491 547 2543 runt.
595 2482 688 2567 Atqui
712 2502 769 2544 nou
795 2480 879 2562 aquis
902 2481 956 2554 illi,
982 2480 1035 2541 sed
1055 2481 1147 2559 paulo
1171 2490 1241 2559 post
1263 2481 1408 2560 sanguine
1432 2480 1628 2560 agricolarum
1653 2483 1815 2547 inundante

468 2590 527 2632 nou
551 2572 638 2651 pauci
661 2571 787 2651 periere.
827 2571 917 2632 Vana
939 2580 986 2632 est
1010 2570 1112 2649 itaque
1135 2569 1307 2649 squalorum
1322 2577 1354 2630 et
1368 2569 1538 2640 siccitatum
1557 2571 1673 2633 exsulo
1696 2573 1813 2635 nomine
1901 2576 1903 2579 ’

467 2657 551 2740 ignei
571 2659 680 2738 trigoni
705 2660 901 2740 exspectatio.
948 2659 1016 2721 Nou
1040 2660 1134 2720 miuus
1164 2659 1242 2721 enim
1272 2659 1454 2738 pluviarum,
1486 2659 1614 2736 nivium,
1639 2661 1814 2725 diluviorum

467 2749 527 2811 crit
550 2768 604 2828 per
627 2750 682 2812 hus
706 2747 771 2814 200
795 2768 904 2823 annus,
933 2768 1019 2830 quam
1044 2757 1151 2817 exacto
1175 2766 1269 2827 aquen
1293 2748 1410 2827 trigono
1434 2748 1488 2810 fuit
1512 2749 1729 2822 incendiorum,
1753 2751 1814 2813 tul·
1865 2816 1867 2820 Α
1981 2813 1983 2822 ,

467 2838 579 2901 minum
603 2839 818 2920 siccitatisque.
865 2839 984 2899 Dictum
1008 2837 1085 2898 enim
1109 2837 1209 2916 capite
1234 2837 1288 2899 Vl.
1318 2837 1573 2900 denominationes
1596 2840 1635 2901 ab
1658 2840 1814 2903 elementis

468 2938 502 2990 et
526 2928 570 2990 sic
593 2927 686 2990 etiam
710 2930 748 2990 ab
772 2929 839 3008 igne
863 2926 983 2988 venisse
1007 2926 1142 3005 trigonis,
1168 2945 1223 2986 uon
1248 2944 1286 3000 ex
1314 2936 1421 2988 natura
1443 2946 1514 3001 sua,
1536 2925 1629 2991 multo
1657 2930 1754 2994 minus
1777 2948 1814 2992 cx

468 3018 597 3092 effectu,
627 3018 680 3079 sed
705 3036 845 3099 eximere
870 3017 1088 3094 astrologorum
1118 3015 1252 3076 arbitrio.
1300 3012 1327 3077 0
1351 3015 1516 3078 vanitatem
1543 3016 1688 3080 infinitam
1712 3027 1813 3081 astro-

468 3108 618 3185 logorum,
654 3108 703 3187 qui
731 3126 879 3187 nunquam
910 3124 1016 3184 sapere
1045 3103 1204 3183 incipiunt,
1236 3120 1387 3184 nunquam
1415 3117 1537 3167 cessant
1559 3105 1606 3169 his
1634 3108 1814 3171 futilissimis

461 3195 742 3258 denominationum
766 3197 945 3258 ludicrarum
970 3193 1171 3255 laudamentis
1186 3194 1388 3273 prognostica
1409 3201 1472 3257 sua'
1488 3198 1712 3280 superstruere!

557 3283 659 3356 Quid?
683 3304 778 3347 noune
803 3286 922 3364 quidam
947 3305 981 3344 eo
997 3283 1144 3344 amentiae
1169 3291 1240 3345 suut
1260 3283 1422 3362 progressi,
1446 3292 1480 3346 ut
1493 3284 1563 3365 quia
1585 3295 1698 3349 certum
1716 3286 1812 3354 babe-

465 3394 534 3437 mus
559 3372 733 3449 Christiani,
760 3385 875 3449 ,Coelos
895 3391 926 3438 et
939 3385 1052 3437 Terram
1072 3382 1118 3452 qui
1138 3399 1211 3436 nuuc
1223 3388 1297 3445 suut,
1317 3382 1376 3453 igni
1395 3384 1532 3437 reservari
1552 3384 1580 3438 iu
1594 3385 1664 3439 diem
1683 3385 1810 3457 jndiciir“

465 3467 545 3525 lruuc
569 3464 651 3525 illum
683 3464 800 3543 iguem,
833 3465 887 3525 boc
913 3474 1028 3543 tempus
1051 3459 1117 3524 200
1141 3480 1283 3523 annorum
1313 3461 1389 3523 illud
1419 3470 1537 3541 tempus
1568 3483 1635 3526 esse
1665 3466 1812 3527 adventus

464 3552 600 3622 Domini,
626 3552 683 3614 diei
707 3553 886 3615 novissimae
902 3562 933 3614 et
946 3551 1059 3613 ludicii
1081 3551 1205 3611 extremi
1231 3549 1295 3611 ausi
1318 3551 1380 3613 siut
1402 3551 1596 3631 conjectare?
1619 3551 1677 3624 Qui
1690 3563 1812 3633 praeter

456 3642 630 3728 ⁴stultitiam
650 3641 796 3724 opinionis
812 3643 848 3703 de
862 3642 967 3722 ignitis
987 3640 1170 3720 temporibus
1188 3638 1353 3718 impietatis
1372 3639 1463 3710 etiam
1477 3640 1521 3701 rei
1534 3635 1616 3716 liunt,
1642 3648 1812 3707 statuentes

465 3732 545 3793 bunc
568 3732 668 3794 muudi
691 3731 842 3794 interitum
866 3732 994 3793 futurum
1019 3728 1178 3791 secuudum
1202 3736 1328 3788 naturae
1351 3747 1487 3812 cursum:
1511 3729 1555 3790 sic
1571 3739 1605 3792 ut
1622 3749 1660 3792 ex
1682 3732 1811 3794 motibus

465 3821 617 3884 coelorum
640 3830 726 3883 tanto
751 3832 820 3882 ante
837 3819 976 3903 praedici
991 3818 1111 3900 possit,
1134 3836 1201 3878 cum
1226 3826 1349 3877 teneant
1376 3817 1480 3879 fideles
1503 3835 1624 3894 omues,
1649 3818 1727 3882 huuc
1752 3822 1814 3884 ad·

465 3917 589 3973 venturu
620 3909 740 3972 Domini
772 3911 833 3974 fore
864 3910 953 3990 plane
985 3905 1192 3987 improvisum,
1226 3904 1300 3966 adeo
1330 3911 1364 3966 ut
1393 3904 1465 3967 furis
1497 3907 1624 3987 alicujus
1654 3908 1809 3991 irmptioui

464 4009 666 4079 comparetur.
713 3997 827 4061 Contra
850 3998 1017 4078 hujusmodi
1045 3995 1199 4058 vesaniam
1222 3993 1337 4056 inculco
1358 3993 1566 4058 firmissimum
1589 3997 1645 4059 hoc
1668 3999 1807 4063 axioma:

464 4088 511 4152 rei
540 4090 676 4165 naturali,
702 4089 798 4170 qualis
823 4097 871 4149 est
898 4088 956 4148 iste
979 4087 1092 4148 reditus
1116 4084 1310 4165 trigonorum,
1335 4102 1393 4145 nou
1413 4083 1575 4161 adhaerere
1598 4086 1689 4149 ullam
1711 4088 1810 4170 signi·

463 4178 638 4241 ficationem
661 4178 749 4241 ullius
780 4175 1061 4258 praeternaturalia,
1095 4173 1153 4235 uisi
1181 4165 1308 4236 accedat
1338 4174 1478 4248 voluntas
1501 4184 1532 4237 et
1555 4175 1709 4240 arbitrium
1732 4179 1808 4260 ejus,

465 4268 498 4330 in
522 4268 605 4348 cujus
633 4276 786 4349 potestate
820 4286 869 4329 res
900 4266 953 4329 illa
983 4263 1251 4346 praeternaturalia
1280 4269 1327 4324 est
1354 4263 1470 4342 posita,
1502 4273 1537 4326 ut
1567 4283 1634 4327 cum
1660 4265 1737 4329 iride
1760 4287 1810 4331 res

430 4398 432 4401 >
465 4356 572 4421 habet.
619 4360 664 4421 Ar
686 4366 816 4433 constat,
842 4364 939 4417 motus
962 4354 1111 4415 coelorum
1133 4352 1267 4432 permitti
1291 4350 1425 4415 naturae.
1517 4397 1520 4404 .

556 4447 626 4510 ,lam
650 4447 727 4528 quod
751 4445 885 4508 homiues
909 4443 1019 4507 attinet
1042 4460 1200 4521 eorumque
1224 4441 1491 4521 congregationes:
1515 4442 1573 4505 etsi
1591 4442 1711 4525 quidem
1733 4453 1815 4507 adu·

462 4537 651 4620 junctionum
673 4556 846 4617 magnarum
870 4535 1001 4614 ipsarum
1025 4530 1102 4612 iqter
1124 4530 1212 4610 ipsos
1231 4530 1386 4592 evidentes
1408 4530 1509 4592 videre
1525 4531 1597 4596 licet
1618 4533 1752 4606 effectus,
1775 4542 1810 4597 ut

466 4646 561 4708 supra
583 4626 714 4701 dictum;
747 4626 804 4688 etsi
828 4622 980 4686 etiamad
1009 4619 1152 4683 articulos
1183 4618 1421 4699 conjunctionum
1449 4619 1545 4682 multa
1573 4622 1718 4702 specialia
1737 4642 1807 4685 sese

468 4718 697 4783 accommodant
719 4734 756 4777 ex
778 4713 930 4787 historiis;
961 4730 1037 4791 quae
1059 4710 1150 4772 Petro
1174 4708 1211 4770 de
1233 4708 1341 4772 Aliaeu
1365 4707 1520 4773 cardinali
1547 4711 1694 4775 dederuut
1715 4729 1807 4775 occa-
1888 4788 1891 4794 g

468 4809 599 4882 sionem,
636 4804 828 4885 comparandi
860 4801 1058 4865 historiaset
1080 4798 1254 4877 religionum
1283 4798 1422 4877 periodos
1448 4817 1529 4864 cum.
1545 4801 1747 4878 asuouomia;
1764 4797 1806 4877 ⁸⁹)

469 4916 592 4981 quorum
616 4894 838 4976 aliqua'cepite
862 4890 990 4971 septimo
1013 4890 1041 4950 iu
1066 4887 1180 4949 tabella
1201 4895 1272 4948 sunt
1294 4886 1331 4948 ob
1354 4887 1456 4949 oculos
1484 4888 1601 4969 posits:
1632 4898 1734 4954 tamen
1757 4891 1806 4977 qui

469 4987 630 5068 diligenter
658 4983 759 5046 omnia
787 4981 929 5062 expendit
965 4976 1183 5058 deprehendet,
1216 4994 1273 5037 nun
1306 4975 1364 5037 sub
1392 4976 1474 5055 ipsos
1506 4976 1648 5041 articulos'
1664 4980 1808 5044 ¹revoluti

468 5076 579 5157 trigoni
601 5073 681 5156 ignei
704 5089 811 5135 novam
834 5071 962 5151 aliquam
978 5086 1074 5129 rerum
1093 5065 1203 5128 taciem
1215 5084 1253 5125 ex
1270 5064 1430 5144 improviso
1453 5066 1634 5130 exstitisse·
1655 5064 1807 5155 Quidquid

469 5167 549 5230 enim
573 5162 757 5246 experientia
779 5178 833 5243 per
854 5159 971 5222 modum
999 5155 1166 5219 naturalem
1189 5153 1405 5230 transscribere
1426 5162 1531 5237 potest
1551 5154 1598 5220 his
1620 5156 1807 5237 trigonorum
