4584 6192
568 600 634 670 452
996 598 1097 650 Literna
1115 599 1218 663 Kepleri
1237 599 1387 665 aliorumque
1405 604 1507 650 mutuae

577 781 812 856 constitutione,
837 779 985 842 adornata
1007 779 1169 840 secundnm
1201 778 1330 858 quinque
1364 796 1490 855 corpora
1512 778 1680 856 regularia.
1727 777 1838 839 Testes
1861 777 1931 840 illas

579 872 723 947 „Lnnas“
750 890 835 943 esse,
867 867 1016 929 concludit
1039 868 1207 946 Keplerus‚
1242 867 1406 928 incolarum
1436 866 1465 926 in
1488 866 1565 926 Jove
1589 866 1758 928 hominibus
1781 867 1813 928 in
1837 868 1932 930 Terra

574 961 862 1039 comparandorum,
900 976 968 1017 nam
1003 956 1177 1035 „quaeritur
1208 957 1254 1017 cui
1288 956 1364 1017 bono
1398 955 1594 1016 discursitant
1626 963 1753 1035 quatuor
1790 958 1932 1035 planetae

576 1050 656 1111 circa
674 1048 791 1118 Jovern,
815 1047 841 1107 si
865 1046 938 1107 nulli
962 1044 1084 1106 suntin
1108 1045 1196 1106 Jovio
1220 1044 1320 1123 globo,
1345 1045 1395 1125 qui
1419 1044 1628 1105 admirandam
1651 1044 1728 1106 hanc
1752 1045 1932 1109 varietatem

578 1138 639 1200 suis
663 1145 770 1198 notent
792 1135 927 1196 oculis?“

661 1226 761 1298 Multi,
786 1244 851 1286 cum
876 1223 982 1303 quibus
1007 1224 1156 1302 Keplerus
1180 1241 1233 1301 per
1257 1222 1362 1282 literas
1385 1220 1433 1281 vel
1456 1239 1600 1302 praesens
1624 1220 1661 1280 de
1686 1219 1827 1282 Galilaeo
1857 1240 1930 1283 oon-

572 1315 761 1387 versabatur,
786 1324 878 1374 antea
901 1311 992 1386 dubii,
1020 1311 1301 1385 ,Dissertatione“,
1327 1310 1410 1387 cujus
1434 1319 1578 1371 summam
1602 1328 1693 1388 supra
1712 1311 1930 1389 proposuimus,

574 1404 657 1478 moti,
682 1405 842 1464 veritatem
868 1421 979 1473 eorum,
1005 1420 1079 1480 quae
1096 1399 1253 1461 Galilaeus
1277 1399 1306 1458 iu
1331 1400 1415 1460 coelo
1434 1419 1512 1460 nova
1532 1400 1699 1473 detexerat,
1725 1407 1930 1476 agnoverunt;

572 1493 625 1553 alii
647 1510 718 1551 vero
734 1490 879 1553 obstinati
894 1509 957 1550 rem
972 1490 1135 1566 negabant.
1169 1490 1213 1550 Ut
1232 1488 1300 1548 illos
1320 1488 1519 1563 confirmaret,
1544 1486 1591 1547 his
1611 1488 1818 1566 persuaderet,
1844 1488 1930 1568 Kep-

574 1581 655 1642 lerns
680 1579 1012 1653 „Dissertationi“
1038 1578 1156 1639 addidit
1181 1576 1507 1651 ,Narrationem“,
1532 1577 1561 1636 in
1586 1595 1645 1655 qna
1667 1596 1705 1636 ea
1723 1577 1828 1650 refert,
1855 1596 1930 1656 quae

574 1669 641 1750 ipse
667 1668 772 1730 diebus
796 1689 814 1729 a
836 1667 890 1730 30.
915 1667 1047 1745 Augusti
1072 1668 1111 1728 ad
1144 1662 1173 1728 9.
1198 1664 1386 1744 Septembris
1411 1667 1483 1727 armi
1509 1661 1594 1727 1610
1626 1665 1826 1736 observarat,
1859 1667 1930 1727 tubo

576 1777 649 1820 usus
672 1776 777 1837 parurn
810 1757 995 1825 excellente,
1029 1774 1115 1835 quern
1149 1754 1206 1833 ipsi
1237 1753 1422 1828 ,Ernestns,
1458 1754 1711 1833 Archiepiscopus
1736 1752 1931 1816 Coloniensis
1965 1824 1967 1827 v

577 1846 796 1915 commodavit,
836 1866 854 1905 a
887 1842 1026 1906 Galilaeo
1064 1844 1122 1906 sibi
1160 1844 1283 1904 missum
1320 1843 1455 1904 dicens.“
1512 1844 1608 1922 Hujus
1645 1843 1835 1905 instrumenti
1873 1843 1931 1905 ad-

573 1936 718 2015 jumento,
743 1940 903 2014 praesente
927 1932 1102 2011 Benjamino
1126 1932 1237 1994 Ursino
1261 1939 1294 1992 et
1326 1931 1394 1992 aliis
1425 1932 1584 2011 conspexit
1606 1931 1692 1992 Jovis
1723 1932 1876 1993 satellites
1900 1939 1932 1993 et

575 2024 681 2086 Lunae
712 2023 865 2097 maculas,
900 2030 932 2082 et
966 2023 1073 2096 „tidem
1108 2028 1298 2083 narratorum
1322 2019 1453 2082 Galilaei
1487 2020 1668 2082 sufficienter·
1701 2021 1928 2082 confirmatam“

575 2112 686 2186 habet,
720 2118 753 2172 ut
786 2112 881 2173 lector
915 2129 1021 2184 „suam
1044 2128 1223 2189 suorumque
1246 2109 1370 2169 testium
1397 2111 1485 2171 fidem
1517 2117 1657 2182 secutus,
1692 2110 1770 2170 omni
1795 2109 1931 2191 seposita

576 2200 762 2263 dubitatione
786 2200 946 2262 veritatem
970 2200 1158 2278 patefactam
1182 2199 1361 2277 agnoscat.“
1399 2198 1558 2277 Duplicem
1581 2199 1668 2259 linem
1682 2207 1860 2277 persecutus
1882 2208 1932 2260 est

574 2289 724 2368 Keplerus
748 2289 777 2351 in
801 2289 897 2350 lucem
921 2289 1013 2349 edens
1032 2288 1109 2349 hanc
1126 2287 1390 2363 ,Narrationem“,
1415 2289 1499 2350 illam
1522 2306 1610 2367 qnam
1635 2287 1776 2356 diximus,
1802 2297 1837 2350 ut
1858 2305 1930 2367 per-

576 2379 719 2439 suaderet
741 2377 858 2450 dubiis,
883 2384 914 2438 et
937 2376 1038 2451 illam,
1063 2385 1097 2438 ut
1119 2376 1394 2451 calumniatoribus,
1420 2377 1468 2456 qni
1491 2376 1605 2455 passim
1633 2386 1738 2438 contra
1757 2374 1931 2439 Galilaenm

577 2474 682 2547 aperte
707 2474 739 2527 et
763 2466 878 2528 occulte
902 2465 1162 2539 machinabantur,
1188 2465 1340 2525 silentium
1363 2466 1541 2544 imponeret.

665 2554 814 2634 Keplerus
838 2574 926 2634 quum
950 2554 1075 2633 primum
1100 2554 1210 2615 certior
1234 2554 1333 2615 factus
1358 2563 1406 2615 est
1429 2554 1466 2614 de
1491 2552 1622 2616 Galilaei
1646 2552 1868 2614 detectionibus
1892 2553 1930 2614 ad

577 2643 743 2722 Georgium
766 2644 930 2703 Zuccarum
956 2643 1172 2715 (l'uccarnm?)
1206 2643 1354 2703 Venetiae
1378 2643 1570 2721 perscripsit,
1596 2661 1760 2721 quaerens,
1787 2660 1844 2722 quo
1865 2642 1930 2703 loco

575 2740 659 2793 esset
691 2732 763 2792 res?
809 2731 1047 2810 Responsionem
1078 2732 1222 2805 Zuccari,
1264 2750 1369 2810 parum
1404 2733 1549 2792 benevolo
1588 2731 1616 2791 in
1651 2729 1824 2792 Galilaeum
1854 2750 1929 2792 con·

576 2821 721 2897 scriptam
755 2820 873 2893 animo,
905 2827 1014 2880 testem
1048 2821 1193 2881 habemus
1225 2840 1393 2895 rumorum,
1428 2821 1476 2900 qui
1510 2826 1571 2880 tum
1602 2820 1745 2898 temporis
1778 2819 1929 2893 Venetiis,

574 2908 658 2971 brevi
677 2915 747 2988 post
771 2908 801 2970 iu
825 2908 926 2970 multis
950 2908 1018 2969 aliis
1042 2910 1151 2970 Italiae
1175 2909 1297 2970 urbibus
1317 2910 1354 2970 de
1379 2910 1430 2971 illo
1454 2908 1695 2987 divulgabantur.
1734 2909 1819 2969 Haec
1840 2908 1931 2988 igitur

569 2998 728 3060 -Zuccarus
762 2994 831 3071 (16.
863 2995 929 3058 Cal.
962 2998 1037 3076 Maj.
1072 2994 1191 3070 term:
1226 2999 1264 3058 ad
1298 2997 1431 3059 Galilaei
1463 2998 1611 3059 Nnncium
1645 2999 1819 3060 aethereum
1852 2997 1930 3077 quod

577 3086 707 3161 attinet,
739 3086 849 3146 dudum
873 3087 912 3147 ad
935 3105 1041 3148 manus
1065 3104 1149 3147 meas
1174 3087 1313 3147 devenit:
1348 3096 1381 3149 at
1409 3087 1478 3165 quia
1501 3086 1604 3147 multis
1629 3088 1658 3147 in
1684 3087 1783 3148 studio
1808 3086 1929 3147 matbe-

538 3245 547 3266 .
578 3194 647 3237 seos
671 3176 803 3237 versatis
827 3175 980 3236 discursus
1004 3175 1106 3236 aridus
1131 3194 1185 3236 seu
1208 3175 1321 3253 absque
1346 3176 1549 3236 fundamentis
1563 3175 1779 3255 philosophicis
1803 3175 1930 3254 palliata

578 3264 744 3327 ostentatio
777 3263 918 3335 videtur,
956 3265 994 3324 ad
1028 3262 1061 3324 S.
1095 3261 1239 3324 Caesaris
1270 3264 1466 3343 Majestatem
1499 3264 1617 3325 mittere
1651 3284 1743 3325 ausus
1779 3282 1838 3325 non
1878 3262 1929 3325 fui.

576 3352 673 3415 Novit
695 3362 727 3413 et
750 3352 829 3413 solet
852 3353 941 3413 homo
964 3353 1014 3413 ille
1039 3352 1164 3413 aliorum
1179 3353 1285 3432 pennis
1308 3353 1376 3413 hinc
1399 3353 1467 3414 inde
1482 3353 1628 3427 collectis,
1652 3352 1695 3414 uti
1719 3371 1828 3413 corvus
1851 3352 1930 3432 apud

577 3440 750 3519 Aesopum,
779 3459 812 3500 se
843 3441 1004 3514 decorare,
1038 3441 1287 3520 quemadmodum
1320 3451 1351 3502 et
1382 3442 1536 3502 artificiosi
1568 3442 1649 3502 illius
1680 3441 1848 3521 perspicilli
1882 3442 1929 3502 in·

576 3536 684 3589 ventor
707 3528 811 3589 haberi
835 3530 910 3604 vult,
936 3549 1002 3590 cum
1026 3537 1127 3590 tamen
1153 3530 1273 3609 quidam
1295 3530 1402 3609 Belga,
1425 3550 1479 3610 per
1499 3529 1631 3591 Galliam
1655 3532 1683 3591 in
1709 3531 1800 3591 hasce
1823 3539 1928 3608 partes

575 3618 739 3696 profectus,
764 3616 891 3696 primurn
914 3618 970 3679 huc
991 3618 1137 3689 attulerit,
1163 3619 1241 3697 qnod
1264 3619 1361 3697 ipsum
1385 3619 1454 3680 mihi
1479 3627 1510 3679 et
1533 3620 1602 3680 aliis
1626 3627 1781 3681 ostensum
1807 3620 1874 3688 fuit,
1899 3625 1929 3679 et

577 3713 610 3766 ut
634 3705 791 3768 Galilaeus
815 3705 901 3779 vidit,
926 3707 988 3767 alia
1010 3707 1049 3768 ad
1073 3706 1273 3768 imitationem
1295 3708 1434 3782 confecit,
1460 3715 1551 3787 atque
1575 3709 1686 3788 aliquid
1712 3709 1825 3784 forsan,
1851 3707 1929 3789 qnod

574 3794 666 3856 facile
690 3801 747 3868 est,
772 3794 905 3855 inventis
929 3796 1056 3856 addidit.

664 3882 830 3959 Acceptam
845 3883 969 3961 Kepleri
987 3883 1282 3958 „Dissertationem“
1308 3885 1385 3945 idem
1408 3886 1502 3945 refert
1524 3885 1633 3957 verbis,
1659 3904 1674 3945 e
1700 3884 1806 3964 quibus
1830 3902 1930 3965 appa·

577 3978 635 4037 ret,
660 3971 825 4032 Zuccarum
841 3991 932 4032 sensa
945 3972 1069 4051 Kepleri
1094 3991 1152 4033 non
1175 3973 1356 4051 percepisse,
1382 3980 1413 4034 et
1427 3973 1590 4052 persistere
1610 3974 1638 4033 iu
1663 3973 1800 4053 opinione
1825 3981 1932 4035 contra

576 4057 749 4120 Galilaenm
775 4067 845 4119 ante
870 4068 1027 4139 concepta.
1073 4062 1157 4121 Haec
1182 4062 1259 4122 eninr
1292 4062 1375 4122 dedit
1398 4062 1529 4140 Keplero
1562 4062 1657 4133 (Ven.
1692 4082 1720 4123 a.
1746 4063 1774 4123 d.
1801 4060 1832 4125 5.
1864 4061 1929 4124 Cal.

576 4144 659 4206 Junii
687 4145 800 4219 16th
826 4148 863 4207 ad
887 4149 1040 4225 proximas
1067 4150 1145 4228 quod
1169 4150 1366 4228 respondeam
1391 4168 1449 4210 non
1472 4150 1587 4224 habeo,
1618 4159 1829 4229 praeterquam
1854 4151 1932 4230 qnod

580 4232 726 4295 disertam
751 4255 823 4296 sane
858 4235 1101 4299 dissertationem
1135 4238 1163 4297 in
1190 4236 1322 4299 Galilaei
1345 4239 1491 4300 Nunnium
1515 4240 1644 4318 perlegi,
1677 4259 1714 4300 ex
1738 4258 1797 4318 qno
1827 4239 1875 4310 is,
1906 4239 1932 4299 si

580 4319 661 4394 vult,
693 4323 809 4384 larvam
841 4324 897 4384 sibi
935 4325 1105 4386 detractam
1139 4326 1228 4386 facile
1262 4327 1477 4405 deprehendet.
1531 4328 1583 4389 Ad
1615 4326 1819 4406 perspicillum
1854 4328 1933 4409 quod

578 4409 709 4560 attiget,
743 4411 888 4513 ejusmodi
921 4410 954 4474 S.
981 4411 1016 4475 O.
1040 4413 1200 4491 Majestati
1233 4433 1303 4475 mox
1335 4417 1598 4477 transmittendum
1629 4435 1745 4476 summa
1774 4416 1933 4495 diligentia

580 4516 635 4559 con
659 4518 686 4560 cr
710 4517 822 4560 curavi.

668 4584 733 4647 Sed
764 4606 822 4647 non
855 4593 973 4649 tantum
1003 4588 1142 4650 Venetiis
1176 4589 1334 4652 Galilaens
1372 4592 1451 4652 male
1482 4590 1634 4652 audiebat.
1691 4592 1869 4666 Bononiae,
1903 4592 1932 4652 in

578 4674 775 4736 celeberrima
794 4674 849 4736 illa
871 4675 1026 4737 academia
1040 4678 1161 4746 Italiae,
1185 4697 1243 4739 non
1268 4680 1393 4740 meliora
1411 4679 1455 4740 illi
1479 4693 1653 4741 evenerunt.
1686 4679 1845 4741 Johannes
1865 4681 1933 4742 An·

578 4763 678 4823 tonius
702 4762 889 4840 Maginns,
925 4764 1002 4826 inter
1036 4775 1226 4828 astronomos
1259 4787 1330 4829 suae
1364 4769 1478 4828 aetatis
1511 4775 1542 4827 et
1565 4768 1683 4844 patriae
1707 4768 1932 4841 celeberrimus,

575 4850 732 4928 professor
755 4850 816 4910 illic
844 4852 1030 4925 matheseos,
1055 4860 1173 4915 tantum
1198 4855 1294 4917 abfuit
1317 4864 1351 4917 nt
1374 4856 1594 4917 obtrectatores
1617 4856 1782 4930 refutaret,
1816 4865 1852 4918 nt
1873 4855 1934 4918 illis

581 4955 614 4997 se
634 4935 818 4999 subobscure
839 4938 1029 5001 immisceret.
1070 4942 1192 5003 Testem
1217 4943 1361 5005 habemns
1376 4944 1540 5005 Martinnm
1554 4944 1743 5018 Horlrium,
1767 4944 1933 5005 Bohemum

581 5023 878 5101 (Lochovicenum)',
912 5026 961 5107 qni
984 5028 1102 5106 Pragae
1126 5029 1251 5109 Kepleri
1282 5051 1354 5095 usus
1383 5032 1588 5094 familiaritate
1612 5031 1708 5094 literis
1731 5050 1856 5111 operam
1878 5032 1932 5092 de-
