4584 6192
802 1338 1306 1440 PROOEMIUM

990 1625 1004 1629 ..
1022 1625 1122 1633 -ῃ-

465 1772 730 1893 Ᾱεῑιοιιοιιιίιι,
765 1835 841 1899 quae
866 1819 901 1878 de
926 1821 1055 1882 siderum
1080 1822 1210 1884 motibus
1234 1823 1312 1900 agit,
1346 1822 1421 1883 duas
1445 1820 1604 1902 praecipue
1627 1828 1732 1901 partes

385 1904 488 1976 babet,
511 1908 611 1968 altera
635 1908 664 1968 in
689 1905 864 1987 inquirenda
889 1919 920 1970 et
943 1911 1152 1988 cognoscenda
1176 1912 1272 1973 forma
1294 1919 1427 1972 motuum
1450 1908 1604 1984 consistit,
1628 1909 1730 1990 philo-

384 1993 524 2071 sophicae
550 1996 795 2074 contemplationi
810 1997 999 2075 potissimum
1015 2000 1159 2072 serviens,
1185 2000 1283 2061 altera
1298 2019 1335 2060 ex
1350 1999 1407 2061 illa'
1421 2006 1490 2059 orta
1509 1998 1577 2059 loca
1600 1998 1731 2060 siderum
1817 2029 1820 2037 ·

385 2082 418 2141 ad
440 2085 570 2161 quodvis
603 2095 785 2146 momentum
817 2085 982 2168 investigat
1006 2096 1037 2147 et
1059 2088 1097 2147 ad
1130 2090 1238 2166 praxin
1266 2108 1334 2149 sese
1358 2086 1567 2149 accommodat
1588 2088 1732 2166 prognosi

385 2169 574 2253 fundamenta
593 2174 723 2251 jaciens.
770 2174 865 2235 Binae
888 2177 946 2237 hae
969 2186 1073 2255 partes
1088 2178 1215 2254 geminis
1231 2178 1315 2257 quasi
1340 2177 1407 2250 alis,
1432 2175 1510 2254 quod
1526 2175 1616 2237 Plato
1631 2174 1731 2237 dicere

386 2259 483 2320 solitus
499 2270 564 2336 est,
590 2263 735 2323 subnixae
752 2263 780 2323 in
797 2265 912 2325 coelum
927 2266 1061 2338 evolant,
1087 2267 1290 2344 geometria
1314 2274 1346 2327 et
1369 2264 1625 2334 arithmetica,
1652 2283 1729 2344 qua-

387 2364 441 2407 mm
465 2357 593 2430 utraque
619 2352 737 2431 quidem
762 2353 878 2432 utrique
903 2356 1049 2415 dictarum
1073 2354 1219 2432 partium,
1244 2354 1341 2434 magis
1356 2362 1458 2414 tamen
1474 2353 1641 2431 geometria
1654 2370 1728 2413 con·

381 2438 576 2536 -mmplatrici,
602 2441 794 2502 arithmetica
816 2442 967 2520 practicae
981 2443 1061 2521 parti
1086 2442 1257 2505 famulatur.
1305 2442 1446 2505 Summus
1470 2441 1572 2520 itaque
1586 2450 1730 2503 astrono-

389 2525 454 2585 miae
478 2546 557 2607 apex
582 2528 610 2589 iu
635 2537 752 2608 partem
778 2530 888 2591 desinit
912 2532 1205 2606 arithmeticam,
1240 2552 1315 2614 quae
1340 2530 1494 2592 tabulas
1516 2539 1675 2592 motuum
1698 2537 1730 2592 et

389 2610 447 2675 inde
471 2617 626 2678 derivatas
650 2617 868 2696 Ephemeridas
893 2621 1110 2700 complectitur.

468 2704 545 2766 Pars
579 2708 763 2786 geometrica
796 2709 906 2769 multas
931 2710 986 2770 sub
1010 2729 1042 2771 se
1067 2709 1159 2770 babet
1183 2706 1260 2768 alias
1290 2726 1343 2788 pro
1368 2706 1546 2768 diversitate
1571 2704 1727 2781 materiae,

394 2806 467 2866 quam
489 2794 518 2854 in
544 2796 730 2857 astronomia
753 2796 937 2875 geometrica
960 2798 1119 2859 sinceritas
1143 2797 1250 2857 induit.
1289 2794 1364 2857 Cum
1380 2815 1466 2869 enim
1488 2805 1523 2856 ut
1537 2795 1574 2856 ab
1597 2813 1654 2856 ovo
1668 2814 1729 2857 rem

396 2877 545 2957 deducam,
581 2884 609 2944 in
635 2885 941 2947 demonstrationibus
964 2885 1175 2947 astronomicis
1205 2886 1263 2946 duo
1287 2885 1348 2947 sint
1370 2884 1581 2966 principiorum
1605 2902 1727 2962 genera,

397 2965 503 3031 alterum
528 2973 837 3046 observationes,
873 2977 997 3036 altemm
1032 2975 1223 3036 axiomata
1254 2974 1412 3054 physica
1444 2992 1506 3033 seu
1535 2972 1727 3052 metaphy-

398 3054 473 3131 sica,
505 3060 586 3121 circa
610 3062 839 3124 observationes
864 3064 980 3144 quidem
1005 3074 1068 3125 tres
1091 3071 1196 3142 partes
1221 3063 1422 3123 astronomiae
1446 3062 1598 3133 oriuntur,
1631 3059 1729 3139 prima

399 3147 605 3223 mechanica,
640 3152 843 3212 instrumenta
870 3154 994 3214 tradens
1026 3150 1223 3213 observandis
1256 3150 1387 3212 motibus
1415 3149 1597 3212 coelestibus
1620 3148 1730 3211 idonea

401 3234 554 3339 modumque
580 3239 703 3300 utendi:
729 3260 815 3319 quam
840 3242 968 3319 phoenix
992 3241 1313 3314 illeastronomomm,
1343 3239 1464 3321 Tycho
1488 3237 1619 3299 Brahe
1642 3256 1672 3318 p.
1688 3257 1727 3301 m.
1806 3321 1809 3327 Α

401 3331 452 3381 ante
473 3327 702 3407 quinquennium
727 3330 823 3389 edidit
847 3335 1189 3402 (domp.v01.Lp19⁰):
1224 3329 1321 3389 altera
1344 3328 1543 3397 historica,
1579 3326 1728 3389 observa·

401 3406 505 3473 tiones
497 3435 582 3495 ipsas
606 3418 783 3496 complexa:
817 3419 984 3498 cujusmodi
1015 3418 1315 3498 exquisitissimarum
1340 3416 1601 3490 observationum,
1633 3435 1729 3477 anuos

400 3506 588 3577 propemodum
612 3502 655 3568 40
678 3507 859 3585 praeteritos
884 3508 1160 3609 complectentium,
1185 3507 1277 3568 libros
1293 3502 1336 3570 24
1351 3507 1446 3568 lector
1461 3506 1539 3568 sciat
1553 3526 1573 3566 a
1587 3505 1728 3585 Tychone

401 3587 495 3651 relictos
529 3613 631 3668 esse,=
651 3614 724 3673 qnos
758 3604 924 3674 opportuno
959 3605 1092 3676 tempore
1128 3598 1156 3658 in
1187 3597 1282 3657 lucem
1315 3596 1487 3675 prodituros
1520 3612 1607 3674 spero
1635 3601 1727 3665 (comp.

403 3677 441 3732 vd.
455 3686 471 3735 1.
491 3706 514 3753 p.
538 3688 610 3752 19²).
657 3681 737 3753 Quia
760 3703 830 3744 vero
855 3685 949 3746 omnis
980 3685 1153 3747 observatio
1178 3684 1319 3747 coelestis
1343 3685 1377 3745 fit
1404 3683 1556 3745 mediante
1590 3681 1655 3742 luce
1680 3682 1728 3742 vel

401 3764 491 3842 lubra,
525 3770 682 3853 mediaque
715 3773 822 3833 stellas
846 3773 924 3835 inter
953 3783 986 3835 et
1013 3774 1129 3835 oculum
1162 3774 1322 3837 distinctas
1351 3773 1465 3834 habeut
1497 3770 1672 3832 affectiones
1695 3777 1728 3829 et

402 3859 501 3924 quaein
536 3861 619 3920 coelo
654 3862 847 3923 observamus
871 3863 919 3924 vel
943 3870 1042 3924 motus
1076 3871 1160 3938 suut,
1194 3882 1318 3944 qnorum
1350 3862 1468 3941 species
1491 3855 1725 3958 retrogradatio,

402 3944 541 4009 saliceto.
559 3949 719 4025 velarcus,
745 3951 800 4012 boc
825 3958 881 4024 est,
907 3952 1008 4031 anguli
1031 3953 1070 4012 ad
1094 3952 1200 4027 visum,
1225 3953 1416 4029 velcorpora
1437 3948 1547 4018 lucida,
1571 3946 1727 4025 omniaque

401 4037 476 4091 'lla
469 4057 497 4098 ru
530 4037 632 4116 optica
662 4040 791 4100 scientia
824 4040 1065 4111 considerantur,
1099 4041 1168 4103 hinc
1192 4041 1286 4103 oritur
1314 4040 1407 4101 tertia
1428 4057 1501 4118 pars
1524 4036 1727 4097 astronomiae

400 4124 518 4199 antica,
553 4146 641 4206 quam
666 4128 695 4187 in
726 4147 871 4206 praesens
901 4130 1032 4205 tradam,
1066 4130 1204 4210 repetitis
1236 4128 1369 4191 breviter
1400 4135 1433 4189 et
1464 4125 1550 4206 quasi
1579 4124 1609 4186 in
1641 4124 1727 4203 prin-

400 4205 516 4283 cipiorum
546 4225 654 4293 parte,
688 4236 763 4318 quae
789 4217 825 4277 de
849 4218 907 4278 bac
936 4238 967 4279 re
998 4221 1046 4280 vel
1070 4228 1175 4281 vetera
1199 4218 1326 4280 Vitellio
1351 4235 1390 4277 ex
1411 4217 1549 4296 professo
1572 4215 1621 4276 vel
1650 4231 1729 4276 nova

400 4291 443 4374 Tys
445 4300 476 4363 bo
498 4304 599 4366 Brahe
624 4306 753 4384 sparsim
777 4306 939 4368 tradidere.

463 4392 599 4453 Alterum
624 4412 719 4471 genus
742 4394 956 4473 principiorum
979 4396 1008 4456 in
1033 4393 1416 4456 demonstrationibust
1366 4412 1401 4454 as
1403 4391 1594 4465 tronomicis,
1619 4390 1726 4471 physi-

398 4488 445 4536 cum
464 4500 567 4560 nempe
592 4501 645 4543 seu
669 4483 918 4563 metaphysicum‚
939 4504 1083 4546 unacum
1107 4485 1173 4562 ipso
1198 4482 1400 4547 astronomiae
1416 4481 1560 4560 subjecto,
1587 4480 1664 4559 quod
1680 4486 1729 4540 est

397 4569 531 4648 praecipue
557 4579 657 4631 motus
681 4573 826 4646 siderum,
861 4593 909 4633 res
934 4574 1070 4655 physica,
1096 4581 1261 4675 quartam
1295 4571 1549 4633 astronomiae
1579 4576 1727 4649 partem

396 4650 562 4734 physicam
588 4660 706 4721 scilicet
728 4662 842 4722 constit
829 4662 901 4733 tuit,
927 4662 956 4722 in
981 4682 1039 4742 qua
1063 4662 1164 4742 agitur
1187 4662 1224 4722 de
1243 4661 1343 4723 causis
1367 4669 1500 4721 motuum
1524 4655 1726 4719 efficientibus

396 4738 443 4802 sire
464 4748 635 4822 motoribus‚
657 4749 818 4811 decausis
843 4750 1018 4812 formalibus
1042 4770 1095 4812 seu
1118 4751 1232 4828 liguris,
1256 4769 1331 4829 quas
1354 4757 1488 4810 uictores
1511 4748 1666 4816 affectant,
1689 4744 1727 4806 de

395 4835 473 4895 casis
494 4838 704 4899 materialibus
730 4857 782 4900 seu
807 4839 927 4900 orbibus
951 4847 983 4900 et
1002 4847 1132 4901 motuum
1147 4839 1313 4900 intentione
1330 4837 1376 4897 rel
1392 4837 1568 4900 remissione
1582 4834 1726 4914 physica;

394 4934 462 4994 ‘leam
482 4936 614 5004 partem
651 4947 676 4987 si
699 4928 782 4988 Deus
806 4928 901 4989 vitam
930 4929 1128 5002 concesserit,
1164 4926 1453 4989 Commentariis
1483 4925 1527 4987 de
1558 4922 1726 4985 motibus

391 5002 514 5076 Martis
538 5020 592 5089 (ex
615 5016 876 5078 observationibus
900 5018 1081 5098 Tychouicis
1105 5024 1137 5079 et
1161 5036 1250 5098 super
1274 5015 1497 5079 fundamentum
1522 5011 1726 5076 astronomiae
