4584 6192
543 619 608 685 orl
1176 618 1263 668 na„

543 802 611 873 Cap.
648 801 739 856 XXII.
780 796 927 852 Materiam
947 794 1018 849 Novi
1040 794 1136 849 sideris
1158 795 1243 848 fluisse
1263 796 1420 859 coelestem,
1442 801 1472 849 et
1492 811 1528 851 au
1548 813 1584 850 ex
1606 795 1653 851 ria
1671 796 1775 852 lactea.

638 880 741 936 XXIII.
783 877 860 932 Coeli
887 875 1032 929 materiam
1059 891 1121 927 esse
1151 875 1340 939 alterabilem,
1371 877 1535 931 documenta
1560 876 1678 947 quinque
1704 876 1902 940 astronomica,

835 955 999 1027 praesertim
1019 956 1056 1008 ab
1077 954 1173 1022 eclipsi
1195 954 1259 1008 anui
1283 956 1367 1010 1605.

635 1039 739 1095 XXIV.
781 1038 824 1091 Dc
845 1036 981 1089 efficiente
1001 1034 1072 1087 Novi
1094 1034 1202 1099 sideris¹
1232 1035 1279 1088 ubi
1301 1038 1415 1089 mundus
1442 1035 1627 1104 probabiliter
1646 1037 1784 1090 facultate
1806 1035 1904 1107 aliqua

835 1115 958 1170 naturali
978 1113 1133 1168 instruitur.

648 1200 738 1254 XXV.
780 1195 957 1266 Comparatio
978 1193 1060 1261 hujus
1082 1193 1179 1246 Novae
1202 1210 1261 1248 cum
1283 1194 1334 1248 illa
1361 1194 1425 1248 anni
1450 1190 1534 1249 1572.
1556 1201 1586 1249 et
1607 1212 1667 1250 cum
1688 1195 1822 1258 comatis;
1843 1196 1902 1260 ubl,

835 1293 871 1330 au
892 1275 1008 1327 caudam
1028 1273 1167 1327 habuerit.

638 1358 742 1413 XXVI.
782 1360 827 1410 An
848 1354 961 1409 fortuito
983 1353 1153 1406 concurrerit
1173 1351 1247 1405 sidus
1268 1353 1400 1407 boccum
1421 1360 1545 1423 tempore
1565 1360 1596 1408 et
1616 1354 1676 1409 loco
1698 1354 1902 1425 conjunctionis

833 1450 962 1505 maguae,
985 1449 1022 1485 an
1042 1433 1135 1502 aliquo
1157 1432 1289 1494 consilio:
1311 1433 1468 1487 sententiae
1489 1434 1640 1488 hodiernae
1661 1440 1792 1505 quatuor.

621 1518 738 1572 XXVII.
779 1516 906 1570 Examen
926 1512 1080 1581 positarum
1100 1512 1273 1581 opinionum
1294 1512 1390 1565 ubido
1410 1513 1549 1567 materiali
1570 1514 1747 1578 necessitate,
1770 1516 1805 1567 da
1824 1529 1902 1577 casu,

834 1593 897 1665 quid
904 1609 948 1725 ΣΙ
962 1592 1064 1663 possit,
1095 1591 1160 1661 quid
1184 1608 1256 1654 nou;
1278 1598 1308 1645 et
1328 1594 1361 1646 da
1390 1592 1533 1662 spiritibus
1558 1595 1657 1647 mundo
1687 1593 1846 1666 congenitis
1873 1601 1904 1647 et

835 1680 903 1728 natu
950 1671 1021 1725 ibus.

611 1755 740 1811 XXVIII.
781 1755 869 1809 Pars
891 1752 1030 1814 Altera,
1057 1767 1128 1822 quae
1149 1750 1321 1804 Francofurti
1342 1751 1442 1821 prodit,
1464 1758 1508 1806 est
1528 1754 1562 1806 de
1583 1752 1834 1825 significationibus
1857 1753 1903 1806 vel

633 1836 739 1891 XXIX.
833 1831 1017 1894 naturalibus,
1039 1830 1066 1883 in
1080 1830 1217 1895 meteoris,
1241 1831 1268 1884 in
1281 1832 1463 1885 facultatibus
1478 1849 1567 1886 rerum
1588 1832 1756 1886 naturalium
1775 1835 1902 1903 adeoque

647 1916 738 1972 XXX.
833 1921 864 1967 et
882 1910 1016 1973 hominia;
1047 1911 1164 1980 denique
1186 1910 1213 1963 in
1238 1910 1297 1980 ipso
1326 1912 1434 1966 homine
1459 1912 1568 1967 ratione
1594 1919 1709 1966 utente:
1741 1912 1787 1965 val
1816 1913 1902 1966 ctiam

833 1989 1003 2051 arbitrariis.
1034 1989 1058 2042 si
1078 1990 1141 2043 Dei
1168 1990 1213 2043 val
1241 1989 1364 2044 sublimis
1395 1999 1542 2046 creaturae
1572 1991 1755 2046 ministrantia
1786 1992 1901 2045 consilio

835 2074 922 2127 atella
942 2075 1063 2138 ponatur
1083 2069 1212 2123 exhibita
1232 2072 1339 2126 mundo.
