4584 6192
1019 558 1252 628 capras..
1730 563 1796 632 ιω

439 731 713 795 tsbstHebraeum
725 731 858 796 Samech
880 736 1003 815 oppleto
1025 743 1151 800 renus:
1176 738 1285 816 angulo
1309 738 1362 800 illo
1376 741 1462 811 (num
1479 738 1510 800 in
1523 737 1634 801 ceteris
1657 741 1796 819 partibus

440 822 500 882 lere
523 829 592 883 erat
618 823 763 896 rotunda)
794 825 1007 903 propemodum
1038 845 1145 888 versus
1175 827 1304 888 medium
1333 827 1416 906 gibbi
1448 835 1601 906 protenso.
1647 829 1713 892 Nec
1736 829 1794 892 hac

439 909 625 972 solummodo
648 910 714 973 vice
737 912 792 972 sed
814 914 937 992 saepius
959 914 1091 992 periculo
1116 915 1197 976 iacto
1221 933 1340 994 semper
1360 934 1428 978 sese
1451 934 1518 977 cnm
1541 909 1650 978 lumine
1674 919 1795 980 macula

438 998 578 1076 ingessit,
603 1007 637 1060 ιιι
660 1000 847 1079 impossibile
871 1003 913 1064 sit
934 1002 1018 1063 risus
1042 1021 1110 1065 esse
1134 1003 1302 1082 emphasin.

524 1086 642 1149 Multas
665 1089 717 1150 illo
741 1089 816 1150 libro
831 1090 1013 1152 Plutarchus
1032 1091 1122 1153 affert
1139 1093 1178 1153 de
1198 1092 1255 1154 bac
1269 1093 1374 1153 Lunae
1390 1091 1468 1152 facie
1488 1090 1653 1171 opiniones,
1678 1093 1794 1176 aliquas

438 1174 531 1236 etiam
552 1175 757 1250 lleinholdus,
792 1195 916 1257 quarum
949 1180 1026 1241 hauc
1059 1180 1234 1243 Vitellianis
1256 1180 1387 1242 manime
1418 1180 1543 1259 probat,
1577 1200 1653 1263 quae
1676 1182 1793 1246 Lunam

436 1263 577 1343 perbibet
604 1265 707 1327 radios
734 1263 816 1328 Solis
848 1268 1056 1330 transmittere
1088 1269 1156 1331 aliia
1188 1269 1325 1348 partibus
1357 1268 1465 1329 aliter:
1499 1287 1575 1349 qnae
1604 1288 1675 1334 vero
1707 1271 1794 1334 nobis

437 1360 609 1432 appareant
631 1354 775 1429 maculae,
801 1357 958 1418 densiores
980 1375 1048 1418 esse
1072 1365 1190 1436 partes,
1216 1357 1322 1438 quibua
1345 1355 1398 1418 Sol
1422 1374 1525 1436 parum
1549 1358 1669 1421 luminis
1691 1360 1794 1423 inlun-

436 1441 507 1503 dere
529 1443 638 1520 possit
676 1443 755 1504 Hinc
779 1445 855 1506 adeo
878 1445 942 1507 lieri
964 1444 1131 1520 existimat,
1155 1455 1188 1507 nt
1208 1447 1296 1508 Luna
1318 1445 1466 1518 videatur,
1491 1445 1585 1509 etiam
1607 1467 1674 1510 cum
1696 1455 1793 1511 tolum

436 1529 523 1591 nobis
546 1528 650 1592 Solem
677 1532 768 1612 eripit
798 1533 916 1613 objectu
946 1534 993 1595 sai
1023 1535 1178 1613 corporis:
1213 1544 1283 1596 tnnc
1313 1534 1392 1595 enim
1421 1534 1553 1595 transire
1586 1536 1687 1598 radios
1711 1535 1793 1600 Solis

437 1618 627 1698 aliquatenus
659 1620 813 1700 visumque
846 1631 979 1684 nostrum
1010 1622 1169 1685 incurrere.
1217 1623 1332 1685 Verum
1360 1630 1394 1683 ιιι
1416 1632 1554 1701 apparet,
1579 1624 1706 1686 Vitellio
1733 1643 1798 1688 uon-

438 1706 475 1769 de
497 1708 625 1770 maculis
648 1717 716 1771 erat
743 1709 892 1772 sollicitus
915 1729 983 1773 cum
1006 1711 1083 1772 hanc
1111 1712 1240 1791 eligeret
1262 1711 1445 1791 opinionem,
1476 1711 1531 1772 sed
1554 1712 1592 1773 da
1615 1712 1671 1775 hoc
1693 1713 1791 1792 phae-

436 1814 573 1871 nomena,
598 1815 653 1860 cur
674 1797 703 1859 in
727 1798 817 1859 totali
840 1798 922 1861 Solia
944 1799 1051 1880 eclipsi
1073 1800 1280 1863 Luna'videri
1305 1809 1397 1880 quest
1422 1808 1510 1880 parte
1534 1819 1554 1860 a
1576 1799 1649 1863 Sole
1672 1820 1791 1864 aversa.

436 1885 643 1948 Accesserunt
663 1886 708 1948 illi
731 1887 858 1949 auctarii
881 1889 947 1950 loco
970 1889 1116 1951 maculae.
1154 1889 1262 1969 Itaque
1281 1888 1308 1950 si
1332 1907 1387 1950 nos
1406 1889 1484 1949 infra
1505 1887 1793 1953 demonstrationem

436 1974 505 2036 huic
527 1975 733 2055 phaenomena
757 1977 847 2037 aliam
878 1977 1217 2051 accommodaverimus,
1242 1976 1433 2065 liberabimur
1455 1977 1513 2038 hac
1536 1977 1688 2058 opinione,
1714 1997 1791 2060 quas

434 2064 617 2144 permultum
639 2063 733 2126 habet
756 2064 952 2139 difficultatis,
977 2083 1158 2146 causamque
1186 2066 1369 2127 macularum
1396 2084 1453 2127 non
1485 2066 1720 2146 repugnantibus
1743 2066 1792 2129 his

435 2151 609 2214 auctoribus
633 2153 774 2215 aliorsum
797 2155 994 2230 conteremus.
1042 2152 1196 2217 Concinne
1224 2172 1352 2234 namque
1375 2153 1555 2216 Plutarchus
1583 2173 1621 2216 ex
1648 2154 1700 2218 illo
1724 2157 1800 2218 cxi·¹

435 2241 494 2303 mio
517 2241 623 2303 Lunae
646 2242 805 2322 splendore
829 2264 848 2304 a
870 2241 942 2305 Sole
965 2251 1100 2305 mutuato
1123 2242 1253 2322 colligit,
1278 2240 1491 2304 densissimum
1518 2250 1658 2321 oportere
1682 2261 1791 2324 corpus

435 2330 501 2410 ejus
534 2348 619 2402 csse,
649 2332 727 2410 quod
760 2331 913 2393 minimum
945 2332 1020 2395 lucis
1048 2332 1077 2393 in
1108 2332 1286 2412 profundum
1319 2331 1469 2393 demittat.
1514 2332 1550 2393 ld
1583 2331 1672 2394 facile
1703 2339 1792 2412 paret

434 2418 597 2480 collatione
628 2419 770 2481 instituta
804 2439 871 2482 cum
902 2420 1214 2501 resplendescentibas
1248 2420 1315 2482 aliis
1347 2435 1441 2499 penes
1473 2437 1543 2494 nos,
1577 2439 1701 2501 qnorum
1732 2440 1790 2502 qno

435 2506 534 2587 magis
559 2507 707 2587 quidlibet
727 2510 925 2589 perspicuum,
950 2510 1007 2572 hoc
1030 2510 1129 2572 minus
1151 2508 1316 2588 repercutit
1337 2508 1499 2570 radiorum.
1529 2506 1596 2571 Nec
1617 2510 1664 2572 ita
1686 2509 1789 2572 moltis

435 2596 551 2658 Terrae
574 2596 730 2659 diametris
753 2618 773 2659 a
795 2599 883 2660 nobis
905 2600 993 2660 Luna
1019 2599 1175 2672 discessit,
1209 2607 1244 2659 nt
1273 2617 1293 2658 ι
1323 2596 1451 2660 trireme
1480 2595 1520 2658 ad
1551 2597 1669 2661 lunaris
1696 2615 1789 2680 argue·

435 2683 562 2747 mentari
586 2686 652 2749 visu
674 2687 815 2765 praeside
838 2706 1030 2768 nequeamus.
1073 2684 1191 2758 Quodsi
1221 2692 1274 2748 aer
1304 2694 1408 2748 noster
1436 2703 1600 2765 paucorum
1621 2687 1796 2750 milliari·-

435 2773 642 2855 prol'nnditate
663 2773 729 2838 Soli
759 2776 946 2838 occumbeuti
978 2777 1115 2855 objectus
1142 2775 1188 2837 ita
1214 2775 1356 2837 debilitat
1387 2775 1453 2855 ejus
1481 2774 1597 2852 radios,
1627 2783 1662 2838 ut
1683 2775 1792 2840 umbra

434 2881 510 2943 pene
532 2871 661 2926 careant
682 2882 780 2944 opaca
802 2864 867 2928 Soli
889 2866 1049 2945 exposita3
1081 2864 1218 2946 idemque
1240 2871 1275 2926 ut
1297 2864 1377 2926 inira
1399 2863 1531 2939 dicetur,
1554 2864 1708 2945 duplicato
1731 2865 1789 2928 hoc

434 2951 535 3033 spatio
558 2952 648 3033 plane
680 2954 816 3016 umbram
839 2973 932 3035 usque
956 2954 995 3016 ad
1024 2954 1129 3015 Lunae
1160 2971 1269 3033 corpus
1300 2960 1462 3034 prorogat:
1495 2972 1533 3014 sn
1557 2971 1616 3016 uon
1643 2953 1790 3016 rariorem

435 3041 490 3102 hoc
512 3041 581 3121 ipso
604 3050 709 3104 nostro
732 3049 802 3104 abre
826 3042 984 3105 fecerimus
997 3044 1124 3118 Lunam,
1149 3041 1248 3122 siper
1270 3043 1436 3122 quingenta
1449 3041 1592 3104 milliaria
1607 3040 1795 3104 Germanias·

435 3130 569 3211 corporis
592 3129 721 3193 Lunaria
745 3134 850 3205 (tants
879 3150 1006 3212 namque
1037 3131 1101 3194 iere
1124 3138 1175 3193 eat
1206 3131 1365 3208 dimetiens
1389 3129 1508 3202 Lunae)
1537 3131 1667 3192 transire
1698 3149 1789 3210 posse

436 3217 517 3281 Solis
539 3219 643 3281 radios
666 3239 848 3294 asseramus,
871 3228 903 3282 et
926 3222 969 3282 sic
995 3220 1113 3301 quidem
1137 3220 1277 3293 transire,
1302 3227 1336 3281 ut
1358 3220 1387 3280 in
1411 3211 1514 3282 oculos
1537 3218 1699 3282 incurrant.

521 3307 791 3388 Elegantissimum
814 3319 862 3371 eat
883 3310 957 3372 illud
976 3309 1131 3371 Plutarchi
1151 3309 1325 3388 opusculum
1345 3317 1377 3370 et
1400 3308 1626 3372 festivissimum
1649 3308 1790 3388 dignum-

435 3417 499 3477 que,
524 3416 584 3479 quo
602 3416 636 3459 sc
659 3398 865 3478 philosophus,
889 3397 1035 3477 depositis
1054 3398 1215 3478 aliqnando
1234 3397 1343 3459 studiis
1366 3397 1564 3477 gravioribus,
1589 3391 1790 3473 oblectct⁸⁸l

435 3484 521 3557 Quae
543 3487 622 3548 adeo
654 3496 831 3561 causaest,
865 3494 984 3549 utnon
1016 3486 1128 3548 invitus
1160 3504 1227 3548 cum
1253 3486 1319 3565 ipso
1351 3487 1473 3548 ιιιιιιιιιι
1506 3494 1629 3548 anctore
1652 3486 1681 3547 in
1712 3485 1790 3549 hauc

434 3576 618 3638 seutentiam
641 3576 817 3650 concedam,
847 3576 932 3655 cnjus
956 3576 1027 3637 mihi
1055 3576 1175 3655 quidem
1203 3575 1269 3655 jam
1300 3575 1414 3655 pridem
1439 3581 1471 3636 et
1492 3575 1675 3637 Maestlinus
1697 3591 1789 3654 prae·

434 3673 539 3745 ceptor
561 3682 646 3726 meus
675 3673 781 3726 auctor
808 3665 884 3726 luit:
918 3664 1091 3743 dicamque,
1123 3665 1230 3726 Lunae
1257 3664 1321 3725 tale
1351 3683 1419 3725 esse
1452 3681 1560 3742 corpus
1593 3662 1681 3743 quale
1716 3663 1791 3724 haas

433 3763 540 3817 nostra
563 3752 659 3815 Terra
681 3760 739 3829 est,
764 3772 802 3815 ex
825 3773 904 3834 aqna
927 3761 959 3815 et
981 3753 1204 3815 continentibus
1227 3771 1317 3814 nuum
1334 3752 1456 3831 globum
1479 3751 1623 3813 efficiens.
1660 3752 1696 3812 Id
1720 3750 1789 3831 qui·

435 3843 501 3904 dem
524 3841 681 3922 pertendit
702 3841 884 3904 Plutarchus
915 3842 1077 3922 multisque
1108 3841 1275 3903 rationibus
1298 3849 1331 3901 et
1357 3840 1488 3902 oratorie
1512 3848 1544 3901 et
1570 3846 1676 3919 argute
1704 3855 1790 3902 com-

434 3930 531 3993 munit
553 3937 661 3993 contra
674 3931 777 3993 varias
801 3931 1006 4012 objectiones:
1032 3938 1066 3992 nt
1083 3930 1191 3991 merito
1210 3929 1310 3991 mirari
1325 3929 1423 4009 possit
1440 3926 1655 4008 peripateticus
1670 3925 1790 4007 aliquis,

434 4027 498 4081 tam
521 4018 620 4080 multa
642 4025 674 4081 et
697 4019 796 4082 solida
819 4028 925 4082 contra
947 4038 1021 4080 suae
1043 4026 1147 4080 sectae
1172 4018 1288 4099 placita
1310 4017 1419 4080 disseri
1442 4033 1541 4096 posse.
1586 4016 1639 4077 Me
1661 4013 1789 4095 potissi-

434 4125 513 4170 mum
539 4106 603 4169 ista
634 4108 821 4171 confirmant.
872 4107 1003 4169 Primum
1036 4125 1127 4187 snpra
1159 4107 1272 4169 dictum
1304 4114 1366 4182 cst,
1394 4105 1528 4179 Lunam,
1553 4123 1618 4166 cnm
1642 4103 1792 4166 bisectu

437 4197 546 4259 faciem
558 4204 779 4276 repraesentat,
795 4197 959 4258 sectionem
969 4197 1156 4276 inaequalem
1165 4195 1325 4257 ostendere
1335 4202 1367 4256 et
1381 4194 1598 4274 quodammodo
1614 4199 1789 4257 tortuosaru-⁸

436 4285 473 4346 Id
496 4294 675 4365 argumento
694 4294 751 4361 est,
775 4293 879 4366 partes
898 4286 962 4365 ejus
981 4285 1099 4365 aliquas
1118 4303 1186 4346 esse
1203 4284 1337 4358 humiles,
1361 4283 1478 4364 aliquas
1501 4282 1654 4357 elatiores,
1677 4299 1790 4363 easque

435 4374 466 4434 in
489 4381 620 4446 tantum,
642 4381 677 4435 ut
699 4393 719 4434 a
740 4374 901 4453 sexaginta
930 4373 1163 4436 semidiaruetris
1185 4373 1217 4434 id
1245 4391 1335 4434 sensu
1362 4371 1492 4434 discerni
1517 4372 1626 4452 possit.
1672 4370 1790 4433 Deinde

435 4461 465 4523 in
487 4462 667 4544 quibusdam
692 4463 863 4525 Lunaribus
895 4461 1059 4541 eclipsibus
1086 4481 1197 4542 magna
1220 4469 1347 4541 apparet
1369 4460 1588 4541 inaequalitas,
1612 4478 1708 4541 eaque
1730 4475 1789 4520 uon

434 4550 472 4613 ab
493 4550 601 4613 umbra
623 4551 735 4614 Terrae
765 4550 916 4632 prodiens.
963 4552 1078 4615 Notum
1105 4551 1185 4614 enim
1213 4558 1275 4620 est,
1308 4539 1611 4628 montinm'iastigia
1634 4545 1789 4609 rarissime

434 4639 521 4701 unius
543 4639 682 4703 milliaris
705 4640 806 4719 spatio
829 4639 939 4714 attolli,
965 4658 1087 4719 qaorum
1111 4640 1142 4700 in
1166 4638 1313 4701 diametro
1328 4639 1440 4702 Terrae
1463 4645 1535 4701 aunt
1551 4633 1646 4700 1600.
1683 4636 1790 4715 ltaque

435 4727 461 4788 si
484 4727 555 4809 quid
578 4729 679 4792 estin
704 4729 799 4791 Terra
822 4729 1008 4808 asperitatis,
1031 4729 1061 4790 id
1085 4728 1115 4790 in
1139 4728 1240 4802 Luna,
1265 4746 1342 4809 quae
1366 4723 1410 4791 60
1436 4723 1667 4789 semidiametris
1690 4722 1789 4799 abest,

435 4815 609 4880 utensibile
632 4835 701 4879 esse
723 4835 848 4879 necesse
872 4824 929 4879 est.
976 4815 1027 4880 Sit
1049 4818 1129 4879 enim
1153 4815 1283 4879 altitudo
1309 4815 1430 4890 montis,
1456 4833 1544 4897 quem
1567 4812 1695 4876 circulus
1717 4810 1791 4876 lllu·

437 4905 609 4969 minationis
641 4905 772 4981 transit,
805 4906 953 4978 milliare,
989 4905 1046 4969 hoc
1079 4913 1128 4968 est
1164 4904 1414 4985 octingentesima
1450 4899 1666 4967 semidiameui
1695 4917 1789 4982 pars:

436 5002 559 5058 ιιιιιιιιι
588 4995 665 5058 haec
696 4994 851 5076 quantitas
883 4994 976 5057 etiam
1007 4995 1073 5075 ejus
1105 4994 1229 5056 umbrae
1261 4993 1300 5056 ad
1323 4993 1459 5066 Lunam,
1492 5009 1617 5071 cumque
1648 4987 1791 5070 sexagies

437 5081 624 5164 οιιίιιοιιι,
655 5081 713 5145 boo
741 5089 792 5146 est
821 5082 1019 5165 quinquagies
1050 5082 1132 5146 mille
1165 5083 1229 5145 lere
1259 5079 1402 5145 milliaris
1432 5079 1496 5144 sint
1526 5097 1620 5160 usqae
1644 5077 1683 5140 ad
1707 5076 1790 5140 illam
