4584 6192
888 620 989 669 Literna
1008 615 1110 680 Ksplerl
1128 615 1276 681 aliorumque
1294 626 1396 667 mutuae

633 800 685 863 urg
707 799 749 853 38.
925 792 952 851 in
984 791 1157 862 altitudine,
1191 797 1225 850 ut
1253 791 1278 850 si
1309 791 1354 851 HI
1388 791 1431 852 sit
1457 789 1518 865 20,
1558 793 1602 854 IK
1634 801 1737 857 tamen
1772 817 1834 859 non

923 887 1026 958 posset
1067 897 1133 937 esse
1175 879 1290 955 longior
1325 898 1414 958 quam
1458 876 1519 941 187
1552 881 1705 943 milliaria.
1758 884 1834 947 Jam

547 987 744 1084 sf-J-
924 984 993 1026 roro
1014 967 1092 1026 aeris
1108 965 1236 1025 altitudo
1255 966 1343 1045 paulo
1364 966 1431 1045 plus
1451 968 1574 1030 dimidio
1593 969 1717 1033 milliari
1736 972 1836 1037 habet

641 1084 765 1147 κι-
767 1088 810 1093 --
860 1054 887 1097 1
922 1073 989 1115 cum
1013 1064 1061 1113 est
1085 1053 1225 1114 maxima
1241 1054 1425 1132 Equidem,
1449 1065 1483 1118 ut
1507 1058 1611 1119 umbra
1634 1058 1742 1123 Lunae
1766 1070 1833 1124 tam

491 1091 580 1194 β
580 1105 640 1162 s
684 1104 807 1266 Ι
924 1142 1090 1221 propinqua
1125 1141 1228 1202 teniat
1265 1141 1495 1223 claritatemque
1533 1146 1695 1225 extinguat
1736 1156 1831 1227 aeris,

925 1249 1048 1291 necesse
1073 1240 1121 1290 est
1144 1229 1267 1308 eclipsin
1291 1249 1366 1330 pene
1391 1232 1516 1294 totalem
1541 1234 1632 1295 cerui.

768 1315 774 1326 ”
895 1311 898 1318 ’
1014 1317 1137 1391 Scribis
1162 1317 1307 1378 Lunam
1300 1337 1328 1379 ιιι
1349 1319 1550 1399 eclipsiSolis
1571 1323 1716 1383 distincte
1736 1324 1831 1396 cerui,

658 1337 765 1510 'NV
924 1425 990 1467 curu
1023 1416 1070 1466 est
1103 1406 1234 1467 latitudo
1264 1406 1406 1468 borealis.
1453 1409 1511 1470 Hic
1535 1410 1560 1469 si
1587 1410 1623 1470 de
1653 1419 1720 1472 toto
1745 1413 1832 1472 disco

925 1494 1051 1573 intelligi
1071 1495 1126 1563 ris,
1150 1494 1236 1573 cupio
1256 1495 1462 1572 experimenta
1476 1499 1524 1559 vel
1548 1500 1749 1560 auctoritates
1773 1501 1833 1563 abs

469 1597 501 1646 te
526 1583 660 1644 indic-ari.
700 1578 753 1640 Sin
776 1589 888 1647 auteur,
913 1601 989 1661 quae
1011 1591 1174 1662 sequuntur
1195 1584 1378 1661 (,quomodo
1402 1585 1483 1646 orbis
1507 1588 1613 1648 Lunae
1636 1597 1700 1649 tum
1725 1589 1831 1650 orbem

469 1673 548 1734 Solis
581 1670 726 1741 subeat“)
760 1668 796 1729 iis
831 1666 931 1746 priora
963 1670 1113 1749 explicare
1146 1670 1287 1744 uoluisti,
1320 1672 1441 1733 videtur
1463 1674 1536 1736 milri
1569 1694 1728 1737 commuue
1758 1696 1831 1738 esse

468 1761 605 1823 omnibus
629 1757 790 1836 eclipsibus
814 1774 989 1837 quacunque
1015 1759 1183 1820 latitudine.

560 1849 635 1909 Puto
660 1846 761 1925 itaque
785 1863 874 1905 ιιιιιιιιι
899 1845 983 1907 nobis
1007 1847 1153 1920 sulficere,
1179 1856 1212 1907 ut
1234 1846 1361 1925 insignis
1386 1848 1476 1910 inerit
1499 1850 1580 1912 aeris
1603 1851 1732 1931 puritas.
1781 1852 1831 1916 Ea

472 1937 587 1999 dnobus
611 1935 779 1996 nominibus
804 1934 929 2012 adjuvit,
956 1936 1082 2014 primunr
1105 1935 1199 1996 Terra
1223 1934 1427 1998 vehementius
1453 1937 1508 1998 init
1531 1959 1551 1998 a
1565 1938 1637 2001 Sole
1661 1940 1830 2016 illustrata,

473 2026 610 2105 quamsi
641 2023 784 2084 nebuloso
818 2029 887 2082 aire
917 2024 1024 2085 inisset
1054 2025 1180 2095 vestita,
1218 2024 1323 2084 lortius
1351 2024 1452 2105 itaque
1487 2028 1620 2089 vicissim
1648 2038 1680 2089 et
1708 2029 1831 2093 Lunam

475 2114 649 2176 illustrarit.
688 2111 804 2172 Deinde
828 2118 881 2171 ae'r
904 2113 1000 2173 minus
1024 2113 1198 2173 occaecavit
1221 2120 1418 2190 spectatores,
1444 2114 1471 2175 si
1495 2115 1592 2177 nrinus
1611 2136 1734 2178 crassus
1759 2118 1829 2196 suit,

431 2251 435 2260 .
472 2203 570 2264 miuus
595 2202 743 2263 radiorum
773 2200 924 2261 combibit.
972 2201 1017 2261 Dc
1042 2200 1190 2279 speculari
1219 2199 1434 2278 aequabilitate
1464 2204 1555 2265 maris
1586 2202 1716 2279 Oceani,
1749 2225 1830 2286 quae

470 2309 526 2371 per
549 2291 695 2368 insignem
719 2291 839 2369 Jclnrnr
863 2289 967 2362 fuerit,
989 2289 1053 2367 jam
1076 2308 1152 2367 pene
1177 2289 1258 2349 cedo.
1304 2288 1382 2351 Nam
1406 2289 1433 2350 si
1462 2311 1545 2353 mare
1576 2294 1732 2373 speculum
1757 2298 1828 2370 fuit,

469 2379 624 2459 speculum
654 2377 813 2440 rotundum
843 2377 914 2451 luit,
946 2378 1023 2456 quod
1059 2377 1206 2456 dispergit
1233 2376 1334 2438 radios
1362 2375 1443 2439 Solis
1472 2400 1686 2460 repercussos:
1721 2382 1830 2465 itaque

473 2468 651 2529 imbecillius
680 2467 796 2527 Lunam
825 2465 951 2544 pingunt
978 2473 1008 2526 et
1039 2466 1200 2527 illustrant.
1247 2464 1309 2526 Sed
1339 2483 1448 2545 operae
1478 2470 1606 2547 pretium
1634 2480 1684 2532 est
1712 2472 1828 2549 videre,

473 2556 540 2635 quis
564 2556 648 2616 locus
671 2555 782 2615 Terrae
807 2553 905 2627 fuerit,
930 2555 1007 2615 unde
1031 2554 1179 2633 repercuti
1204 2553 1343 2615 debuere.

559 2644 609 2705 Ad
639 2643 696 2703 lroo
725 2660 798 2720 opus
835 2650 881 2703 est
915 2643 1084 2721 cognitione
1126 2642 1268 2703 ιιοιὶΙιιιιίἰ
1304 2644 1376 2705 reri.
1423 2642 1547 2705 Stadius
1576 2646 1706 2709 Lovanii
1738 2651 1829 2729 ponit

471 2734 502 2795 lr.
526 2730 579 2795 22.
605 2727 668 2805 29,
695 2730 772 2811 quod
803 2739 886 2792 esset
909 2730 1148 2792 Lissabonaeh.
1174 2728 1227 2793 20.
1251 2727 1316 2795 49⁴.
1362 2731 1425 2793 Sed
1448 2733 1599 2814 Tychonis
1627 2736 1728 2797 verior
1756 2740 1827 2802 cal-

472 2823 557 2884 culus
581 2820 667 2882 addit
691 2820 781 2880 horas
805 2820 924 2881 circiter
947 2820 1038 2895 duas,
1063 2827 1096 2880 ut
1121 2820 1211 2880 fuerit
1233 2819 1476 2882 Lissabonaeh
1502 2842 1527 2883 c.
1553 2820 1606 2885 23.
1653 2823 1757 2887 Locus
1783 2826 1826 2905 Θ

471 2907 550 2989 12οΙ2
579 2916 672 2983 lta,
703 2908 819 2969 Declin.
850 2904 888 2969 70
915 2910 984 2970 circ.
1014 2907 1167 2970 australis
1216 2909 1304 2969 Luna
1330 2927 1401 2971 vero
1426 2910 1540 2972 habens
1568 2911 1763 2976 latitudinem
1787 2912 1828 2977 20

466 2999 640 3061 declinabat
668 2997 740 3058 circ.
769 2992 816 3059 5⁰.
870 2998 977 3075 ltaque
1007 2996 1060 3059 Sol
1093 2996 1245 3058 rerticalis
1277 2997 1334 3057 fuit
1362 2998 1438 3072 illis,
1468 2999 1574 3079 quibus
1602 3009 1671 3062 erat
1699 3001 1757 3064 lat.
1788 3000 1828 3068 7⁰

466 3095 561 3150 austr.
587 3088 625 3148 ab
649 3093 823 3166 aequatore,
847 3086 935 3147 Luna
958 3086 1028 3157 illis,
1052 3086 1158 3164 quibus
1183 3080 1221 3145 50
1243 3095 1347 3155 ιιιιεῑι.,
1373 3087 1422 3165 qui
1449 3087 1484 3148 lh
1508 3087 1554 3148 rel
1582 3085 1641 3151 150
1664 3089 1828 3157 distabant

466 3179 505 3240 ab
533 3176 652 3254 Hispali
684 3194 789 3235 versus
819 3172 973 3236 orientem.
1026 3175 1125 3235 Locus
1157 3173 1245 3251 igitur
1279 3193 1472 3254 repercussus
1503 3176 1573 3251 luit,
1609 3176 1660 3238 ubi
1690 3179 1826 3244 latitudo

466 3261 505 3329 6⁰
528 3273 604 3327 aust.
652 3264 731 3324 Nam
755 3262 810 3323 sub
830 3262 883 3323 lat.
904 3260 943 3323 i⁰
965 3263 1067 3324 radius
1090 3281 1292 3341 repercussus.
1318 3262 1388 3342 quia
1410 3264 1677 3343 perpendicularis,
1702 3269 1825 3331 refere-

464 3354 554 3415 batur
577 3353 656 3414 ultra
680 3352 797 3413 Lunam
821 3350 850 3412 iu
873 3352 1117 3431 septentrionem.
1161 3350 1236 3421 Quis
1260 3359 1308 3412 est
1331 3352 1424 3424 locus,
1448 3354 1532 3432 cujus
1557 3354 1638 3415 latit.
1664 3350 1704 3417 60
1726 3369 1822 3433 aust,

465 3441 660 3521 longitudinis
683 3439 854 3501 differentia
872 3440 910 3502 ab
924 3440 1044 3519 Hispali
1064 3440 1093 3501 iu
1112 3448 1209 3501 ortum
1234 3438 1315 3502 15⁰?
1338 3441 1469 3502 Terraue
1489 3463 1529 3503 an
1552 3442 1658 3504 mare?
1681 3444 1819 3526 Mappae

466 3531 599 3592 indicant
622 3530 718 3591 sinum
741 3529 823 3590 illum
846 3527 996 3609 ingentem
1021 3528 1125 3590 oceani
1149 3527 1354 3598 occidentalis,
1379 3529 1408 3590 in
1432 3549 1489 3609 quo
1509 3530 1541 3593 S.
1558 3531 1692 3593 Thomae
1717 3533 1820 3597 insula

466 3620 590 3701 ejusque
610 3637 686 3698 pene
709 3616 914 3680 meditullium.
962 3615 989 3678 Ο
1014 3636 1077 3678 rem
1099 3616 1274 3678 ridiculam!
1299 3638 1336 3678 an
1360 3636 1417 3679 nou
1442 3619 1498 3680 hoc
1522 3628 1570 3681 est
1592 3620 1699 3682 literas
1734 3623 1822 3685 disco

465 3710 570 3770 Lunae
592 3705 780 3769 inscribere?
820 3705 899 3768 Naru
923 3707 948 3767 si
972 3725 1009 3766 ea
1032 3705 1106 3766 hora
1129 3705 1215 3766 uaris
1244 3706 1345 3786 aliqua
1377 3706 1484 3768 luisset
1507 3707 1558 3770 illo
1583 3708 1649 3769 loco
1679 3720 1817 3786 versata,

465 3798 532 3877 ejus
565 3796 671 3858 umbra
702 3796 770 3857 visa
800 3803 884 3856 esset
911 3795 941 3856 in
971 3795 1067 3855 Luna.
1113 3794 1180 3855 Aut
1211 3794 1373 3855 secundum
1406 3803 1539 3857 veternru
1572 3798 1758 3861 senteutiam
1783 3801 1827 3863 de·

465 3888 569 3948 Lunae
606 3885 731 3946 maculis
769 3883 1039 3945 accommodatius:
1063 3883 1089 3943 si
1127 3882 1226 3944 iusula
1253 3882 1293 3943 ibi
1331 3882 1439 3944 fuisset
1468 3881 1488 3945 2
1518 3887 1568 3946 rel
1596 3882 1616 3948 3
1645 3886 1821 3951 milliarium

466 3976 621 4049 diametro,
645 3993 682 4035 ea
700 3972 848 4033 maculam
867 3972 897 4034 in
912 3973 999 4034 Luna
1017 3971 1234 4050 praestitisset,
1259 3972 1336 4051 quod
1351 3972 1427 4032 hanc
1448 3972 1567 4052 quidem
1582 3974 1821 4040 illustrationem

466 4065 587 4126 attinet.
1552 4126 1561 4137 ,
1756 4107 1759 4113 -

552 4150 624 4212 Jam
651 4149 827 4211 electionem
855 4147 910 4209 tibi
940 4148 977 4207 do
1011 4147 1171 4208 admittere
1205 4147 1280 4209 relis
1312 4147 1390 4209 banc
1418 4167 1540 4210 causam
1569 4150 1607 4211 de
1639 4169 1821 4231 repercussu

466 4240 614 4321 speculari
638 4238 718 4301 Solis
751 4236 934 4298 radiorum
927 4254 954 4296 ιιι
979 4236 1112 4308 lunam,
1147 4253 1213 4296 cum
1245 4236 1349 4298 rideas
1381 4246 1486 4316 partes
1518 4237 1600 4342 globi
1624 4239 1738 4303 Terrae
1761 4261 1820 4305 nou

466 4343 640 4430 repugnare,
665 4336 698 4388 et
721 4327 808 4387 detur
831 4324 909 4405 quod
933 4322 1063 4402 postulo,
1088 4342 1194 4402 nempe
1208 4328 1328 4403 Ιαληνη.
1353 4344 1391 4387 ao
1410 4326 1499 4388 malis
1521 4327 1657 4405 rejicere,
1681 4331 1821 4412 eoquod

465 4416 576 4519 exigua
598 4416 695 4497 portio
720 4415 832 4476 Terrae
856 4431 914 4475 uon
937 4411 1031 4491 major
1054 4408 1074 4473 8
1098 4411 1275 4473 milliaribus
1304 4421 1399 4475 totam
1429 4415 1508 4476 hanc
1530 4415 1636 4477 Lunae
1665 4415 1821 4482 illumina-

466 4505 579 4568 tionem
601 4505 780 4576 sustineret;
807 4510 837 4564 et
860 4500 996 4573 credere,
1021 4498 1195 4578 potissimas
1218 4512 1321 4580 partes
1352 4502 1579 4567 illuminationis
1605 4503 1697 4567 luisse
1722 4508 1821 4569 totius

466 4594 554 4656 faciei
579 4593 717 4667 Telluris,
742 4599 774 4652 et
797 4589 835 4650 ab
859 4588 924 4667 ejus
949 4589 1013 4649 lnce
1038 4589 1265 4652 communicata.

556 4683 652 4755 Vale,
683 4699 787 4760 meque
819 4677 1059 4739 commendatum
1089 4676 1243 4740 habe.—
1282 4675 1336 4741 27.
1361 4681 1435 4762 Apr
1469 4675 1562 4742 1605.
1609 4680 1689 4742 Nob.
1714 4683 1820 4763 Magn

466 4772 548 4834 Tuae
1100 4763 1348 4829 officiosissimus

1447 4854 1576 4918 Jonam
1597 4855 1729 4939 Kepler,

1466 4944 1712 5009 Mathematicus.

557 5070 597 5122 De
616 5069 713 5133 Scripta
741 5067 782 5117 illo
813 5064 973 5123 ,LamotiT‘
993 5065 1104 5126 (Astomi
1118 5066 1248 5116 Laurentii
1261 5066 1292 5115 ds
1304 5064 1391 5116 llonte
1404 5064 1544 5128 Pnlciam).
1561 5068 1626 5133 qnod
1644 5070 1715 5120 initio
1734 5071 1822 5124 harum

466 5143 592 5193 litem
610 5140 732 5205 Keplems
756 5138 831 5196 dicit,
855 5136 962 5202 pluribus
985 5138 1067 5204 agitur
1084 5139 1109 5187 in
1128 5137 1190 5187 libro
1208 5136 1311 5201 Keplerl
1329 5138 1361 5186 de
1379 5137 1452 5190 stella
1474 5153 1548 5189 nora.
1579 5138 1680 5191 literae
1698 5139 1823 5195 Hemrtl
