4584 6192
1072 606 1204 684 ΒΜ
2057 614 2403 664 Antronomiae
2440 612 2562 664 Pu·
2601 611 2796 675 Optica.

1070 804 1192 867 qna
1235 786 1289 847 si
1347 786 1457 848 sub
1519 786 1615 847 dio
1665 786 1868 859 fueris,
1931 785 2088 848 inter
2151 787 2347 849 nivem
2396 794 2457 846 et
2522 786 2878 859 carbonem,
2942 785 3101 847 inter
3154 787 3383 847 coelum
3430 793 3494 846 et
3551 794 3794 846 montes

1069 891 1335 956 nequeas
1406 874 1766 937 discernere.
1879 875 2055 937 Adeo
2120 876 2177 937 in
2254 875 2614 937 densissima
2684 882 2859 954 parte
2930 875 3177 936 umbrae
3237 875 3537 935 Terrenae
3606 874 3794 953 (quae

1067 969 1306 1026 noctem
1335 963 1550 1036 efficit)
1598 982 1896 1044 nunqnam
1945 964 2165 1037 evenit,
2215 972 2281 1026 ut
2312 984 2517 1026 omnes
2565 963 2804 1024 omnino
2853 963 3167 1025 stellarum
3195 964 3345 1024 radii
3396 961 3797 1025 excludantur

1068 1047 1292 1114 nihilve
1339 1051 1674 1113 illustretur
1720 1052 1791 1113 de
1842 1051 1934 1113 his
1981 1054 2371 1115 terrestribus
2432 1052 2628 1115 rebuS.
2725 1049 2881 1122 Quin
2951 1051 3133 1130 igitur
3179 1061 3242 1113 et
3296 1052 3483 1113 multo
3551 1051 3794 1130 quidem

1068 1138 1272 1220 potius
1319 1140 1377 1202 in
1436 1140 1542 1202 illa
1589 1159 1737 1219 pura
1793 1161 1941 1202 aura
2005 1143 2312 1216 aetheria,
2383 1161 2501 1221 qua
2556 1142 2731 1202 Luna
2799 1141 3116 1203 transitum
3178 1141 3404 1214 habet,
3471 1140 3799 1218 sexaginta

1070 1229 1297 1293 Terrae
1345 1230 1809 1291 semidiametris
1840 1249 2024 1310 supra
2050 1231 2204 1293 hunc
2247 1240 2515 1292 nostrum
2564 1230 2956 1310 caliginosum
2995 1236 3196 1291 a‘erem
3226 1238 3497 1304 extante,
3546 1229 3797 1289 umbra-

1075 1334 1189 1398 que
1247 1319 1374 1399 jam
1439 1318 1826 1380 vehementer
1886 1326 2239 1392 attenuata,
2308 1320 2463 1380 idem
2526 1318 2728 1380 sidera
2786 1318 2846 1379 in
2896 1318 3127 1379 Lunam
3194 1319 3432 1397 possint
3478 1318 3536 1379 in
3585 1317 3800 1377 umbra

1073 1403 1301 1469 Terrae
1349 1406 1714 1480 haerentem,
1766 1409 1922 1486 quod
1963 1407 2059 1468 hic
2107 1417 2363 1487 possunt
2396 1408 2454 1467 in
2507 1415 2757 1480 montes,
2809 1407 2866 1466 in
2915 1408 3121 1482 nubes,
3171 1408 3228 1468 in
3277 1407 3496 1479 nivem,
3545 1406 3605 1466 in
3655 1425 3795 1465 car-

1072 1494 1311 1558 bones?
1386 1494 1471 1556 Ut
1532 1504 1769 1557 taceam
1837 1497 2153 1558 nonnullos
2218 1497 2421 1559 radios
2469 1518 2507 1556 a
2555 1495 2698 1557 Sole
2748 1496 2804 1556 in
2872 1501 3009 1557 aere
3077 1497 3371 1557 refractos
3419 1495 3477 1556 in
3535 1495 3799 1556 medium

1075 1582 1256 1646 etiam
1304 1584 1545 1644 umbrae
1592 1584 1955 1663 pertingere.
2034 1583 2236 1655 Quare
2286 1594 2410 1647 tam
2460 1584 2779 1645 luculentis
2819 1584 3020 1646 causis
3059 1584 3236 1664 hujus
3282 1584 3515 1646 luculae
3565 1602 3795 1662 suppe-

1077 1673 1366 1745 tentibus,
1415 1670 1557 1733 nihil
1608 1681 1705 1733 est
1751 1692 1900 1752 opus
1948 1673 2156 1734 Lunae
2204 1673 2507 1754 proprium
2556 1674 2748 1734 lumen
2798 1672 3079 1735 tribuere.

1077 1811 1138 1877 5.
1188 1812 1609 1875 Problema:
1660 1813 2202 1875 Refractiones
2252 1815 2317 1875 in
2359 1814 2796 1895 longissime
2846 1815 3312 1876 distantibus
3361 1812 3798 1893 regionibus

1576 1902 1823 1962 metiri
1874 1921 1957 1962 ex
2005 1903 2537 1964 observatione
2586 1904 2967 1983 eclipsium
3017 1901 3284 1964 Lunae.

1258 2023 1456 2105 Supra
1485 2025 1633 2087 Nr0.
1666 2022 1727 2087 2.
1779 2045 1854 2087 ex
1900 2025 2256 2087 horizontali
2305 2026 2666 2089 refractione
2699 2023 2805 2089 34¹
2846 2026 3214 2087 definivimus
3252 2026 3522 2087 umbram
3553 2025 3800 2096 Terrae,

1078 2113 1157 2175 ab
1203 2113 1488 2174 extremis
1540 2112 1703 2173 Solis
1770 2115 1956 2177 radiis
2022 2114 2303 2176 refractis
2351 2115 2600 2177 Terram
2648 2115 3133 2195 contingentibus
3181 2115 3659 2187 determinatam,
3708 2110 3797 2176 43

1079 2202 1565 2264 semidiametros
1614 2204 1836 2264 Terrae
1886 2205 2165 2284 longam;
2233 2204 2574 2284 dictumque
2624 2215 2755 2276 est,
2804 2205 3072 2276 Lunam,
3122 2223 3253 2265 cnm
3303 2211 3399 2264 est
3444 2202 3796 2276 humillima,

1090 2288 1160 2352 ¹1
1217 2291 1685 2353 semidiametris
1752 2294 2025 2371 superius
2091 2293 2384 2354 transire:
2447 2312 2562 2372 quo
2620 2295 2794 2354 modo
2842 2293 3073 2354 Lunam
3121 2292 3269 2353 haec
3316 2291 3527 2352 umbra
3573 2290 3799 2351 Terrae

1081 2398 1382 2459 nunquam
1449 2381 1844 2459 contingeret.
1938 2383 2029 2443 At
2072 2381 2217 2443 Nro.
2268 2378 2330 2443 3.
2397 2401 2531 2443 cum
2596 2383 2750 2444 ratio
2819 2383 3168 2443 redderetur
3233 2381 3795 2459 experimentorum,

1080 2485 1232 2547 quae
1281 2477 1421 2528 sunt
1485 2469 1705 2542 allata,
1758 2468 2016 2532 Lunaris
2083 2469 2347 2547 corporis
2406 2480 2639 2550 partem
2699 2472 2994 2550 genuinae
3059 2470 3305 2530 umbrae
3368 2467 3606 2529 omnino
3655 2487 3799 2547 per-

1079 2555 1350 2618 misimus
1398 2555 1854 2619 obscurandam.
1933 2556 2066 2629 Quo
2116 2559 2245 2619 loco
2297 2578 2367 2618 ne
2417 2560 2884 2621 contradictoria
2933 2559 3062 2639 quis
3111 2557 3423 2637 proposita
3470 2556 3798 2628 existimet,

1080 2644 1258 2705 velim
1307 2644 1453 2705 illud
1502 2646 1939 2720 consideraret,
1999 2667 2114 2708 non
2164 2647 2433 2708 omnibus
2485 2649 2629 2710 locis
2680 2649 3070 2709 refractiones
3120 2666 3254 2707 esse
3304 2646 3579 2717 easdem,
3644 2645 3800 2724 quod

1085 2750 1271 2813 supra
1305 2752 1355 2793 c.
1390 2733 1501 2795 IV.
1552 2754 1608 2795 n.
1638 2732 1698 2796 8.
1752 2735 1904 2797 satis
1936 2744 2033 2796 est
2078 2736 2468 2797 declaratum.
2548 2735 2844 2799 Cassellis
2884 2758 2939 2799 n.
2981 2737 3039 2797 in
3070 2737 3512 2797 mediterranea
3557 2734 3803 2814 regione

1088 2820 1371 2884 inventae
1438 2830 1579 2882 sunt
1645 2823 1924 2887 minores,
2030 2824 2263 2885 Deinde
2332 2825 2652 2905 diligenter
2719 2825 3218 2887 considerandum
3279 2832 3413 2897 est,
3482 2841 3804 2902 quamnam

1784 2914 2028 2976 umbrae
2097 2912 2299 2974 aeriae
2373 2914 2675 2993 regionem
2758 2914 3001 2975 refracti
3078 2932 3187 2992 per
3257 2913 3414 2973 aeris
3494 2910 3805 2973 humidam

1783 3003 2187 3064 substantiam
2236 3001 2497 3062 transire
2534 3003 2774 3064 omnino
2820 3002 3074 3082 possint.
3154 3000 3381 3062 Centro
3414 3025 3455 3061 α
3502 2999 3806 3061 scribatur

1781 3092 2034 3154 circulus
2082 3090 2379 3153 maximus
2428 3092 2761 3170 superficiei
2810 3092 3066 3152 Telluris
3101 3092 3186 3169 βγ,
3238 3097 3302 3151 et
3346 3088 3596 3150 laxioris
3645 3089 3808 3150 circa

1659 3187 1687 3239 ’.π
1780 3180 1934 3242 hunc
1982 3179 2141 3241 aeris
2189 3184 2271 3253 δε,
2323 3179 2516 3260 sitque
2565 3186 2629 3241 δε
2676 3181 2932 3241 circulus
2990 3177 3442 3241 illuminationis
3490 3177 3693 3238 aeris:
3744 3186 3809 3237 et

1780 3267 1871 3343 ξό,
1921 3291 1987 3331 οε
2032 3267 2186 3330 radii
2234 3268 2311 3329 ab
2359 3269 2841 3330 extremitatibus
2891 3268 3052 3331 Solis
3099 3272 3318 3329 coeant
3363 3266 3420 3328 in
3470 3287 3538 3340 π,
3592 3266 3803 3327 deter-

1783 3359 2082 3420 minantes
2143 3359 2413 3418 umbram
2460 3358 2650 3432 aeriS,
2723 3378 2873 3438 quae
2944 3357 3190 3435 eclipsin
3240 3357 3449 3417 Lunae
3496 3363 3805 3416 causatur.

1785 3449 2133 3528 Tangentes
2182 3464 2323 3508 vero
2385 3447 2700 3526 sphaeram
2751 3447 2908 3508 aeris
2958 3447 3014 3507 in
3065 3449 3127 3519 ὅ,
3177 3468 3222 3519 e,
3290 3445 3702 3522 refringantur
3750 3444 3808 3503 in

1786 3532 1882 3609 δζ,
1931 3560 2024 3615 εη,
2090 3535 2285 3615 ibique
2352 3536 2582 3614 egressi
2648 3555 2879 3596 rursum
2939 3534 3345 3613 refringantur
3407 3533 3461 3592 in
3529 3528 3641 3604 ζω,
3700 3554 3807 3609 ηω.

1782 3625 1922 3687 Erit
1982 3625 2165 3704 igitur
2224 3649 2314 3685 αω
2381 3624 2616 3685 citimus
2691 3626 2934 3686 umbrae
3010 3623 3317 3686 terminuS.
3426 3621 3585 3681 Nam
3651 3620 3811 3702 quod

1786 3716 2007 3776 attinet
2052 3721 2260 3794 partes
2311 3712 2473 3775 Solis
2523 3713 2680 3774 intra
2727 3712 2815 3786 65,
2864 3737 2928 3775 εο
2977 3714 3202 3785 radios,
3253 3710 3337 3771 illi
3387 3710 3466 3770 ad
3512 3716 3564 3784 ὅ,
3616 3732 3644 3769 ε
3693 3727 3811 3769 non

1785 3805 2170 3883 pertingunt3
2250 3811 2573 3881 tangentes
2645 3812 2845 3863 antem
2925 3803 3083 3863 aeris
3145 3801 3465 3879 sphaeram
3530 3799 3811 3877 superius

1787 3913 1996 3953 versus
2063 3916 2129 3966 κ,
2196 3895 2260 3965 λ,
2332 3893 2570 3953 eosdem
2641 3893 2868 3953 faciunt
2936 3891 3187 3967 angulos
3257 3888 3684 3949 ren-actionum
3752 3899 3816 3946 et

1787 3982 2041 4059 ingressi
2089 3980 2379 4060 superiori
2428 3981 2557 4041 loco
2608 4000 2785 4059 quam
2832 3987 2974 4041 sunt
3011 3985 3064 4048 ὅ,
3097 4002 3143 4049 e,
3194 3975 3577 4056 egrediuntur
3625 3975 3813 4036 etiam

1787 4069 2076 4149 superiori
2141 4071 2270 4130 loco
2340 4088 2514 4146 quam
2582 4078 2723 4128 sunt
2769 4065 2827 4140 ζ,
2877 4091 2939 4145 η,
2998 4076 3062 4128 et
3117 4067 3201 4127 sic
3269 4067 3415 4125 fiunt
3478 4064 3814 4125 exteriores

1331 2981 1439 3046 rig.
1481 2978 1566 3031 95.

1788 4179 1960 4239 quam
1994 4155 2092 4231 ζω,
2125 4180 2229 4233 ηω.
2306 4157 2568 4217 Rursum
2620 4158 2742 4218 sint
2770 4159 2827 4233 β,
2870 4181 2899 4235 y
2945 4158 3080 4217 loca
3126 4155 3182 4215 in
3232 4152 3547 4215 meridiani
3588 4153 3814 4214 Terrae

1787 4247 2083 4327 oppositis
2148 4245 2574 4319 semicirculiS,
2642 4246 2703 4306 in
2763 4245 2976 4324 quibus
3039 4244 3216 4318 lociS,
3269 4251 3473 4303 centro
3537 4238 3703 4302 Solis
3754 4241 3812 4302 in

1789 4337 1945 4397 linea
1992 4359 2083 4397 αω
2132 4335 2479 4403 constitum,
2532 4342 2696 4394 totus
2734 4334 3009 4413 utrinque
3049 4332 3153 4394 Sol
3203 4333 3462 4393 refracte
3511 4337 3813 4399 cernatur,

1789 4425 2053 4504 margine
2104 4423 2301 4483 infimo
2351 4423 2653 4501 stringens
2701 4422 3098 4484 horizontem:
3149 4421 3239 4482 ita
3270 4429 3333 4481 ut
3361 4444 3457 4494 μκ,
3488 4421 3555 4478 ἰλ
3589 4419 3812 4480 refrin-

1788 4523 2010 4592 gantur
2057 4514 2114 4573 in
2164 4516 2262 4585 κθ,
2316 4514 2386 4584 λι,
2439 4511 2689 4589 indeque
2738 4511 2795 4571 in
2842 4515 2954 4591 θχ,
3006 4534 3086 4590 ιχ,
3138 4517 3417 4570 secantes
3466 4503 3704 4586 Zoe,nm
3755 4508 3816 4569 in

1785 4601 1855 4675 P,
1888 4598 1966 4671 Q.
2040 4601 2308 4663 Necesse
2359 4608 2454 4660 est.
2490 4618 2595 4679 per
2635 4619 2727 4671 ea,
2779 4618 2929 4679 quae
2963 4617 3094 4676 cap.
3130 4598 3209 4659 V.
3259 4598 3403 4658 Nr0.
3440 4594 3500 4658 3.
3543 4614 3714 4675 prop.
3750 4591 3810 4659 9.

1790 4692 2205 4752 demonstrata
2251 4697 2415 4761 sunt,
2466 4700 2532 4749 ut
2578 4688 2628 4749 si
2679 4688 2935 4748 maxime
2965 4686 3054 4761 ξδ,
3084 4710 3161 4761 μκ
3208 4685 3481 4765 paralleli
3533 4684 3811 4757 fuissent,

1790 4780 1876 4840 sic
1925 4788 1988 4841 et
2035 4801 2119 4852 os,
2167 4782 2251 4851 γλ,
2301 4788 2500 4839 tamen
2550 4772 2700 4849 ξδζω
2749 4784 2810 4837 et
2858 4797 3010 4854 οεηω
3060 4774 3303 4836 citerius
3350 4792 3705 4835 concurrere
3755 4773 3814 4833 in

1791 4892 1860 4941 m,
1909 4888 2087 4948 quam
2135 4872 2316 4948 μκθχ,
2364 4868 2504 4945 νλιχ.
2580 4866 2775 4926 Multo
2815 4865 2877 4925 id
2916 4866 3048 4943 jam
3097 4863 3289 4943 magis
3335 4861 3643 4923 inclinatis
3692 4862 3815 4922 illis

1793 4957 1995 5031 lineis,
2075 4957 2216 5037 quia
2278 4954 2381 5027 ξό,
2452 4974 2516 5013 οε
2578 4974 2615 5013 a
2669 4953 2959 5033 superiori
3028 4951 3192 5014 Solis
3265 4951 3532 5031 margine
3606 4950 3814 5012 venire

1790 5053 2106 5124 ponuntur,
2154 5067 2248 5119 μκ,
2298 5045 2365 5103 γλ
2411 5042 2486 5102 ab
2535 5042 2837 5104 inferiore.
2912 5042 3012 5103 Ita
3055 5066 3089 5122 χ
3136 5041 3255 5102 erit
3300 5039 3587 5102 remotius
3637 5058 3818 5119 quam

1792 5156 1860 5205 ω,
1903 5142 1966 5195 et
1991 5136 2094 5213 θχ,
2124 5156 2179 5213 ιχ
2215 5132 2450 5193 termini
2499 5130 2897 5193 radiationum
2944 5130 3340 5192 refractarum
3386 5126 3585 5190 alteri.
3652 5126 3816 5189 Nam
