4584 6192
807 647 895 699 literas
912 647 1014 713 Kspisrl
1032 648 1184 714 alicunque
1200 655 1310 701 ιιιιιιιιι.
1667 655 1747 724 780.

471 821 523 885 Sic
545 825 637 901 igitur
659 826 710 888 ille
734 827 783 889 lul.
809 822 870 888 54·
893 836 1006 898 ,Dicam
1021 838 1083 909 quid
1097 839 1224 909 amplius,
1246 839 1367 907 ejusdem
1388 847 1508 896 naturae
1522 859 1611 898 rernm
1633 846 1730 918 benig·

379 913 499 969 nitatem
518 918 564 970 ιιι
592 936 627 971 ιι
649 936 683 971 ιο
713 917 839 989 agnosci
869 919 972 987 quod
961 920 995 971 ad
1022 936 1071 972 nos
1102 921 1262 973 erudiendos
1294 921 1456 976 maculam
1447 940 1476 975 m
1496 923 1560 977 Sole
1582 925 1729 1019 aliquando

380 994 519 1051 excitarit
537 999 609 1052 adso
629 1013 772 1082 magnam
779 1005 808 1052 et
829 975 984 1062 obscuram,
1005 1006 1038 1052 ut
1057 1002 1129 1054 nudo
1150 1008 1180 1054 et
1200 1000 1316 1069 simplici
1342 1002 1425 1056 etiam
1446 1003 1507 1057 risu
1528 1005 1650 1059 naturali
1670 1008 1732 1062 sisa

379 1076 490 1131 illusit
510 1077 547 1131 ab
561 1078 714 1133 hominibus
735 1095 815 1151 quarn
835 1078 968 1147 plurimis.
998 1080 1098 1134 Vanum
1118 1080 1210 1135 effecit
1230 1081 1388 1136 inveterata
1401 1082 1452 1136 illa
1471 1086 1520 1136 sed
1534 1085 1607 1140 falsa
1627 1087 1728 1157 opinio,

380 1157 454 1226 quod
474 1174 592 1228 corpora
611 1160 744 1213 coelestia
764 1160 821 1213 sint
840 1160 877 1213 ab
891 1159 1013 1213 omnibus
1034 1161 1247 1215 alterationibus
1268 1161 1548 1233 mutationibusque
1540 1166 1677 1231 immunia,
1698 1176 1732 1223 ut

380 1238 527 1294 crederent
545 1240 677 1305 homiues,
699 1241 865 1295 maculam
885 1239 963 1295 illam
984 1240 1068 1294 fuisse
1089 1242 1300 1295 Mercurium
1320 1242 1394 1297 inter
1413 1242 1505 1297 Solem
1525 1251 1556 1298 et
1576 1262 1624 1299 uos
1645 1246 1730 1302 iuter·

379 1316 516 1387 positum
545 1319 626 1392 idque
647 1339 702 1374 uon
728 1321 835 1375 minimo
865 1328 1080 1378 astronomorum
1100 1322 1162 1390 ejus
1191 1322 1294 1376 aetatis
1320 1339 1381 1377 cum
1405 1323 1533 1379 ludibrio.
1574 1325 1732 1421 cujusmodi

379 1399 492 1454 macula
509 1402 606 1470 procul
627 1401 708 1456 dubio
730 1401 783 1455 fuit
802 1401 859 1464 illa,
881 1401 960 1469 cujus
980 1403 1082 1456 mentio
1104 1402 1209 1474 facta
1201 1421 1229 1456 ιιι
1247 1404 1401 1458 Annalibus
1421 1404 1599 1469 lrauciciss
1590 1408 1731 1477 impressis

379 1478 495 1534 Parisiis
526 1498 562 1535 ex
589 1481 810 1536 bibliothecaP.
833 1481 941 1535 Pithoei
966 1481 986 1538 1.
1009 1482 1037 1538 0.
1069 1500 1140 1538 anuo
1174 1482 1264 1546 1588.
1296 1483 1380 1537 ubi
1372 1502 1400 1539 ru
1426 1482 1494 1538 Vita
1521 1485 1613 1539 Caroli
1633 1487 1731 1559 Magni

380 1558 508 1632 legimus,
529 1568 662 1654 perusto
683 1562 742 1616 dies
762 1561 905 1617 continuos
925 1562 1012 1616 visam
1033 1579 1051 1616 a
1064 1564 1168 1633 populo
1182 1561 1312 1617 Franoiw
1332 1564 1467 1618 maculam
1486 1564 1594 1636 nigram
1614 1566 1642 1621 in
1657 1567 1731 1628 disco

379 1638 481 1705 Solari,
503 1641 580 1710 crans
601 1641 743 1713 ingressus
765 1649 793 1696 et
814 1642 907 1696 ιιιιιιι
929 1643 1070 1699 observari
1089 1661 1145 1697 nou
1166 1643 1288 1715 potuerit
1310 1646 1345 1698 ob
1360 1644 1581 1716 impedimentum
1601 1647 1730 1703 nubium:

380 1720 488 1775 credita
508 1729 601 1777 autem
622 1723 675 1777 fuit
694 1741 755 1777 esse
774 1723 926 1778 Mercurius
947 1731 1012 1778 tunc
1032 1724 1090 1778 Soli
1112 1724 1282 1793 conjunctus.
1310 1724 1415 1779 Nimius
1437 1724 1481 1779 hic
1500 1743 1577 1780 error
1597 1734 1648 1792 ιιι,
1671 1744 1731 1783 cum

379 1819 433 1857 non
455 1800 545 1872 possit
565 1803 746 1858 Mercurius'
737 1823 765 1858 ιι
787 1803 850 1859 Sole
871 1805 972 1859 morari
993 1812 1100 1876 septem
1121 1805 1213 1868 horas,
1235 1811 1267 1858 ut
1288 1804 1342 1859 fert
1363 1805 1423 1875 eJ'us
1445 1806 1580 1880 analogia
1599 1815 1730 1872 motuum,

380 1899 434 1955 quo
455 1888 578 1953 tempore
608 1884 727 1955 contigit
756 1884 833 1939 illum
864 1885 937 1939 inter
956 1885 1048 1939 Solem
1073 1892 1103 1938 et
1122 1903 1172 1939 nos
1199 1886 1390 1940 intercurrere.
1434 1886 1525 1950 Quare
1554 1895 1658 1943 certum
1678 1895 1731 1955 est,

379 1962 590 2034 phaenomeuon
610 1965 662 2018 hoc
682 1965 767 2019 fuisse
788 1979 871 2020 uuam
892 1983 929 2019 ex
942 1966 1056 2019 maculis
1067 1966 1266 2040 magnitudine
1287 1972 1317 2020 et
1331 1967 1500 2021 obscuritate
1521 1968 1730 2039 insignioribus:

380 2041 532 2111 cujusmsali
552 2060 634 2114 porro
655 2062 762 2116 quoque
783 2053 900 2115 possunt
924 2046 1046 2100 existere
1068 2047 1150 2100 certis
1172 2046 1354 2116 temporibus,
1376 2055 1407 2101 et
1426 2048 1512 2110 ιοιιι,
1539 2048 1562 2102 ιι
1583 2048 1732 2119 diligenter

379 2123 621 2179 observationibus
648 2126 865 2189 incubuerimus,
894 2126 970 2180 brevi
985 2109 1083 2181 talem
1109 2127 1228 2218 aliquam
1255 2127 1452 2195 deprehensuri
1480 2143 1581 2181 sumus.
1629 2130 1731 2191 Quodsi

379 2206 433 2259 hoc
453 2206 622 2259 macularum
643 2205 778 2260 Solarium
807 2207 945 2259 inventum
967 2204 1073 2277 aliquot
1098 2207 1177 2261 anuis
1202 2207 1335 2260 maturius
1364 2208 1568 2272 habuissemus,
1590 2210 1731 2279 Keplerus
1799 2230 1801 2233 ·

379 2286 478 2339 labore
499 2285 547 2339 illo
570 2303 621 2339 suo
640 2287 780 2340 sublevari
796 2287 934 2355 potuisset
954 2287 1155 2356 interpretandi
1176 2287 1356 2357 salvandique
1377 2289 1464 2342 locum
1478 2288 1551 2341 hunc
1570 2305 1622 2359 per
1641 2297 1730 2345 muts-

378 2366 482 2421 tionem
502 2372 598 2420 textus
620 2366 746 2438 aliasque
767 2374 918 2437 temporum
939 2365 1159 2430 emendationes,
1182 2369 1215 2420 de
1236 2368 1333 2440 quibus
1354 2368 1399 2420 hic
1424 2368 1549 2439 pluribus
1569 2385 1655 2441 agere
1676 2387 1731 2425 non

378 2452 424 2501 eat
446 2446 565 2501 instituti
586 2447 655 2511 mei,
678 2454 769 2501 certus
791 2455 884 2502 autem
904 2463 971 2510 sum,
994 2455 1133 2502 auctorem
1154 2448 1233 2503 illum
1252 2455 1284 2502 ut
1303 2464 1398 2502 rerum
1418 2448 1612 2520 philosophum
1633 2456 1662 2504 et
1682 2450 1729 2522 qni

377 2528 463 2581 rebus
483 2526 637 2582 manifestis
658 2545 688 2581 se
709 2545 847 2598 opponere
868 2546 923 2582 nou
943 2527 1042 2592 soleat,
1063 2528 1179 2599 primum
1198 2535 1282 2600 atquo
1303 2528 1354 2582 has
1376 2545 1451 2585 meas
1473 2529 1680 2586 observationes
1700 2538 1732 2586 et

377 2607 531 2663 discursum
550 2608 658 2674 viderit,
680 2610 794 2678 plenum
811 2608 877 2663 mihi
898 2625 1040 2663 assensum
1060 2605 1277 2679 praebiturumst‘

469 2705 505 2766 In
529 2705 590 2765 alia
613 2705 742 2785 epistola
766 2706 817 2766 fol.
848 2703 907 2766 112
931 2706 1064 2783 ejusdem
1089 2706 1176 2767 libri.

472 2793 567 2858 ,Quod
592 2795 743 2850 Mercurius
766 2813 784 2851 a
804 2795 917 2849 dirersis
944 2796 995 2849 sub
1016 2796 1080 2851 Sole
1107 2797 1144 2850 sit
1165 2796 1249 2859 risus,
1272 2795 1297 2848 id
1319 2801 1348 2848 et
1368 2794 1567 2850 dubitationem
1594 2796 1681 2851 habet
1700 2805 1731 2854 ιι

377 2875 609 2931 adincredibilia
628 2877 752 2938 inclinat,
776 2882 809 2930 ut
829 2876 857 2929 in
876 2877 1054 2946 praecedent-i
1080 2878 1201 2947 epistola
1225 2875 1331 2946 scripsi.
1371 2875 1411 2930 Et
1430 2878 1500 2947 quod
1522 2877 1557 2929 ad
1577 2876 1731 2948 Keplerum

375 2957 418 3011 ibi
439 2956 566 3021 citatum,
598 2974 633 3014 ιι
653 2956 790 3011 minimum
811 2955 1048 3026 quidem'dubito,
1080 2957 1144 3029 quin
1165 2974 1215 3027 pro
1245 2954 1349 3030 ingenii
1370 2973 1476 3018 summa
1504 2956 1729 3028 perspicacitate,

376 3036 529 3106 coiqjuuota
557 3054 619 3092 cum
647 3037 778 3092 libertate
809 3043 838 3090 et
867 3036 994 3092 veritatis
1024 3054 1105 3108 quam
1133 3036 1306 3108 propriarum
1336 3035 1492 3107 opinionum
1522 3047 1614 3091 amore
1643 3040 1729 3112 longe

375 3117 501 3187 majore,
526 3116 585 3187 jam
612 3135 693 3188 porro
720 3117 956 3192 persuasissimum
981 3118 1101 3182 habeat,
1129 3118 1268 3194 nigrorem
1294 3116 1371 3171 illum
1391 3116 1420 3171 in
1439 3117 1504 3172 Sole
1528 3117 1616 3173 risum
1643 3118 1729 3173 tuisse

374 3213 462 3253 unam
482 3215 519 3252 ex
540 3198 667 3263 maculis,
690 3197 908 3267 conjunctionem
933 3214 998 3251 vero
1019 3198 1146 3253 Mercurii
1175 3215 1235 3253 cum
1256 3197 1320 3252 Sole
1348 3197 1519 3252 occasionem
1539 3198 1628 3253 solnm
1648 3207 1741 3269 prae·'

373 3280 473 3334 buisse
494 3278 679 3333 observationi
701 3278 869 3353 diligentiori
890 3284 920 3331 et
933 3278 1116 3332 accuratiori:
1137 3295 1192 3349 qua
1205 3277 1352 3350 diligentia
1372 3278 1498 3332 adhibita
1517 3278 1603 3333 rideri
1622 3280 1729 3351 potuis·

375 3366 444 3417 seut
463 3358 545 3413 stiam
571 3359 635 3413 aliis
663 3360 771 3424 diebus,
801 3360 1022 3429 quemadmodum
1048 3376 1084 3413 ex
1109 3360 1211 3414 hocin
1230 3366 1371 3430 posterum
1397 3358 1617 3431 frequentissime
1643 3359 1730 3415 rideri

374 3447 520 3514 potemnt,
537 3438 652 3510 J'amque
672 3439 796 3509 plurimis
818 3440 948 3493 videndas
969 3439 1110 3494 exhibui.“

469 3536 554 3597 Haec
577 3535 627 3596 ille
652 3530 739 3597 nuno
756 3530 850 3598 1612.
888 3536 938 3597 Ad
962 3554 1038 3615 quae
1062 3534 1132 3617 qnid
1156 3535 1404 3615 respondendum,
1430 3534 1557 3615 quidque
1579 3533 1610 3595 iu
1633 3533 1730 3596 literis

376 3626 557 3691 haedere
582 3625 620 3686 ad
645 3626 741 3703 ipsum
775 3625 895 3704 scriptis
928 3624 1148 3703 responderim,
1180 3625 1275 3686 lector
1298 3624 1386 3686 facile
1410 3643 1448 3685 ιι
1474 3623 1605 3703 proxime
1638 3641 1729 3702 prae-

383 3716 488 3779 missis
511 3714 642 3775 numeris
664 3719 727 3783 (vid
746 3736 821 3786 snpra
839 3728 865 3771 ec
883 3722 939 3786 ops.
959 3738 984 3786 p.
1005 3720 1113 3782 tota.)
1136 3713 1284 3791 conjicere
1307 3714 1428 3792 poterit.

468 3804 568 3853 Literna
593 3817 655 3867 quas
678 3801 741 3852 dicit
758 3802 880 3865 Keplsrus
900 3803 932 3852 ad
951 3803 1088 3853 Gablaenm
1112 3803 1217 3866 scriptas
1239 3800 1323 3851 nullae
1347 3800 1378 3851 de
1396 3802 1444 3851 bac
1461 3800 1567 3850 ιιιιιιιι
1589 3803 1729 3883 supersum,

372 3891 460 3941 nsque
488 3877 515 3925 in
545 3874 728 3923 collectionibus
757 3876 977 3938 manuscriptorum
1005 3875 1183 3931 Viennensium
1207 3872 1489 3937 Petropolitauorumqne
1518 3884 1598 3934 neque
1624 3872 1649 3920 ιι
1677 3870 1728 3920 ιιι-

373 3950 447 4000 tione
478 3960 576 4012 operum
604 3945 709 3995 Galilaei
732 3946 881 3994 florentina
923 3944 1029 3995 Omnino
1055 3946 1086 3995 ab
1114 3960 1179 3996 anuo
1208 3940 1285 3991 1011.
1312 3944 1344 3993 ad
1365 3941 1440 3992 1615.
1468 3940 1591 4006 Kepierus
1618 3941 1730 3991 Galilaeo

373 4019 460 4073 nullas
487 4018 584 4068 dedisse
610 4016 706 4065 videtur
733 4017 825 4065 literas
862 4016 962 4066 Ιιιιιιι
980 4016 1085 4068 (ιιιιιιιι
1108 4018 1142 4067 ad
1163 4015 1289 4065 lulianum
1314 4013 1423 4065 Medicas
1447 4014 1523 4064 datae
1542 4011 1577 4071 (d
1598 4010 1639 4062 2³.
1658 4011 1727 4063 ιιιιι

377 4087 472 4151 itit),
491 4102 556 4154 quac
573 4088 745 4151 manuscriptis
763 4089 847 4137 insunt
859 4086 1040 4137 Viennensibus
1054 4087 1204 4150 (Hanschrus
1218 4102 1242 4150 p
1257 4082 1309 4135 100
1320 4084 1361 4147 ι.,)
1381 4087 1471 4136 unicae
1488 4084 1583 4138 illorum
1600 4097 1728 4143 annorum,

373 4164 444 4215 baec
460 4161 569 4211 habeut:
589 4159 646 4216 „dal
665 4160 723 4223 qual
742 4157 767 4208 S.
787 4158 895 4223 Keplero
914 4174 927 4208 e
946 4172 1009 4223 gran
1026 4167 1126 4223 tempo,
1151 4160 1198 4209 obe
1216 4172 1264 4208 nou
1281 4158 1314 4207 ho
1333 4172 1414 4208 ιιοιι
1432 4158 1539 4216 alcuna,
1560 4154 1574 4205 d
1593 4170 1727 4222 suppango.

375 4234 426 4287 alte
444 4232 454 4281 i
471 4230 569 4282 tumulti
586 4232 682 4295 passati
700 4244 732 4280 ne
750 4232 819 4279 siano
837 4231 896 4280 stati
915 4230 1018 4295 sagione
1032 4227 1094 4281 dte!
1114 4232 1201 4295 quibus
1219 4230 1297 4280 verbis
1315 4236 1421 4280 testatur
1438 4230 1490 4294 ipae
1508 4226 1634 4278 Galilaeus
1652 4228 1728 4278 iuter·

374 4306 480 4357 ιιιιιιιι
498 4302 700 4354 consuetudinem
719 4301 803 4350 literas
821 4301 897 4352 dandi
915 4302 1094 4366 recipiendique
1113 4304 1178 4352 inter
1198 4303 1276 4365 ipsum
1295 4308 1321 4351 et
1339 4300 1481 4366 Ksplernm.

467 4382 508 4433 Jo.
527 4381 633 4449 Georgio
649 4367 839 4446 lirenggaro
861 4396 912 4431 rem
913 4380 1069 4450 chierua
1068 4383 1196 4434 nunciavit
1219 4384 1388 4432 transmittens
1405 4380 1440 4430 illi
1457 4378 1565 4430 libellum
1583 4376 1614 4428 de
1632 4381 1731 4428 ιοιιιιιι

323 4439 327 4456 '
375 4455 440 4509 anni
460 4451 536 4510 root.
554 4454 676 4519 illoque,
679 4453 757 4505 Nonis
775 4451 874 4502 Martii*
896 4467 920 4502 a
936 4449 1011 4502 1008.
1030 4435 1093 4504 baec
1110 4455 1240 4519 rescripsit,
1260 4455 1392 4518 respiciens
1410 4451 1443 4502 ad
1460 4451 1524 4500 iilius
1543 4448 1618 4499 libelli
1636 4462 1728 4513 appeu-

323 4531 326 4545 '
323 4528 493 4620 mun,
486 4542 512 4576 ιι
530 4539 580 4591 qua
596 4525 720 4590 Keplerns
739 4519 849 4587 eiusdem
864 4526 1014 4584 mentionem
1031 4525 1092 4577 lecit
1109 4527 1297 4576 observationis·
1315 4525 1346 4575 ld
1360 4523 1462 4573 tandem
1479 4524 1567 4572 ιιιιιιιιι
1583 4522 1616 4570 in
1627 4519 1727 4572 modum

354 4614 419 4651 ms
438 4597 536 4653 adesit.
563 4597 629 4662 qnod
652 4597 784 4664 addidisti,
810 4596 919 4646 atellam·
925 4596 1041 4648 Mercurii
1064 4598 1172 4648 interdiu
1190 4598 1265 4646 sub
1258 4611 1310 4661 ipso
1328 4595 1408 4647 solari
1430 4594 1502 4660 globo
1521 4606 1538 4644 a
1555 4592 1591 4643 Te
1608 4592 1686 4641 risam
1703 4593 1729 4641 in

323 4661 331 4694 Ρ
376 4683 481 4724 camera
497 4668 663 4720 unctuosiu-
698 4668 870 4718 Gratissimnm
887 4666 947 4717 mibi
965 4668 1066 4731 leceris,
1091 4670 1111 4718 si
1130 4669 1163 4718 ad
1180 4682 1220 4718 ms
1246 4668 1422 4731 perscripseris,
1440 4664 1518 4729 qualis
1537 4664 1685 4729 apparuerit,
1705 4669 1731 4713 ιι

323 4723 333 4778 l
377 4741 501 4808 quomodo
521 4738 636 4790 llerourii
663 4753 749 4804 corpus
768 4752 785 4788 a
802 4737 881 4789 Solari
906 4739 1044 4792 discernere
1070 4741 1193 4825 potueris,
1216 4740 1276 4788 item
1294 4751 1327 4787 an
1345 4738 1389 4788 tibi
1406 4737 1480 4787 ιιιιιι
1497 4735 1530 4786 ad
1554 4736 1677 4797 sinistram
1695 4747 1730 4784 an
1767 4772 1770 4781 .

323 4797 336 4846 l
378 4813 445 4865 Soli:
463 4813 512 4861 imo
529 4812 577 4861 nisi
595 4812 725 4861 molestum
743 4813 775 4860 sit
792 4825 859 4875 rogo,
878 4817 906 4860 nt
923 4810 1028 4876 figuram
1046 4811 1207 4876 apparentiae
1224 4811 1250 4858 in
1267 4809 1355 4859 charta
1372 4807 1522 4859 delineatam
1541 4806 1574 4856 ιι
1585 4821 1626 4856 me
1636 4806 1728 4855 ιιιιιιι.

323 4877 335 4936 ι
376 4885 426 4936 Eat
443 4883 506 4934 baec
525 4884 662 4933 observatio
681 4889 770 4933 ιοιιιιι
791 4882 942 4949 dignissim
980 4881 1013 4945 (Ε
1030 4882 1120 4939 literis,
1144 4895 1247 4946 quarum
1270 4883 1387 4945 potiorem
1405 4886 1501 4944 partem
1517 4878 1686 4943 proposuimus
1702 4877 1728 4927 in

378 4950 753 5024 trutmonia-si

323 5061 339 5114 ς
469 5036 509 5087 ιι
530 5035 595 5087 haec
617 5034 787 5099 Keplsrnr.
805 5025 851 5088 De
875 5025 1044 5089 maculam
1067 5023 1150 5088 Sole.
1195 5023 1273 5085 Erat
1294 5023 1429 5104 utrinque
1454 5041 1473 5083 a
1495 5028 1582 5101 parte
1605 5018 1729 5083 sinistra

335 5147 347 5192 ι
380 5125 446 5182 tam
467 5117 498 5180 iu
520 5115 616 5192 radio,
640 5136 729 5197 quam
752 5116 783 5177 iu
807 5118 905 5191 coelo;
929 5116 959 5178 in
977 5115 1061 5177 radio
1076 5133 1146 5177 vero
1166 5113 1285 5187 inira,
1277 5132 1307 5175 ιι
1322 5114 1405 5175 coelo
1428 5130 1527 5191 supra.
1565 5108 1729 5172 Schemate

323 5231 352 5294 ¹9
378 5207 466 5271 vidua
488 5212 590 5279 (tadeus
607 5214 678 5266 addit
693 5213 817 5279 Ksplerus
833 5213 972 5274 aebamata,
989 5227 1054 5280 iprae
1072 5211 1171 5267 subiba
1187 5212 1243 5280 ipss
1259 5210 1362 5264 libellus.
1397 5208 1488 5274 Maiori
1505 5206 1653 5323 qdaunpait:
1669 5206 1728 5260 lion
1820 5218 1824 5226 ·
