4584 6192
535 611 599 685 trs
998 619 1186 685 rumpam
1206 621 1231 670 a
1251 617 1418 671 rasuram.

533 799 639 870 lector,
663 795 688 856 si
713 797 820 858 alicubi
841 798 910 875 plus
931 796 969 857 de
991 797 1225 875 paralipomenis
1249 797 1288 857 ad
1305 797 1503 859 Vitellionem
1529 801 1681 878 quamde
1706 801 1901 868 astronomia

532 883 643 949 fuimus
666 885 796 947 solliciti.
842 885 912 946 Scio
935 886 1102 946 naturalem
1134 886 1308 946 methodum
1341 887 1515 964 postulare,
1549 895 1584 949 ut
1608 900 1723 969 agatur
1747 892 1837 954 initio
1862 893 1900 956 de

530 980 643 1037 natura
672 974 746 1036 lucis
779 974 899 1052 ejusque
931 972 1158 1045 allectionibus,
1192 993 1368 1053 repercussu
1393 982 1425 1034 et
1457 975 1663 1052 refractione,
1699 981 1837 1043 secundo
1861 982 1899 1043 de

530 1062 638 1135 oculo,
671 1063 720 1142 qui
743 1062 921 1124 refractione
952 1069 1091 1133 constat,
1126 1062 1253 1142 denique
1278 1063 1315 1122 de
1347 1064 1520 1140 catoptrica
1544 1084 1599 1127 seu
1633 1065 1788 1149 imagine,
1820 1088 1899 1151 qnae

530 1148 710 1212 visoriamm
735 1150 909 1212 facultatum
932 1150 1052 1210 soboles
1067 1159 1124 1209 est.
1163 1152 1227 1211 Hoc
1243 1150 1269 1210 ai
1293 1151 1416 1211 inissem
1440 1161 1574 1227 secutus,
1601 1155 1700 1218 multa
1715 1158 1775 1219 hoc
1795 1159 1899 1239 capite

529 1238 620 1305 rudia
642 1249 674 1300 et
695 1241 877 1319 anticipatae
906 1238 1030 1299 notitiae
1057 1237 1222 1317 praeterire
1252 1240 1434 1317 potuissem,
1465 1240 1591 1323 ipseque
1621 1246 1701 1307 adeo
1730 1257 1897 1309 contextus

528 1328 765 1412 propositionum
799 1327 974 1389 arctioribus
1006 1325 1133 1386 vinculis
1157 1335 1188 1387 et
1212 1326 1308 1387 forma
1336 1328 1433 1405 magis
1466 1332 1655 1408 geometrica
1688 1334 1896 1398 constitisset,

529 1421 579 1484 At
601 1417 671 1479 mibi
693 1418 731 1480 ad
754 1417 841 1478 fidem
865 1416 970 1477 lectori
994 1414 1163 1475 faciendam
1188 1416 1284 1475 satius
1302 1424 1350 1475 est
1375 1416 1481 1490 risum,
1507 1420 1618 1481 seriem
1633 1422 1736 1501 ipsam
1760 1443 1898 1487 mearum

529 1506 732 1572 inventionum
755 1505 859 1586 seqni3
888 1504 976 1565 simul
1005 1503 1174 1580 catoptrica
1197 1504 1270 1563 haec
1300 1504 1532 1583 paralipomena
1556 1509 1613 1570 sub
1640 1511 1751 1592 jugum
1776 1514 1897 1575 refrac-

528 1599 644 1660 tiouum
667 1594 909 1675 explicandarum
932 1592 1052 1652 mittere
1076 1591 1173 1651 etsie
1197 1592 1272 1651 haec
1296 1610 1412 1672 quoque
1441 1596 1667 1672 quadamtenus
1690 1601 1721 1663 in
1748 1611 1896 1665 abono·

527 1685 637 1751 micum
660 1686 812 1746 servitium
837 1683 976 1754 trahere;
1000 1699 1036 1739 ne
1052 1687 1171 1758 praeter
1194 1680 1363 1741 institutum
1382 1681 1495 1744 libriin
1516 1686 1627 1747 solium
1650 1689 1770 1768 regium
1796 1692 1896 1754 cono.

526 1782 635 1839 centur
663 1775 817 1854 ipsumque
850 1789 973 1849 scopum
1004 1768 1097 1827 totius
1120 1769 1220 1846 operis
1252 1768 1412 1848 complecti
1444 1770 1628 1837 videantur:
1662 1778 1744 1857 quod
1780 1780 1896 1842 factum

528 1864 647 1937 fuisset,
672 1864 697 1924 si
721 1862 890 1925 naturalem
914 1857 1087 1920 methodum
1111 1874 1209 1917 essem
1234 1867 1364 1919 secutus.

1098 2216 1216 2314 Caput
1248 2216 1311 2289 IV.

964 2396 1022 2457 De
1044 2396 1270 2477 refractionem
1294 2415 1451 2458 inmo.

617 2563 760 2628 Interfuit
784 2556 987 2621 astronomiae
1012 2553 1050 2614 ad
1073 2552 1292 2625 certitudinem,
1317 2561 1351 2614 ut
1366 2554 1622 2621 constituerentur
1645 2562 1760 2641 anguli,
1787 2565 1907 2645 quibus.

526 2657 603 2720 radii
628 2654 783 2716 stellarum
807 2671 826 2709 a
848 2648 899 2708 via
922 2653 1007 2707 recta
1030 2641 1242 2720 refringantur.
1282 2643 1414 2703 Interest
1437 2663 1515 2705 nunc
1539 2648 1634 2711 etiam
1659 2652 1698 2712 ad
1722 2653 1895 2731 pulchritu-
1924 2665 1929 2674 ·

527 2749 637 2817 dinem,
663 2742 740 2804 scire
764 2757 873 2800 causas
889 2735 978 2814 hujus
1003 2731 1177 2793 incrementi
1203 2731 1386 2810 angulorum.
1425 2732 1531 2812 Neque
1548 2756 1623 2799 sane
1647 2739 1766 2810 inutile,
1791 2741 1897 2804 videre

528 2855 567 2897 au
592 2833 662 2914 quid
686 2828 762 2892 certi
786 2826 853 2888 huic
877 2825 919 2887 rei
943 2820 1055 2892 subsit,
1088 2829 1118 2880 ut
1144 2828 1230 2879 tanto
1254 2820 1452 2881 confidentius
1481 2829 1683 2900 pronunciare
1716 2830 1895 2906 audeamus,

529 2945 568 2986 an
596 2920 710 3001 sintin
742 2916 816 2978 locis
849 2913 985 2975 omnibus
1017 2908 1216 2970 refractiones
1248 2908 1381 2970 eaedem.
1439 2906 1507 2979 Quo
1545 2916 1672 2979 obtento
1706 2918 1773 2998 jam
1805 2920 1897 3000 longe

528 3014 618 3076 aliter
641 3006 869 3070 observationes
884 3012 1019 3063 veterum
1034 2997 1134 3077 magni
1154 2997 1296 3058 momenti
1316 2999 1494 3059 tractandae
1515 3016 1594 3080 sunt,
1621 3007 1753 3086 quamsi
1774 3009 1896 3071 retrac-

529 3103 643 3192 tionum
666 3096 765 3159 nullus
790 3101 945 3173 respectus
969 3088 1126 3149 habeatur.

578 3263 605 3324 l.
643 3260 695 3321 De
726 3252 952 3319 velitatione
982 3246 1185 3328 Tychouem
1219 3246 1315 3306 inter
1352 3255 1388 3307 et
1426 3248 1697 3316 Rothmaunum
1734 3275 1852 3337 super

974 3335 1241 3401 refractionum
1272 3337 1437 3414 negotio.

556 3497 569 3519 ,·
620 3472 690 3531 Jam
718 3467 828 3529 dudum
852 3464 987 3524 Alhazen
1012 3459 1114 3522 Arabs
1137 3468 1169 3520 et
1201 3478 1297 3519 exeo
1322 3459 1448 3524 Vitellio
1482 3465 1697 3529 refractiouum
1730 3470 1896 3532 materiam

532 3560 707 3640 diligentius
731 3573 820 3635 quam
844 3570 1025 3614 consuevere
1050 3557 1170 3610 veteres
1194 3548 1346 3627 explicare
1371 3561 1440 3613 sunt
1460 3554 1609 3633 aggressi.
1648 3558 1695 3619 Ac
1711 3577 1779 3619 cum
1796 3560 1896 3622 omnis

449 3703 456 3713 .
532 3660 637 3716 nostra
660 3645 791 3725 cognitio
807 3642 932 3722 primum
948 3641 986 3702 ab
1001 3638 1187 3718 experientia
1202 3636 1421 3716 proficiscatur,¹
1441 3642 1571 3719 primum
1586 3663 1689 3706 eorum
1713 3649 1897 3727 angulorum

532 3739 721 3823 quantitates
744 3731 953 3794 instrumentis
976 3730 1179 3807 explorarunt,
1205 3724 1311 3804 quibus
1334 3728 1410 3788 radii
1430 3749 1467 3790 ex
1482 3739 1553 3793 aere
1573 3732 1601 3793 in
1626 3754 1737 3815 aquam
1760 3735 1897 3817 ingressi

532 3830 745 3907 refringantur,
773 3831 836 3883 tum
860 3829 890 3880 et
914 3838 1024 3890 eorum,
1051 3816 1153 3897 quiex
1177 3814 1289 3876 sercin
1315 3817 1422 3878 vitrum
1438 3827 1469 3880 et
1494 3822 1596 3900 quiex
1620 3844 1699 3904 aqua
1715 3825 1743 3886 iu
1769 3828 1894 3892 vitrum.

533 3919 668 3998 Cumque
692 3914 842 3977 coelorum
868 3909 995 3969 materia
1019 3906 1055 3966 de
1081 3914 1213 3965 veterum
1246 3907 1396 3967 sententia
1420 3926 1495 3986 pene
1519 3910 1635 3987 vitrea,
1666 3915 1723 3976 hnc
1748 3925 1800 3979 est
1823 3924 1894 3999 cry.

533 4008 656 4072 stallina
680 4003 862 4071 crederetur,
887 4004 939 4058 abr
962 4014 1033 4056 sero
1058 4012 1153 4072 aquae
1177 4001 1261 4055 esset
1283 3995 1398 4071 affinis,
1433 3997 1561 4061 audacia
1584 4002 1720 4066 subvecti
1750 4014 1895 4071 auctores

534 4095 714 4161 adminiculo
747 4088 960 4152 refractiouum
994 4085 1022 4146 in
1058 4084 1207 4144 coelorum
1243 4102 1353 4145 arcana
1383 4085 1533 4165 inquirere
1567 4101 1741 4171 coeperunt.
1804 4097 1897 4161 Favit

534 4188 666 4268 ipsorum
691 4179 848 4243 conatibus
873 4174 1078 4254 experientia;
1103 4173 1292 4251 deprehensa
1306 4182 1354 4234 est
1377 4174 1479 4255 aliqua
1498 4176 1590 4239 etiam
1607 4179 1635 4241 in
1660 4181 1761 4245 stellis
1776 4183 1896 4250 refrac-

535 4273 627 4337 tiouis
651 4271 728 4334 ratio
753 4287 847 4348 eaque
873 4265 954 4340 talis,
980 4284 1016 4325 en
1041 4283 1098 4343 qua
1122 4279 1177 4340 per·
1199 4262 1474 4350 eatexperimenta,
1500 4268 1629 4346 quaein
1654 4288 1735 4351 aqua
1759 4281 1793 4335 et
1816 4276 1896 4339 vitro

531 4365 596 4445 jam
619 4358 816 4439 comprobata
844 4356 978 4427 fuerant,
1011 4352 1117 4414 aether
1140 4369 1197 4412 uon
1222 4352 1342 4414 densior
1365 4359 1448 4428 aere,
1483 4357 1537 4416 sed
1562 4357 1618 4418 hoc
1647 4359 1742 4422 multo
1777 4366 1898 4428 tenuior

535 4450 722 4533 pronuntiari
755 4466 846 4529 posse
878 4445 1037 4505 rideretur.
1084 4440 1142 4500 Diu
1178 4442 1316 4519 neglectu
1345 4442 1418 4503 haec
1447 4462 1518 4505 cura
1546 4455 1617 4525 post
1649 4448 1767 4529 aliquot
1791 4456 1898 4517 secula

536 4540 746 4624 Tychonem
770 4535 890 4596 Brahe
914 4532 1052 4599 incessit,
1078 4530 1125 4609 qui
1151 4529 1357 4591 subtilissimis
1386 4530 1594 4597 instrumentis
1622 4537 1752 4616 angulos
1776 4541 1896 4607 reirac.

536 4631 650 4694 tionum
674 4628 703 4689 in
728 4632 812 4700 abre,
839 4623 916 4703 quod
939 4620 1067 4682 Vitellio
1091 4619 1281 4697 neglexerat,
1307 4620 1403 4682 metiri
1428 4629 1476 4682 est
1504 4641 1678 4703 aggressus.
1728 4624 1899 4696 Certamut

537 4740 604 4784 cum
628 4720 684 4779 hoc
707 4725 771 4776 tum
795 4712 929 4791 plurimis
944 4711 1021 4771 'aliis
1045 4709 1177 4769 inventis
1201 4709 1242 4781 is,
1268 4728 1355 4788 quem
1379 4709 1456 4783 dixi,
1482 4711 1609 4793 Tycho
1634 4723 1665 4776 et
1688 4714 1898 4785 Rothman.

536 4829 603 4873 nus
639 4805 770 4868 Hassiae
806 4800 990 4881 Landgravii
1027 4797 1274 4859 Mathematicus.
1324 4797 1552 4868 ¹‚Controversia
1588 4801 1625 4863 de
1662 4806 1899 4875 refractionibus

539 4899 633 4962 multa
656 4897 705 4957 est
728 4895 758 4955 in
783 4902 864 4953 tomo
891 4890 919 4952 1.
966 4887 1171 4968 Epistolarum
1196 4888 1482 4963 Astronomicarum,
1509 4908 1584 4969 quas
1608 4911 1686 4954 anuo
1711 4892 1767 4960 97.
1793 4899 1899 4984 Tycho

537 4987 650 5061 edidit,
685 4985 761 5045 hanc
786 4981 837 5062 qui
859 4980 942 5040 volet
973 4978 1042 5039 inde
1073 4985 1168 5055 petat.
1185 4970 1227 5050 ²⁰)
1273 4979 1306 5039 ln
1338 4978 1512 5058 praesentia
1544 4998 1690 5043 summam
1723 4989 1898 5052 ascribam:

537 5076 642 5160 'lyclro
657 5075 738 5155 prior
758 5093 776 5132 a
790 5068 1019 5132 retractionibus
1044 5066 1208 5126 cavendum
1224 5066 1337 5128 monuit
1351 5068 1381 5128 iu
1403 5067 1557 5146 capiendis
1573 5067 1655 5131 Solis
1671 5071 1899 5142 altitudinibus.

539 5165 672 5230 Causam
705 5160 817 5235 obiter,
851 5167 884 5219 ut
912 5158 941 5220 ln
965 5153 1131 5218 Vitellione
1165 5155 1294 5231 legerat,
1328 5157 1356 5218 in
1390 5156 1570 5218 discrimina·
1595 5159 1676 5222 atris
1699 5171 1732 5227 et
1761 5167 1900 5232 aetheria
