4584 6192
975 569 1165 635 capuerat.
1623 649 1626 654 ¹
1683 568 1746 635 197

392 746 507 826 ipsius
532 747 645 808 etiam
669 749 787 809 medii.
832 749 907 810 Corn
932 749 1009 809 enim
1034 748 1176 809 retractio
1200 748 1241 808 sit
1265 755 1363 807 motus
1388 748 1523 821 allectus,
1549 768 1616 809 cum
1642 750 1691 810 lux
1716 749 1744 809 in

391 835 575 914 superficiem
600 836 747 899 densioris
772 838 862 898 medii
886 838 1061 917 impingitur
1084 845 1116 897 et
1140 836 1311 915 superficies
1336 836 1374 896 ob
1399 836 1515 897 infinita
1543 845 1655 915 puncta
1679 845 1744 898 ter·
1829 829 1833 834 ’

390 925 480 986 minet
507 944 562 986 seu
591 926 689 1005 magis
717 925 765 987 hic
798 926 912 988 afficiat
941 937 1040 988 motus
1072 926 1204 986 infinitos
1237 924 1417 986 infinitorum
1452 926 1525 986 lucis
1558 934 1745 1004 punctorum,

389 1013 535 1093 suscipiat
563 1033 634 1076 vero
663 1015 719 1076 boc
747 1024 885 1095 respectu
919 1015 1191 1078 considerationem
1224 1012 1402 1085 densitatis,
1436 1032 1494 1074 non
1523 1015 1620 1075 minus
1655 1034 1744 1095 quam

390 1104 455 1183 ipsa
468 1103 669 1183 corpulentia,
693 1104 760 1183 plns
776 1105 867 1184 igitur
890 1104 1013 1178 afficiet,
1037 1105 1063 1166 si
1079 1104 1207 1183 quodam
1228 1110 1367 1181 respectu
1383 1101 1440 1164 luci
1460 1103 1580 1165 densior
1595 1112 1742 1166 occurrat.

388 1191 518 1254 Densior
540 1211 613 1253 vero
637 1192 766 1254 occurrit
790 1193 848 1255 luci
872 1212 909 1254 ex
933 1192 1062 1274 obliquo.
1110 1190 1159 1253 Sit
1397 1225 1450 1289 rig.
1472 1224 1513 1273 70.
1603 1232 1608 1237 ·

389 1282 418 1344 A
440 1280 502 1350 lux,
525 1280 580 1343 BC
605 1281 734 1343 rnedimn
758 1282 896 1356 densius,
921 1284 987 1356 AB,
1013 1283 1075 1343 KM
1099 1300 1156 1361 pa·

390 1369 483 1431 ralleli
507 1370 557 1430 vel
586 1370 672 1449 quasi
700 1391 737 1433 ex
762 1371 848 1440 Sole,
880 1372 1028 1432 distantia
1056 1389 1156 1431 eorum
1538 1369 1645 1456 sel
1711 1384 1736 1444 q

390 1458 417 1521 in
446 1458 688 1538 perpendiculari
716 1461 786 1520 ML.
842 1458 917 1521 Cum
949 1461 1039 1538 igitur
1068 1459 1157 1520 BLM
1405 1418 1713 1543 jaff<

390 1556 488 1610 rectus
511 1547 554 1608 sit
572 1557 604 1609 et
618 1549 707 1609 LBM
731 1560 859 1628 ponatur
879 1548 1015 1628 obliquus
1040 1557 1156 1621 acutus,
1258 1531 1504 1668 -βζᾲᾙκ
1628 1527 1732 1609 Ι,-.-“ιῦ

390 1637 446 1698 nir
468 1636 560 1716 rgun
578 1638 667 1697 nom
692 1637 787 1698 nnn
811 1658 900 1718 quan
919 1634 1017 1709 snm,
1042 1647 1073 1698 a
1097 1637 1158 1697 mr
1219 1632 1434 1728 ,724
1626 1609 1651 1651 Ι
1706 1640 1711 1742 l

390 1726 468 1786 latus
507 1725 614 1786 minori
652 1726 761 1806 angulo
794 1729 820 1788 B
854 1727 1022 1806 oppositum
1061 1727 1157 1787 minus
1207 1723 1274 1774 2²⁷
1326 1691 1402 1823 3⁰³5
1705 1774 1711 1790 .

390 1815 447 1875 erit
463 1813 526 1875 ΒΜ
540 1814 645 1888 latere,
668 1817 743 1895 quod
762 1816 869 1895 majori
889 1816 998 1895 angulo
1014 1817 1040 1876 L
1060 1834 1156 1894 oppo-
1299 1809 1320 1841 '‘

391 1904 476 1964 nitur.
525 1901 588 1963 Sed
611 1904 673 1964 LM
704 1905 826 1966 metitur
857 1904 1045 1965 latitudinem
1075 1904 1164 1965 medii
1194 1908 1378 1970 occurrentis
1410 1906 1467 1968 luci
1491 1914 1572 1968 recte
1598 1906 1743 1985 illapsae,

391 1993 458 2071 quia
479 1992 569 2052 BLM
598 2002 646 2053 est
679 2000 793 2065 rectus,
827 1994 889 2053 ΒΜ
919 2012 989 2053 vero
1021 1993 1209 2055 latitudinem
1243 1996 1428 2057 occurrentis
1458 1995 1516 2057 luci
1545 2015 1583 2056 ex
1612 1995 1742 2074 obliquo.

391 2081 460 2141 Plus
490 2079 582 2160 igitur
612 2080 774 2152 densitatis
803 2093 851 2143 est
880 2083 907 2142 in
937 2083 997 2142 ΒΜ
1027 2102 1114 2161 qnam
1144 2082 1171 2142 in
1205 2085 1272 2144 ΒΜ.
1320 2085 1420 2163 Major
1452 2085 1542 2162 igitur
1570 2083 1744 2144 resistentia

392 2168 446 2230 boc
468 2176 617 2248 respectu.

475 2256 689 2337 Propositio
722 2259 779 2318 Ill.
836 2260 1119 2320 Retractionum
1157 2260 1283 2337 anguli
1323 2258 1743 2338 crescunt-majoribus

393 2346 570 2408 rationum
604 2348 863 2422 incrementis,
898 2367 999 2427 quam
1032 2348 1243 2427 obliquitas
1277 2348 1520 2411 incidentiae.
1578 2349 1658 2409 Nam
1690 2367 1744 2427 per

392 2436 499 2515 primae
525 2437 723 2504 corollarium,
748 2437 773 2497 si
795 2437 885 2497 etiam
907 2438 972 2498 sola
996 2437 1201 2499 consideretur
1224 2438 1370 2514 densitas,
1395 2446 1482 2500 eruut
1501 2438 1604 2517 anguli
1628 2437 1744 2498 retrac-

393 2525 499 2585 tionnm
535 2525 776 2604 proportionales
809 2525 989 2587 incidentiis.
1035 2526 1105 2586 Jam
1139 2545 1210 2586 vero
1243 2545 1297 2605 per
1321 2528 1483 2589 secundam
1515 2526 1622 2587 miscet
1650 2545 1683 2586 se
1712 2534 1744 2586 et

393 2614 539 2692 proportio
571 2614 631 2674 LM
662 2614 700 2674 ad
725 2614 795 2674 ΜΒ.
844 2613 1041 2692 Componitm·
1074 2634 1144 2693 ergo
1179 2615 1305 2694 angulus
1339 2615 1528 2678 retractionis
1563 2634 1600 2675 ex
1632 2614 1742 2694 aliquo,

393 2703 463 2779 quod
487 2713 536 2762 est
558 2702 783 2781 proportionale
814 2702 997 2777 incidendis,
1023 2713 1052 2763 et
1077 2704 1192 2783 aliquo,
1225 2706 1304 2784 qood
1327 2713 1374 2765 est
1402 2704 1626 2783 proportionale
1655 2702 1743 2765 lineis

394 2790 456 2851 BM.
504 2793 549 2852 At
579 2791 675 2851 lineae
705 2791 765 2852 ΒΜ
793 2802 932 2853 crescunt
960 2791 1045 2852 initio
1073 2811 1195 2871 parum,
1225 2793 1254 2853 in
1283 2792 1386 2855 humili
1415 2792 1578 2855 incidentia
1605 2799 1745 2854 crescunt

395 2879 530 2952 multum,
564 2890 599 2939 ut
630 2880 762 2940 ostendit
786 2882 891 2942 tabula
924 2882 1108 2948 secantium,
1145 2882 1194 2942 ubi
1228 2882 1404 2963 aequalibus
1441 2881 1586 2961 gradibus
1624 2899 1743 2959 semper

395 2969 514 3047 majores
538 2976 629 3048 atque
653 2969 784 3046 majores
809 2977 949 3031 secantes
973 2970 1165 3048 respondent.
1204 2970 1286 3051 Ergo
1309 2991 1381 3050 pars
1406 2970 1506 3048 anguli
1530 2968 1744 3031 retractionum

395 3056 630 3135 proportionetur
649 3057 829 3132 incidentiis,
855 3078 926 3137 pars
946 3059 1109 3138 majoribus
1130 3060 1256 3121 rationis
1278 3059 1470 3122 incrementis
1491 3058 1610 3120 crescit.
1649 3058 1743 3118 Totus

396 3143 478 3223 igitur
502 3146 630 3225 angulus
655 3147 818 3225 majoribus
844 3147 1034 3208 incrementis
1058 3148 1178 3209 crescit.
1771 3222 1778 3232 ι

356 3233 362 3237 ’
468 3234 695 3314 Propositio
729 3236 784 3296 IV.
832 3237 942 3298 Lucis
976 3237 1105 3298 tenuis
1138 3245 1176 3297 et
1209 3236 1299 3298 lucis
1333 3234 1520 3297 densioris
1552 3234 1652 3296 nulla
1685 3242 1744 3295 est

396 3321 611 3385 differentia
635 3325 898 3399 retractionis,
925 3327 1064 3386 ceteris
1088 3327 1248 3405 paribus.
1285 3326 1364 3387 Nam
1388 3326 1414 3386 si
1439 3344 1513 3404 quae
1538 3323 1654 3385 tenuior
1676 3324 1744 3402 plns

395 3411 557 3473 vinceretur
581 3414 719 3474 emedio
744 3414 890 3488 densiori,
921 3415 1062 3476 retractio
1088 3423 1171 3476 esset
1200 3415 1326 3475 affectus
1351 3434 1408 3475 non
1434 3421 1546 3486 motus,
1572 3412 1626 3474 sed
1650 3412 1744 3492 ipsius

395 3499 460 3562 lucis
484 3521 578 3562 causa
598 3521 670 3562 snae
695 3503 857 3564 essentiae.
896 3504 941 3565 At
965 3505 1107 3582 retractio
1128 3514 1176 3564 est
1196 3504 1402 3565 tantummodo
1423 3511 1520 3563 motus
1546 3500 1743 3581 dispersionis

395 3587 541 3653 diminutio
567 3611 619 3652 seu
644 3591 796 3665 inhibitio,
823 3601 854 3652 et
882 3602 980 3654 motus
1004 3593 1051 3654 hic
1080 3593 1177 3654 nullos
1207 3592 1317 3672 accipit
1345 3593 1450 3653 modos
1475 3614 1493 3651 a
1517 3591 1671 3652 densitate
1694 3589 1743 3649 vel

396 3678 535 3738 tenuitate
570 3679 654 3754 lucis,
680 3680 709 3739 b.
735 3701 760 3740 e.
794 3681 832 3741 ab
857 3682 922 3760 ejus
956 3682 1128 3742 tortitudine
1160 3683 1207 3743 vel
1232 3682 1405 3753 debilitate,
1438 3679 1662 3759 propinquitate
1695 3677 1743 3737 vel

395 3767 566 3841 remotione,
592 3787 658 3829 cum
683 3770 777 3830 omnis
802 3771 920 3831 omniuo
950 3780 1048 3831 motus
1072 3771 1146 3832 lucis
1171 3771 1211 3832 sit
1239 3770 1413 3831 celerrimus
1437 3776 1469 3828 et
1493 3769 1580 3848 plane
1605 3785 1743 3827 momen-

395 3863 504 3917 taneus.
543 3857 625 3935 Ergo
650 3858 790 3920 retractio
816 3859 888 3919 nihil
909 3859 1100 3921 adebilitate
1125 3859 1200 3920 lucis
1223 3860 1368 3920 variatur.
1406 3856 1504 3934 liujus
1528 3854 1743 3935 propositionis

396 3943 433 4004 ris
455 3945 484 4005 in
517 3947 654 4025 exemplo
683 3948 780 4027 magis
810 3957 858 4008 est
888 3950 1067 4027 conspicua;
1097 3948 1137 4009 sit
1166 3956 1310 4028 punctum
1339 3947 1462 4009 radians
1491 3946 1519 4007 in
1549 3943 1744 4023 praecedenti

395 4032 541 4095 schemate
561 4034 591 4094 in
609 4036 645 4109 A,
672 4038 844 4116 superficies
870 4038 959 4116 igitur
982 4038 1071 4100 medii
1096 4038 1268 4117 intercepta
1286 4038 1365 4099 inter
1379 4034 1435 4099 AC
1456 4032 1742 4114 perpendicularem,

395 4129 419 4180 et
446 4123 503 4183 AB
537 4122 690 4203 obliquam
724 4126 922 4207 radiationem
956 4135 1203 4206 repraesentator
1231 4149 1250 4188 a
1272 4125 1337 4188 ΒΟ.
1384 4124 1454 4185 Jam
1487 4123 1516 4184 in
1548 4122 1654 4183 eadem
1685 4121 1743 4182 AB

394 4210 554 4273 radiatione
583 4213 611 4273 A
643 4214 809 4276 descendat
837 4215 866 4275 in
897 4214 936 4289 S,
970 4224 1002 4276 et
1035 4217 1167 4278 demissa
1199 4213 1438 4295 perpendiculari
1472 4211 1567 4273 minor
1601 4210 1658 4271 erit
1686 4211 1744 4272 BN

395 4317 474 4377 qnam
497 4299 573 4375 Bc,
597 4303 651 4363 sed
675 4304 731 4364 BN
755 4312 967 4383 repraesentat
991 4306 1176 4384 superficiem
1206 4306 1405 4384 interceptam
1433 4303 1511 4363 inter
1535 4300 1587 4363 SN
1612 4318 1743 4380 perpen-

395 4386 549 4452 dicularem
581 4399 613 4452 et
640 4391 690 4455 SB
725 4393 875 4474 obliquam
908 4394 1130 4469 radiationem;
1165 4404 1272 4475 estque
1301 4394 1330 4455 in
1360 4394 1414 4455 ΒΜ
1449 4390 1626 4452 tantundem
1657 4388 1743 4462 lucis,

396 4486 530 4553 quantum
559 4480 641 4559 prius
666 4480 694 4542 in
718 4480 772 4543 ΒΟ
802 4482 923 4560 rnajori,
957 4503 1024 4544 cum
1057 4492 1200 4562 punctum
1228 4484 1256 4544 A
1288 4492 1369 4545 esset
1401 4480 1554 4543 remotius.
1603 4476 1637 4538 Si
1661 4495 1742 4555 ergo,

396 4566 455 4641 quia
478 4569 597 4630 tentrior
621 4578 669 4630 est
693 4571 741 4631 lnr
774 4571 867 4651 ipsius
892 4572 920 4632 A
945 4571 973 4633 in
999 4570 1068 4640 ΒΟ,
1094 4593 1182 4653 quam
1214 4572 1308 4651 ipsius
1333 4571 1356 4633 S
1382 4571 1506 4654 inan,
1537 4574 1622 4628 tanto
1647 4565 1744 4643 magis

396 4655 477 4717 etiarn
511 4657 747 4737 refringeretur:
783 4679 854 4739 ergo
886 4661 914 4721 in
949 4662 1055 4722 eadem
1089 4663 1254 4723 incidentia
1278 4662 1334 4722 AB
1364 4661 1502 4721 diuersae
1535 4654 1745 4734 contingerent

394 4745 585 4807 retractiones
601 4747 639 4807 ab
664 4750 768 4810 eodem
791 4749 897 4824 medio,
923 4769 976 4828 pro
1001 4770 1126 4812 accessu
1145 4753 1194 4813 rel
1219 4770 1339 4813 recessu
1363 4749 1458 4828 ipsius
1473 4746 1555 4813 Ain
1580 4744 1661 4805 linea
1674 4742 1742 4804 AB.

395 4830 424 4891 ld
451 4843 553 4896 autem
587 4838 790 4916 experientiae
824 4847 981 4917 repugnat.
1031 4840 1171 4902 Omnium
1201 4842 1277 4902 enim
1311 4840 1454 4900 luminum
1482 4845 1544 4897 tam
1578 4830 1742 4912 appropin-

393 4923 542 5000 quantium
568 4944 655 5004 «quam
684 4927 901 4989 discedentium
927 4929 1003 4988 radii
1034 4930 1138 4992 eodem
1163 4931 1274 5009 arrgulo
1299 4928 1335 4990 in.
1356 4928 1491 5008 ejusdem
1521 4922 1611 4984 medii
1635 4939 1743 4999 super·

392 5010 482 5073 ficiem
512 5013 615 5094 illapsi
653 5016 758 5078 eodem
789 5018 898 5096 angulo
929 5017 1137 5097 infringuntur.
1189 5021 1221 5080 ld
1246 5020 1274 5082 in
1303 5038 1397 5098 aqua,
1430 5015 1514 5093 cujus
1546 5009 1743 5073 retractiones
