4584 6192
470 591 538 664 038
951 593 991 646 De
1010 593 1090 647 Stella
1106 593 1181 648 Nors'
1198 593 1351 661 Serpentsrii

473 769 511 834 ds
533 770 645 833 virtute
667 770 753 832 nnita
778 769 903 831 fortiori.
949 772 1036 834 Nunc
1060 779 1160 834 antem
1184 773 1242 834 etsi
1271 780 1391 834 movent
1418 770 1539 852 quidem
1562 777 1703 834 naturam
1726 768 1836 834 sublu-

472 877 587 931 narem,
610 878 669 920 non
694 867 794 919 tamen
818 868 940 920 movent
962 869 996 920 ut
1023 862 1147 940 agentia
1174 861 1326 923 naturalia
1356 861 1497 923 virtutem
1522 859 1653 941 aliquam
1677 858 1716 920 ob
1741 877 1835 939 pras-

471 949 602 1010 seutiam
624 946 759 1026 patibilis
782 947 826 1009 rei
848 947 1041 1026 effundentia,
1066 951 1118 1011 sed
1144 949 1188 1009 sic
1211 959 1334 1011 movent
1353 959 1501 1020 naturam,
1524 960 1559 1011 ut
1573 948 1695 1028 objecta
1709 957 1837 1010 movent

470 1056 589 1109 sensus,
614 1037 665 1097 lux
688 1035 805 1109 oculos,
831 1055 922 1097 sonus
947 1037 1099 1109 eruditum,
1124 1039 1206 1099 calor
1231 1047 1354 1100 tactum.
1402 1038 1506 1118 Neque
1526 1037 1604 1098 enim
1624 1036 1833 1118 horumquic·

471 1145 561 1207 quam
585 1133 670 1186 tanto
694 1132 742 1186 est
765 1124 906 1197 debilius,
932 1135 1043 1206 quanto
1064 1127 1192 1205 plurium
1209 1146 1316 1188 sensus
1331 1126 1429 1206 aperti
1453 1135 1524 1187 sum
1547 1126 1586 1186 ad
1609 1124 1834 1206 excipiendum,

471 1213 525 1276 sed
558 1212 688 1275 tributus
721 1221 770 1274 est
801 1212 848 1273 his
881 1215 1018 1275 omnibus
1052 1216 1179 1277 effloxns
1212 1215 1331 1297 quidam
1365 1214 1513 1276 naturalis
1546 1225 1578 1275 et
1610 1213 1835 1276 immateriatns

471 1302 628 1384 qualitatis
652 1302 717 1380 ejus
739 1320 830 1382 quam
853 1304 1018 1380 possident,
1044 1304 1127 1381 cujus
1152 1306 1270 1383 species
1294 1305 1359 1365 sinc
1374 1302 1594 1381 defatigatione
1614 1322 1690 1366 snae
1705 1301 1835 1382 originis

472 1389 542 1452 ferit
569 1409 675 1451 sensus
707 1390 746 1450 ad
769 1391 1018 1469 defatigationem
1050 1412 1154 1473 usque.
1201 1394 1258 1454 Hic
1292 1400 1451 1473 exspectat
1480 1390 1680 1471 philosophus
1715 1389 1834 1473 aliquis,

471 1486 506 1541 ut
527 1498 603 1560 quae
628 1478 656 1539 iu
680 1479 825 1558 exemplis
848 1481 910 1540 dixi
935 1482 971 1541 de
996 1480 1088 1541 variis
1111 1500 1208 1542 rerum
1232 1480 1438 1562 qualitatibus,
1464 1499 1501 1540 ea
1523 1479 1833 1560 instellisapplicero

471 1568 511 1629 sd
534 1586 638 1628 earum
663 1567 792 1628 lumina:
817 1568 918 1649 itaque
943 1589 1018 1649 quac
1042 1570 1090 1629 hic
1113 1589 1160 1630 me
1184 1578 1273 1647 putat
1295 1569 1535 1647 subjuncturum,
1569 1577 1664 1629 antea
1690 1586 1726 1628 se
1755 1568 1835 1631 dicet

473 1657 566 1729 scire;
589 1655 726 1717 nimirum
752 1656 848 1717 adhuc
872 1657 1002 1718 militare
1025 1667 1131 1718 contra
1155 1677 1200 1718 me
1225 1658 1370 1719 rationem
1394 1657 1475 1729 Pici,
1507 1676 1572 1718 cum
1604 1655 1745 1718 binorum
1766 1655 1834 1738 pla-

475 1751 614 1806 netarum
638 1744 807 1822 conjunctio
832 1746 923 1807 nihilo
947 1746 1063 1807 auctius
1088 1746 1203 1807 efficiat
1227 1748 1322 1808 lunreo
1348 1756 1552 1825 utrorumque,
1577 1744 1663 1825 quia,
1688 1754 1833 1826 quantuni

472 1833 675 1914 possederant
703 1834 846 1911 separati,
877 1843 993 1896 tantum
1018 1836 1175 1896 conferunt
1199 1836 1227 1895 in
1261 1853 1464 1913 congressum.
1520 1833 1587 1912 Ego
1615 1851 1689 1895 vero
1719 1852 1832 1915 nequa-

474 1940 564 2002 quam
588 1921 692 2001 loquor
717 1923 753 1980 de
778 1922 886 1983 lumine
912 1924 940 1983 in
964 1942 1124 2001 praesens,
1150 1924 1235 2001 cnjus
1259 1932 1307 1984 est
1330 1942 1403 1982 sane
1428 1933 1459 1982 et
1483 1925 1565 1983 calor
1588 1929 1621 1982 et
1643 1921 1774 1984 claritas
1797 1919 1833 1982 sd

472 2009 591 2071 modum
615 2010 767 2089 corporis,
800 2030 856 2072 non
887 2013 926 2073 ad
953 2012 1206 2092 propinquitatem
1234 2021 1368 2074 urutoam
1392 2012 1533 2085 duorum,
1566 2026 1694 2091 qnorum
1718 2009 1835 2091 quidem

471 2098 663 2160 alteralteri
686 2117 743 2159 non
768 2098 810 2159 sit
833 2119 926 2161 causa
950 2102 1077 2161 lnnrinis.

559 2185 695 2248 Luminis
719 2206 790 2247 vero
814 2197 846 2248 et
868 2197 1036 2250 ceterorum
1061 2189 1247 2250 sensibilium
1270 2187 1466 2249 similitudine
1490 2205 1562 2249 usus
1585 2205 1652 2249 sum
1676 2186 1721 2247 ad
1734 2184 1831 2266 expli-

473 2274 626 2337 cationem
655 2275 699 2336 rei
729 2276 884 2338 obscurae.
937 2278 1059 2339 Etenim
1086 2277 1115 2338 in
1153 2277 1362 2357 conjunctione
1395 2278 1518 2336 duorum
1551 2276 1748 2356 planetarum
1777 2291 1832 2336 noo

470 2366 537 2445 jam
561 2364 659 2425 lumen
684 2365 737 2424 sed
761 2364 829 2443 ipsa
850 2367 924 2426 haec
940 2366 1056 2440 relatio,
1081 2368 1146 2445 ipse
1164 2366 1251 2438 situs,
1278 2384 1362 2445 quem
1378 2363 1618 2442 conjunctionem
1634 2361 1831 2443 appellamus,

472 2452 584 2531 objecti
607 2452 703 2513 vicem
727 2453 815 2531 gerit.
864 2452 962 2524 Quale
985 2455 1087 2533 itaque
1111 2456 1278 2533 objectum,
1312 2453 1383 2514 talis
1416 2453 1445 2513 in
1478 2462 1586 2514 nature
1609 2451 1769 2513 sublunari
1788 2459 1833 2512 est

471 2558 588 2602 seusus.
634 2537 794 2619 Objectnm
819 2562 857 2603 ex
881 2544 1059 2604 relationum
1082 2543 1181 2604 classe
1206 2553 1268 2616 est,
1298 2542 1398 2619 itaque
1422 2550 1454 2601 et
1477 2549 1615 2602 naturam
1640 2540 1831 2602 sublunarem

472 2629 500 2690 ri
529 2629 714 2709 percipiendi
743 2630 905 2692 relationes
940 2634 1015 2693 istas
1049 2633 1217 2710 praeditam
1249 2650 1316 2691 esse
1349 2649 1473 2691 necesse
1501 2637 1558 2691 est.
1605 2628 1648 2690 Et
1679 2641 1715 2690 ut
1743 2627 1831 2690 verbe

473 2717 582 2790 dicam,
609 2726 748 2778 naturam
772 2718 963 2781 sublunarem
987 2720 1070 2781 brevi
1093 2721 1170 2800 pede
1194 2720 1356 2781 metiuntur
1375 2718 1493 2797 qnidam
1513 2717 1698 2796 philosophi,
1722 2718 1831 2780 nullum

474 2825 543 2866 esse
567 2825 698 2875 sensum,
723 2807 833 2868 nnllam
858 2828 955 2870 rerum
977 2809 1209 2886 intelligibilium
1230 2807 1453 2886 perceptionem
1478 2806 1691 2867 existimantes
1714 2815 1831 2885 praeter

473 2913 527 2954 eas
555 2911 630 2973 quas
661 2894 748 2956 horno
777 2897 914 2973 possidet
942 2898 1115 2960 facultates.
1168 2897 1216 2958 Ex
1245 2899 1300 2957 hac
1329 2894 1522 2975 persuasione
1551 2895 1646 2956 oritur
1675 2894 1830 2956 temeritas

469 2982 663 3064 oppugnandi
690 3002 737 3043 ree
761 2986 1033 3048 manifestissimas.

557 3071 615 3132 Dic
639 3070 709 3132 mihi
733 3072 814 3147 Pice,
840 3093 896 3153 quo
920 3095 1012 3136 sensu
1036 3073 1119 3134 canis
1144 3072 1274 3151 vestigia
1297 3072 1408 3133 domini
1428 3070 1570 3151 percipit:
1596 3089 1669 3131 num
1684 3067 1829 3130 odoratu?

468 3161 515 3223 At
538 3159 637 3222 hercle
662 3160 789 3222 hominis
809 3174 870 3222 tam
900 3164 1066 3241 exquisitus
1095 3163 1238 3223 odoratus
1266 3182 1324 3223 non
1356 3168 1414 3222 est.
1460 3158 1585 3238 Aliquid
1614 3158 1710 3238 igitur
1743 3155 1828 3220 discis

470 3248 499 3311 in
524 3267 607 3322 cane,
633 3249 712 3328 qnod
736 3270 793 3310 uon
819 3251 968 3312 didiceras
993 3252 1021 3312 in
1046 3249 1182 3323 homine;
1207 3269 1260 3310 nec
1279 3248 1461 3310 credidisses
1477 3249 1603 3308 decane
1619 3247 1827 3312 referentibus.

470 3337 527 3399 nisi
553 3339 582 3398 in
606 3356 669 3398 rem
691 3348 883 3415 praesentem
906 3340 1027 3419 saepius
1051 3338 1115 3417 ipse
1140 3337 1285 3399 venisses.
1331 3337 1389 3399 Dic
1414 3337 1557 3416 amplius,
1589 3354 1684 3416 quare
1714 3336 1826 3398 radices

470 3436 505 3488 et
527 3425 609 3488 bulbi
629 3425 787 3487 herbarum
812 3428 928 3489 colores
953 3429 1105 3506 excipiunt
1129 3428 1256 3497 effusos,
1280 3427 1370 3500 croci,
1390 3425 1513 3486 Brasilii
1537 3424 1620 3504 ligni,
1645 3431 1777 3497 ceteros,
1799 3431 1827 3484 ul

472 3514 528 3576 hos
552 3513 582 3576 in
606 3516 707 3575 florem
733 3525 841 3591 postea
864 3517 1068 3578 transferant?
1105 3515 1197 3576 Dices
1222 3535 1358 3588 succum,
1390 3534 1477 3594 quent
1501 3514 1657 3579 hauriunt.
1688 3511 1826 3573 infectum

474 3624 552 3665 esse.
599 3602 667 3663 Non
691 3604 886 3666 satisfecisti:
912 3608 1085 3685 quantulum
1108 3612 1165 3677 est,
1191 3605 1268 3685 quod
1288 3603 1546 3684 ceryophyllomm
1561 3600 1715 3663 radicibus
1734 3601 1825 3662 affun-

473 3691 576 3754 ditur?
599 3701 744 3769 quaulum
768 3706 873 3754 contra
897 3696 1000 3756 florum
1026 3714 1062 3754 ex
1086 3693 1170 3753 caule
1195 3693 1403 3773 profunditur?
1427 3692 1476 3751 ubi
1500 3690 1675 3770 proportio?
1721 3688 1824 3760 Quare,

470 3800 538 3842 cum
562 3779 715 3841 diluantur
738 3784 854 3843 colores
879 3784 975 3857 ailbei,
1000 3782 1121 3861 limpido
1146 3782 1268 3842 humore
1294 3781 1384 3854 bulbi,
1409 3799 1499 3841 succo
1524 3789 1633 3855 tenjae,
1658 3798 1718 3839 non
1741 3778 1826 3839 etiam

470 3869 595 3930 diluitur
620 3869 648 3928 iu
674 3870 746 3929 flore
770 3872 873 3932 color?
920 3869 1020 3941 Quare
1046 3871 1105 3931 alio
1130 3870 1256 3930 artificio
1281 3887 1404 3946 sparsae
1430 3869 1563 3930 existunt
1588 3868 1615 3927 in
1634 3868 1710 3928 flore
1729 3875 1826 3946 guttae

470 3958 639 4030 coloratae,
678 3958 738 4016 alio
772 3967 853 4020 totus
887 3961 942 4021 flos
975 3959 1139 4020 imbuitur?
1185 3959 1250 4019 Imo
1283 3977 1374 4037 quare
1408 3977 1465 4017 non
1500 3955 1647 4034 digeritur
1680 3957 1826 4016 coloratus

470 4065 594 4119 succus,
625 4054 658 4105 ut
689 4058 796 4107 exutus
820 4048 881 4108 suis
906 4048 1142 4125 proprietatibus
1167 4046 1257 4106 cedat
1280 4046 1309 4106 in
1335 4065 1441 4126 corpus
1464 4045 1606 4123 plantae,
1640 4045 1721 4122 quod
1750 4043 1826 4103 rides

470 4135 506 4194 de
531 4134 600 4194 aliis
624 4132 757 4195 alimenti
782 4136 1018 4215 proprietatibus
1043 4135 1126 4195 lieri?
1173 4136 1279 4214 ltaque
1304 4135 1414 4202 fatere,
1446 4132 1675 4211 impressionem
1701 4132 1824 4213 aliquam

468 4222 601 4282 existere
634 4221 662 4281 in
693 4224 861 4301 spiritalem
894 4225 1042 4304 quandam
1073 4224 1249 4285 facultatem
1281 4223 1496 4297 formatricem:
1529 4240 1618 4300 quarn
1647 4220 1703 4282 alii
1733 4220 1825 4282 dicunt

466 4311 614 4374 rationem
639 4310 863 4373 seririnariam.'

559 4397 622 4460 Sed
646 4400 716 4477 quid
741 4420 797 4478 ego
821 4401 941 4461 humilis
966 4400 1044 4460 inter
1066 4400 1189 4478 plantas
1213 4399 1304 4479 repo?
1351 4400 1572 4476 Praegnantem
1597 4395 1726 4475 adspice
1746 4412 1823 4458 oven

465 4487 575 4551 Jacobi
602 4486 810 4550 Patriarchae.
866 4489 1050 4567 Variegatos
1081 4488 1133 4548 illa
1166 4489 1289 4550 baculos
1322 4487 1377 4549 sub
1410 4486 1496 4565 aquis
1528 4484 1664 4562 limpidis
1698 4484 1826 4546 contuita

467 4577 598 4657 speciem
623 4576 651 4636 in
678 4578 790 4638 foetum
821 4577 979 4639 derivavit.
1027 4575 1183 4646 Quomodo
1214 4576 1332 4656 species
1365 4577 1438 4636 haec
1469 4595 1488 4634 a
1516 4573 1624 4634 baculo
1653 4572 1686 4634 in
1716 4573 1825 4635 oculum

466 4664 598 4737 venerit,
629 4683 686 4724 non
712 4684 838 4743 quaero;
869 4666 993 4745 vulgare
1025 4674 1082 4728 est.
1129 4667 1175 4727 At
1203 4666 1349 4744 quomodo
1379 4664 1417 4724 ab
1450 4660 1597 4723 oculo-in
1632 4671 1770 4735 uterum,
1799 4659 1824 4721 in

469 4754 671 4816 formatricem
687 4753 874 4829 facultatem,
900 4756 928 4815 in
945 4756 1068 4825 foetum,
1093 4756 1249 4833 quomodo,
1276 4754 1405 4833 inquam,
1430 4751 1469 4812 ab
1494 4750 1550 4810 hoc
1566 4749 1677 4812 baculo
1693 4751 1734 4813 ad
1748 4750 1824 4813 illum

468 4841 630 4923 angulum?
659 4841 715 4901 hoc
748 4852 819 4923 eget
851 4843 1067 4923 explicatione,
1096 4853 1182 4922 eget,
1212 4843 1346 4922 inquam,
1376 4840 1572 4920 impressione
1602 4840 1738 4919 quadarn
1763 4839 1824 4920 plus

467 4949 555 5010 quam
580 4929 703 4992 usitata.

554 5018 608 5080 Ad
639 5016 717 5080 hunc
744 5019 863 5079 modom
887 5019 958 5079 dico
987 5027 1019 5080 et
1047 5017 1165 5078 colores
1194 5018 1382 5096 planetamm
1417 5017 1466 5087 (ut
1496 5014 1594 5076 obiter
1620 5016 1823 5098 respondean

466 5103 540 5166 Pico
562 5106 664 5181 adea,
688 5126 764 5188 qnae
785 5106 895 5168 alicubi
915 5105 1034 5184 objicit)
1054 5114 1086 5166 et
1104 5105 1187 5183 ipsos
1206 5125 1307 5168 eornm
1330 5123 1509 5184 congressus
1524 5113 1555 5164 et
1574 5104 1822 5186 configuratione!
