4584 6192
558 594 625 666 322
1049 602 1225 653 ⁴latreuontes
1242 597 1305 652 Para
1322 598 1422 666 Optica

648 778 791 841 Mercurii
813 778 884 841 nodi
906 778 936 840 iu
950 779 1042 841 Tauri
1062 786 1094 840 et
1107 778 1281 860 Scorpionis
1304 777 1450 859 principio
1474 777 1522 840 vel
1536 775 1654 839 Arietis
1676 782 1709 838 et
1726 776 1840 839 Librae
1860 778 1918 838 tiue

559 875 645 941 suut,
678 875 865 948 possuntque
895 868 983 929 hodie
1011 888 1048 930 ac
1078 868 1140 929 sere
1176 868 1325 930 omnibus¹
1350 866 1535 945 temporibus
1567 865 1724 944 planetam
1754 866 1832 927 bunc
1862 867 1920 928 sub

560 955 664 1019 Solem
687 955 838 1017 invehere.
885 954 953 1026 Quo
976 957 1073 1018 minus
1096 955 1272 1031 mirandum,
1298 957 1375 1036 quod
1400 956 1428 1015 in
1452 955 1518 1015 vita
1537 952 1641 1017 Caroli
1659 953 1766 1032 Magni
1789 954 1920 1035 legimns

559 1045 599 1107 ud
623 1062 732 1105 annum
755 1039 830 1108 807.
856 1052 1032 1107 annotatum
1056 1045 1104 1106 his
1131 1046 1250 1107 verbis:
1276 1054 1368 1109 Stella
1388 1052 1517 1108 Mercurii
1540 1054 1585 1107 le.
1600 1053 1662 1106 cal.
1677 1053 1769 1122 April.
1791 1053 1854 1107 risa
1876 1061 1923 1108 est

558 1136 588 1190 iu
606 1134 672 1189 Sole
693 1134 772 1205 quasi
792 1151 882 1205 parra
910 1136 1021 1190 macula
1040 1136 1139 1207 nigra:
1172 1144 1265 1191 tamen
1289 1136 1374 1207 paulo
1400 1134 1527 1204 superius
1557 1132 1645 1187 medio
1670 1140 1767 1188 centro
1793 1133 1923 1203 ejusdem

560 1222 675 1286 cidariu
697 1239 769 1294 qnae
793 1225 910 1278 octoties
934 1217 984 1285 (ut
1006 1233 1062 1293 ego
1087 1215 1155 1294 lego
1180 1215 1318 1288 barbare,
1343 1232 1400 1274 non
1425 1220 1494 1273 octo
1518 1212 1598 1285 dies)
1629 1239 1648 1276 a
1676 1222 1756 1276 nobis
1784 1222 1828 1277 ita
1856 1239 1922 1277 cou-

560 1309 659 1375 speota
686 1310 741 1358 est.
783 1304 837 1358 Sed
863 1307 972 1374 quando
999 1304 1115 1375 primum
1143 1305 1259 1361 11111111
1283 1305 1330 1358 rel
1360 1303 1448 1368 exiit,
1478 1302 1597 1357 nubibus
1627 1301 1841 1373 impedientibus
1866 1320 1923 1358 non

561 1382 653 1454 potuit
674 1383 812 1455 adnotari.

649 1461 767 1523 Auctor
794 1460 998 1523 astronomiae
1030 1462 1145 1541 peritus
1178 1462 1247 1535 fuit,
1280 1461 1360 1541 quod
1392 1467 1519 1540 apparet
1546 1479 1584 1521 ex
1617 1458 1846 1539 consignatione
1874 1467 1924 1523 tot

561 1548 729 1629 eclipsiuru,
754 1557 786 1611 et
808 1550 887 1630 quod
911 1550 1050 1628 copulam
1073 1549 1156 1613 Solis
1180 1558 1212 1612 et
1234 1548 1376 1613 Mercurii
1400 1548 1517 1611 calculo
1541 1549 1652 1621 tenuit,
1677 1568 1715 1610 ex
1739 1568 1796 1631 quo
1820 1548 1922 1624 scivit,

561 1637 709 1699 maculam
741 1637 824 1700 illam
857 1657 925 1699 esse
956 1638 1147 1703 Mercurium.
1201 1639 1308 1702 Annus
1340 1645 1443 1700 tamen
1479 1635 1582 1698 nescio
1616 1655 1673 1718 quo
1705 1657 1780 1700 casu
1811 1637 1923 1699 vitiose

562 1727 750 1805 conscriptus
774 1735 833 1790 est.
879 1726 951 1790 Fuit
973 1727 1051 1789 enim
1075 1748 1154 1790 anuo
1177 1726 1253 1792 808.
1282 1722 1331 1790 16.
1357 1725 1424 1790 Cal.
1448 1726 1548 1805 April.
1580 1726 1673 1799 (forte
1702 1726 1782 1807 quod
1810 1745 1923 1788 aunum

562 1814 757 1879 aPaschate
790 1814 939 1889 inchoat).
985 1815 1066 1878 Nam
1093 1817 1159 1896 ejus
1190 1816 1249 1879 diei
1280 1815 1447 1878 meridiana
1472 1816 1549 1876 hora
1575 1814 1605 1876 in
1628 1813 1830 1895 Regiomonte
1855 1814 1922 1876 cal·

563 1904 647 1967 culus
671 1902 851 1966 Prutcnicus
884 1902 1008 1966 exbibet
1039 1900 1452 1981 11111811116045001,
1479 1902 1622 1965 Mercurii
1644 1899 1685 1965 00
1707 1900 1761 1967 310
1785 1902 1832 1981 Υ,
1855 1922 1922 1964 cum

562 1992 617 2055 lat.
642 1988 683 2053 20
705 1987 747 2068 9¹,
773 2011 862 2073 quam
893 1992 1085 2056 latitudinem
1117 2002 1231 2057 certum
1255 2001 1305 2058 est
1327 2014 1347 2056 1
1369 1993 1544 2055 Ptolemaeo
1578 1992 1656 2054 citra
1678 1991 1923 2054 observationum

563 2079 677 2144 iudicia
699 2080 744 2142 sic
766 2082 946 2156 ordinatam,
970 2101 1007 2143 ne
1031 2081 1086 2144 hos
1110 2083 1185 2144 duos
1216 2084 1356 2162 planetas
1380 2081 1436 2144 snb
1459 2079 1562 2143 Solem
1585 2079 1751 2142 induceret
1791 2080 1838 2142 At
1856 2080 1924 2159 jam

567 2167 680 2231 dictum
705 2178 763 2245 eet,
787 2169 876 2233 hodie
900 2170 1009 2232 nodum
1032 2171 1063 2233 in
1085 2171 1203 2234 Arietis
1225 2172 1283 2233 hue
1311 2189 1395 2245 esse,
1419 2177 1533 2232 utnon
1555 2177 1677 2249 praeter
1699 2168 1848 2232 rationem
1871 2168 1923 2243 sit,

567 2264 638 2320 tuuc
661 2257 755 2320 fnisse
779 2259 860 2321 circa
882 2258 998 2321 initium
1021 2260 1109 2340 hujus
1133 2259 1221 2339 signi.

654 2346 725 2410 Jam
755 2345 848 2427 igitur
880 2367 938 2410 non
969 2348 1096 2429 amplius
1128 2349 1186 2410 soli
1209 2348 1336 2411 Averroi
1369 2348 1405 2409 de
1436 2346 1493 2409 boc
1525 2346 1731 2427 phaenomeuo
1764 2344 1924 2420 credimus,

545 2442 725 2516 postquam
749 2433 941 2499 Christianae
964 2437 1164 2517 professionis
1186 2438 1274 2499 homo
1299 2455 1385 2499 sunm
1409 2454 1525 2517 quoqne
1549 2434 1697 2497 calculum
1720 2433 1817 2496 addit.
1830 2427 1876 2509 00)

656 2523 761 2586 Lunae
785 2526 973 2605 superfixus
996 2526 1151 2604 ingressus
1174 2545 1250 2605 pene
1278 2525 1443 2605 quotidiani
1467 2533 1549 2599 sunt,
1581 2524 1739 2604 solentque
1762 2522 1926 2603 diiigenter

376 2623 387 2636 ‘
500 2585 503 2592 .
563 2613 704 2674 annotari
737 2613 776 2674 ab
809 2614 1002 2676 astronomis.
1049 2613 1102 2677 Sic
1131 2614 1286 2694 Agrippas
1317 2614 1468 2696 Bithynus
1492 2621 1524 2675 et
1547 2612 1739 2675 Timochares
1769 2611 1925 2682 Pleiadas,

565 2700 725 2763 Menelaus
748 2699 904 2763 Romanus
938 2702 1066 2764 frontem
1086 2701 1218 2783 Scorpii,
1252 2702 1401 2784 iidemque
1434 2710 1573 2764 auctores
1601 2719 1660 2762 non
1684 2700 1777 2762 semel
1810 2700 1926 2781 spicam

564 2788 711 2869 Virginis,
737 2790 840 2871 Tycha
863 2791 963 2853 Brahe
989 2800 1020 2852 et
1044 2790 1229 2872 Coperuicus
1252 2791 1436 2867 Palilicinm,
1466 2810 1522 2871 ego
1545 2809 1597 2851 cor
1619 2787 1737 2870 Scorpii
1760 2792 1812 2862 (ut
1835 2807 1927 2869 supra

564 2896 631 2958 cap.
661 2878 698 2953 V,
721 2878 796 2942 Nro.
821 2876 851 2955 5,
876 2899 906 2960 p.
932 2874 1007 2944 266.
1032 2880 1175 2957 dictum),
1200 2882 1383 2944 Maestlinus
1410 2880 1608 2943 creberrimas
1632 2878 1725 2941 etiam
1746 2878 1926 2941 minutiores

564 2967 711 3031 occultari
735 2988 755 3029 a
775 2967 864 3031 Luna
885 2969 972 3033 vidit.
1563 2998 1566 3003 ·

653 3056 705 3117 Ita
727 3053 890 3119 Saturnum
915 3079 934 3119 a
956 3058 1044 3119 Luna
1072 3064 1186 3120 tectum
1210 3057 1388 3121 waltherus
1417 3054 1537 3118 notarit
1565 3055 1648 3128 (vide
1675 3054 1756 3118 infra
1778 3075 1846 3138 cap.
1868 3054 1926 3130 XI,

565 3144 662 3226 probi.
678 3141 758 3220 30.),
781 3144 889 3208 Jovem
904 3147 1074 3209 Monachus
1097 3145 1260 3209 historicus
1285 3166 1363 3209 auno
1383 3144 1499 3209 Christi
1513 3141 1589 3207 807.
1611 3143 1769 3218 ianuario,
1792 3147 1928 3208 Martem

563 3233 750 3297 Aristoteles
773 3242 806 3296 et
827 3235 1020 3311 Maestlinus,
1045 3236 1198 3298 Venerem
1221 3233 1407 3315 Cepernicus
1431 3233 1482 3296 lib.
1499 3233 1539 3295 V.
1564 3252 1633 3314 cap.
1656 3228 1709 3296 23.

656 3322 763 3384 Verba
785 3323 963 3387 Aristotelis
992 3324 1044 3387 lib.
1068 3325 1115 3416 Π..
1131 3326 1168 3386 de
1192 3324 1292 3399 coelo,
1316 3344 1382 3404 cap.
1411 3321 1460 3385 12.
1492 3334 1600 3389 Lunam
1621 3333 1693 3389 euim
1711 3332 1844 3398 vidimus,
1866 3350 1928 3388 auur

565 3411 696 3468 bifariam
710 3412 754 3467 111
773 3413 863 3469 divisa
883 3421 968 3479 esset,
989 3423 1022 3470 ut
1035 3416 1128 3471 111111
1141 3422 1274 3486 exparte
1295 3417 1500 3478 obscuraretur,
1522 3432 1559 3469 ex
1574 3416 1667 3471 altera
1686 3415 1802 3478 luceret
1825 3413 1928 3469 sensim

567 3492 697 3565 congredi
719 3509 778 3547 cum
800 3495 892 3559 stella,
915 3511 986 3565 quae
1007 3496 1106 3550 Martis
1128 3495 1236 3559 dicitnr,
1258 3501 1288 3549 et
1308 3513 1369 3550 eam
1391 3497 1506 3567 quidem,
1529 3511 1589 3550 cum
1610 3496 1728 3551 obscura
1747 3493 1823 3549 illius
1843 3500 1928 3564 purte

567 3587 704 3651 occupata
724 3581 831 3648 fuisset,
854 3602 891 3639 ex
911 3591 993 3655 parte
1013 3585 1088 3639 illius
1110 3584 1204 3639 lueida
1223 3602 1376 3656 emergere.
1417 3574 1486 3636 Nou
1516 3574 1614 3653 potuit
1646 3573 1738 3653 igitur
1767 3572 1826 3634 hoc
1858 3591 1927 3633 esse

567 3660 628 3723 alio
652 3666 799 3739 tempore,
825 3680 915 3741 quam
939 3682 1017 3724 anno
1042 3663 1132 3725 tertio
1157 3661 1347 3744 Olympiadis
1373 3661 1556 3724 centesimae
1581 3662 1713 3742 quintae,
1736 3668 1808 3723 ante
1833 3657 1927 3723 Chri-

567 3757 646 3810 stum
671 3767 750 3809 auno
775 3745 849 3825 357,
875 3750 904 3813 in
928 3759 1018 3814 nocte
1041 3746 1071 3812 4.
1090 3751 1201 3830 April,
1225 3750 1298 3813 Sole
1320 3752 1351 3813 in
1378 3745 1548 3827 10⁰Tauri,
1573 3751 1660 3813 Luna
1684 3769 1750 3813 cum
1770 3750 1874 3811 Marte
1898 3749 1928 3810 in

570 3833 610 3901 3⁰
633 3840 659 3913 11
681 3836 840 3900 latitudine
865 3839 988 3915 eadem;
1013 3859 1080 3901 cum
1098 3840 1284 3902 Aristoteles
1303 3840 1422 3920 juvenis
1446 3835 1484 3902 21
1513 3858 1656 3902 annorum
1679 3839 1799 3902 audiret
1820 3838 1928 3901 Eudo·

566 3944 647 4002 xum,
671 3934 707 3988 ut
729 3944 767 3987 ex
789 3927 915 3990 Laertio
940 3937 1051 3991 notum.

659 4013 861 4079 Commendat
892 4017 933 4079 ibi
962 4017 1147 4080 Aristoteles
1179 4014 1400 4080 Chaldaeorum
1430 4016 1626 4092 iudustriam,
1651 4017 1801 4098 aquibus
1833 4016 1930 4078 multa

569 4102 645 4166 talia
667 4104 706 4167 ad
730 4102 868 4168 Graecos
890 4106 1066 4185 pervenisse
1089 4105 1173 4168 dicit.

1129 4402 1367 4414 m

1138 4690 1258 4791 Caput
1284 4688 1353 4764 IX.

1085 4866 1142 4929 De
1165 4864 1410 4931 Parolluaibue.

659 5023 797 5107 Corpora
819 5022 938 5105 itaque,
962 5042 1085 5106 quorum
1107 5025 1226 5106 species
1250 5035 1282 5089 et
1304 5026 1496 5090 dimetientes
1528 5024 1713 5089 asuonomia
1743 5022 1934 5101 considerat,

571 5121 651 5189 suut,
675 5114 720 5177 uti
744 5111 883 5189 diximus,
907 5110 972 5187 Sol,
996 5114 1083 5177 Luna
1105 5122 1138 5176 et
1161 5115 1288 5178 stellae:
1313 5116 1419 5196 quibus
1443 5116 1592 5179 accedunt
1610 5114 1740 5178 Telluris
1763 5108 1934 5194 Lunaeque

1970 5345 1976 5384 1
