4584 6192
582 601 649 672 496
1183 606 1332 657 nessaeo

583 784 669 846 varia
692 782 817 863 specula
840 783 922 843 velut
946 783 1047 843 oculos
1081 782 1257 857 distinctae,
1292 781 1373 843 subit
1394 781 1487 859 igitur
1519 781 1664 853 animum,
1696 798 1767 840 num
1790 779 1821 840 in
1845 778 1934 841 Luna

582 875 640 935 hae
663 873 798 934 maculae
827 872 894 951 quid
924 871 1003 931 aliud
1034 879 1147 931 notent.
1194 872 1283 950 Apud
1307 891 1361 932 nos
1391 870 1520 931 enimin
1545 870 1663 930 Tellure
1694 876 1764 929 sunt
1791 869 1933 929 sinuosae

581 962 741 1024 nonnullae
764 961 875 1032 valles,
908 969 942 1020 at
964 967 1034 1020 sunt
1057 960 1147 1020 etiam
1171 959 1201 1020 in
1225 960 1344 1038 longum
1377 968 1552 1037 protensae,
1588 957 1749 1018 secuudum
1777 956 1933 1018 fluviorum

582 1052 735 1123 decursus,
760 1048 974 1127 profunditatis
999 1068 1054 1108 nou
1080 1049 1334 1108 contemnendae:
1363 1048 1529 1127 cujusmodi
1554 1046 1645 1108 relnti
1675 1054 1823 1124 perpetua
1844 1044 1934 1106 vallis

582 1148 631 1200 est
652 1138 778 1199 Austria
804 1138 864 1196 fere
889 1146 954 1196 tota
977 1146 1099 1215 propter
1122 1137 1307 1208 Danubium,
1335 1138 1413 1198 inter
1436 1136 1590 1197 Moraviae
1615 1143 1645 1195 et
1668 1133 1790 1214 Styriae
1815 1141 1934 1195 montes

582 1229 727 1306 depressa
742 1233 773 1285 et
792 1225 875 1303 quasi
900 1226 1065 1286 recondita.
1105 1223 1167 1286 Cur
1190 1225 1280 1303 igitur
1304 1226 1401 1286 nullas
1421 1225 1499 1285 tales
1522 1223 1672 1308 longasin
1688 1223 1775 1283 Luna
1798 1222 1935 1284 maculas

581 1315 708 1396 prodis?
740 1313 801 1375 Cur
823 1314 983 1391 plerasque
1007 1314 1116 1374 circulo
1141 1314 1386 1375 circumductas?
1419 1313 1506 1373 Anne
1531 1314 1602 1373 licet
1625 1310 1804 1390 conjecturis
1833 1311 1935 1372 indul-

581 1422 666 1483 gere,
696 1403 813 1464 Lunam
837 1402 930 1462 veluti
963 1403 1109 1481 pumicem
1133 1403 1280 1481 quendam
1305 1421 1385 1475 esse,
1419 1401 1607 1462 creberrimis
1631 1410 1662 1460 et
1686 1400 1824 1461 maximis
1852 1400 1935 1478 poris

555 1492 709 1571 ,undique
733 1490 962 1552 dehiscentem?
999 1491 1129 1551 Patieris
1158 1490 1236 1551 enim
1265 1510 1359 1570 aequo
1389 1491 1503 1561 anime,
1534 1498 1567 1550 ut
1591 1490 1637 1551 hic
1660 1507 1714 1568 per
1742 1488 1936 1549 occasionem

581 1581 693 1659 aliquid
725 1578 895 1657 indulgeam
928 1580 1184 1658 speculationibus
1216 1579 1290 1639 meis
1324 1577 1546 1640 Commentario
1580 1577 1616 1638 de
1649 1578 1748 1637 Marte
1782 1574 1859 1656 Cap.
1891 1570 1935 1638 34

579 1667 762 1748 propositis,
788 1667 837 1727 nbi
861 1687 899 1727 ex
923 1686 967 1741 eo,
994 1668 1070 1745 quod
1095 1667 1182 1728 Luna
1206 1689 1224 1727 a
1247 1668 1366 1728 Tellure
1395 1668 1484 1747 duplo
1507 1666 1633 1727 celerius
1657 1665 1813 1740 incitatur,
1844 1683 1934 1744 qnam

580 1766 684 1835 partes
714 1756 797 1835 ipsae
821 1756 949 1817 Telluris
978 1757 1108 1817 extimae
1133 1756 1162 1816 in
1192 1756 1302 1817 circulo
1326 1766 1504 1836 aequatore,
1530 1755 1653 1832 collegi,
1677 1754 1796 1814 Lunare
1826 1771 1935 1832 corpus

571 1864 647 1906 ‘esse
668 1864 766 1906 rarum
791 1845 949 1906 admodum
974 1846 1109 1924 quodque
1134 1845 1243 1923 exigua
1257 1845 1401 1906 materiae
1421 1863 1535 1923 paucae
1554 1842 1742 1904 contumacia
1764 1842 1936 1921 praeditum

580 1934 679 2012 raptui
704 1932 832 1993 Telluris
856 1952 914 1994 non
937 1934 1061 1993 multum
1085 1933 1219 1993 resistat.

670 2022 877 2083 Veruntamen
903 2022 976 2082 haec
1001 2023 1052 2094 (de
1084 2022 1231 2082 absolutis
1254 2021 1450 2094 cavitatibus,
1476 2039 1532 2081 non
1557 2038 1610 2097 per
1638 2027 1755 2080 montes
1779 2017 1935 2092 formatis)

580 2110 657 2171 tanti
683 2129 741 2171 non
761 2118 841 2183 sunt,
866 2119 899 2170 nt
918 2110 943 2170 si
963 2111 1053 2188 juxta
1068 2118 1136 2170 tuas
1154 2118 1314 2188 sequentes
1329 2110 1517 2170 narrationes
1536 2117 1618 2169 stare
1634 2107 1752 2169 omuino
1772 2115 1932 2187 nequeant,

579 2197 775 2279 pertinaciter
803 2198 992 2259 defendenda
1023 2209 1134 2277 putem.
1186 2200 1265 2260 Nam
1295 2198 1471 2259 clarissimis
1504 2195 1716 2274 experimentis
1746 2196 1813 2274 lege
1845 2197 1935 2276 plane

580 2287 681 2366 optica
710 2287 869 2348 reddidisti
902 2287 1206 2361 confirmatissimum,
1240 2289 1270 2347 in
1294 2287 1407 2347 Lunari
1436 2305 1557 2364 corpore
1591 2286 1701 2346 multos
1729 2304 1783 2363 per
1807 2284 1934 2346 lucidam

500 2373 506 2380 ’
579 2383 696 2454 partem
720 2376 900 2453 praesertim
926 2376 1049 2436 inferius
1082 2394 1262 2454 consurgere
1286 2375 1387 2454 apices
1417 2375 1513 2436 instar
1543 2374 1757 2439 altissimorum
1790 2375 1934 2436 montium

580 2472 701 2524 nostrae
726 2463 872 2538 Telluris,
898 2464 947 2543 qui
970 2464 1057 2542 primi
1088 2463 1212 2524 orientis
1236 2465 1264 2524 in
1288 2465 1375 2525 Luna
1399 2462 1480 2524 Solis
1505 2463 1569 2523 luce
1600 2463 1736 2523 fruuntur
1759 2482 1855 2543 eaque
1879 2461 1933 2525 tibi

579 2552 752 2633 perspicillo
778 2562 829 2614 tuo
854 2554 950 2614 utenti
974 2553 1162 2631 detegantur.

668 2638 748 2710 Quid
774 2641 839 2718 jam
872 2640 969 2700 dicam
1003 2641 1039 2699 de
1072 2651 1125 2700 toa
1157 2660 1246 2719 super
1277 2641 1408 2719 antiquis
1440 2639 1563 2699 maculis
1592 2640 1695 2699 Lunae
1728 2638 1933 2716 disputatione

580 2729 796 2789 exactissima?
821 2727 895 2789 Cum
913 2729 963 2789 fol.
980 2726 1054 2790 287.
1080 2729 1146 2790 libri
1167 2729 1225 2790 mei
1241 2728 1422 2789 sententiam
1436 2728 1591 2788 Plutarchi
1611 2727 1813 2801 adduxissem,
1829 2727 1933 2789 Lunae

580 2817 716 2877 maculas
745 2816 815 2876 illas
848 2816 987 2896 antiquas
1011 2836 1064 2895 pro
1098 2818 1222 2879 lacubus
1246 2838 1300 2878 seu
1323 2817 1455 2878 maribus
1485 2816 1645 2889 habentis,
1681 2816 1794 2878 lucidas
1827 2824 1932 2896 partes

581 2923 635 2983 pro
660 2905 890 2979 continentibus,
915 2925 974 2966 non
998 2906 1134 2967 dubitavi
1153 2926 1198 2967 me
1219 2925 1369 2985 opponere
1388 2914 1420 2967 et
1443 2905 1595 2966 contraria
1618 2905 1783 2966 rationein
1808 2903 1932 2965 maculis

579 2991 778 3067 continentes,
805 2995 833 3055 in
858 2994 956 3055 lucida
979 2996 1110 3073 puritate
1135 2996 1267 3056 humoris
1282 2995 1342 3055 vim
1367 3014 1484 3073 ponere,
1511 3013 1569 3073 qua
1587 2994 1617 3053 in
1637 3012 1668 3053 re
1689 2994 1761 3054 mihi
1775 2993 1932 3054 Wackhe-

579 3081 641 3159 rius
675 3082 762 3143 valde
796 3083 978 3161 applaudere
1007 3093 1054 3144 est
1085 3084 1202 3145 solitus.
1248 3084 1392 3162 Adeoque
1421 3083 1466 3142 his
1500 3082 1754 3161 disputationibus
1788 3081 1932 3161 superiori

580 3178 700 3231 aestate
724 3171 901 3232 indulsimus
927 3172 1039 3245 (credo,
1066 3173 1142 3251 quod
1167 3182 1276 3233 natura
1298 3191 1351 3251 per
1366 3192 1420 3232 nos
1440 3169 1546 3231 eadem
1571 3171 1758 3245 moliebatur,
1784 3190 1863 3250 quae
1882 3190 1934 3250 per

581 3256 752 3320 Galilaeum
777 3260 907 3321 obtinuit
928 3261 1132 3340 paulopost),
1156 3261 1235 3322 utin
1259 3261 1353 3340 ipsius
1372 3260 1548 3321 Wackherii
1570 3260 1699 3338 gratiam
1719 3260 1812 3320 etiam
1832 3269 1932 3320 astro-

580 3347 708 3408 nomiam
732 3367 849 3422 novam,
875 3351 960 3427 qnasi
981 3368 1034 3428 pro
1058 3349 1096 3410 iis
1120 3350 1222 3429 quiin
1247 3350 1334 3411 Luna
1357 3348 1511 3423 habitant,
1542 3349 1689 3427 planeque
1717 3348 1933 3428 geographiam

581 3436 728 3514 quandam
754 3437 902 3497 Lunarem
926 3438 1097 3512 conderem,
1123 3439 1207 3516 cujus
1235 3439 1312 3499 inter
1343 3437 1537 3498 fundamenta
1562 3447 1593 3497 et
1616 3438 1671 3497 hoc
1696 3446 1770 3510 erat,
1797 3438 1932 3498 maculas

578 3535 647 3585 esse
683 3525 888 3593 continentes,
919 3527 1034 3587 lucidas
1063 3537 1166 3608 partes
1197 3528 1301 3588 maria.
1333 3532 1366 3595 (v.
1387 3550 1407 3582 s.
1427 3551 1451 3597 p.
1471 3532 1544 3595 417.)
1592 3524 1671 3595 Quid
1707 3545 1752 3587 me
1794 3525 1930 3597 moverit,

578 3622 613 3673 ut
631 3612 678 3673 hie
693 3614 856 3674 Plutarcho
880 3616 1125 3690 contradicerem,
1152 3615 1252 3676 videre
1278 3624 1325 3676 est
1349 3612 1489 3677 r01.287.
1516 3615 1583 3675 libri
1603 3615 1670 3686 mei,
1696 3615 1930 3693 experimentum

577 3702 695 3763 scilicet
718 3702 758 3762 ibi
783 3703 961 3780 allegatum,
995 3705 1072 3784 quod
1097 3705 1161 3783 cepi
1187 3705 1215 3763 in
1240 3713 1338 3765 monte
1363 3702 1483 3785 Styriae
1508 3703 1671 3777 Scheclrel,
1703 3723 1740 3763 ex
1772 3723 1830 3782 qno
1863 3702 1931 3764 mihi

579 3791 733 3868 subjectns
756 3791 862 3851 fluvius
896 3792 1053 3854 ridebatur
1083 3795 1215 3860 lucidus,
1253 3803 1349 3854 terrae
1381 3794 1610 3855 tenebrosiores.
1658 3793 1703 3852 At
1726 3793 1930 3855 infirmitatem

578 3879 788 3957 applicationis
815 3880 884 3940 folio
909 3900 994 3942 verso
1020 3901 1122 3959 margo
1144 3883 1206 3959 ipse
1233 3883 1354 3943 indicat.
1394 3881 1517 3942 Scilicet
1541 3901 1597 3941 non
1623 3883 1686 3941 luce
1711 3883 1930 3943 communicata

577 3988 615 4027 ex
639 3966 710 4029 Sole
735 3977 768 4026 nt
792 3975 890 4029 terrae
922 3970 1040 4031 lucebat
1065 3971 1186 4039 fluvius,
1218 3973 1271 4032 sed
1295 3973 1359 4033 lnce
1393 3990 1569 4048 repercussa
1592 3988 1629 4030 ex
1653 3977 1721 4031 abre
1752 3971 1928 4032 illuminato.

575 4057 742 4134 Propterea
766 4065 795 4117 et
819 4077 927 4117 causas
952 4059 1145 4137 experimenti
1171 4060 1285 4120 tentari
1311 4060 1479 4121 infeliciter.
1526 4059 1604 4120 Nam
1628 4067 1734 4120 contra
1765 4060 1929 4122 doctrinam

576 4143 756 4206 Aristotelis
781 4145 856 4206 libro
876 4146 911 4206 de
932 4148 1079 4208 coloribus
1099 4148 1154 4209 hoc
1179 4150 1344 4210 affirmari:
1370 4169 1463 4228 aquas
1489 4149 1583 4208 minus
1604 4149 1639 4208 de
1660 4157 1726 4209 atro
1745 4149 1928 4229 participare

575 4253 664 4312 quam
689 4243 795 4293 terras.
843 4233 901 4304 Qui
926 4237 1004 4296 enim
1028 4237 1083 4297 hoc
1108 4256 1209 4298 verum
1238 4259 1305 4299 esse
1336 4238 1446 4316 possit,
1482 4257 1548 4298 cnm
1573 4246 1672 4297 terrae
1696 4238 1783 4316 aquis
1817 4239 1928 4299 tinctae

576 4321 722 4400 nigriores
747 4322 902 4383 evadant?
925 4324 966 4385 Et
990 4325 1060 4404 quid
1084 4326 1211 4387 multis?
1239 4327 1288 4387 Da
1311 4327 1427 4388 Lunam
1452 4346 1489 4386 ex
1513 4327 1584 4387 alba
1607 4326 1697 4404 gleba
1720 4336 1874 4403 constare,
1897 4337 1929 4388 ut

576 4409 699 4472 Cretam
723 4411 849 4472 insulam
875 4414 1035 4491 (quomodo
1052 4414 1202 4476 Lucianus
1217 4416 1335 4477 Lunam
1360 4416 1435 4477 dixit
1454 4416 1534 4475 casei
1559 4415 1687 4476 similem
1703 4415 1828 4477 Terram
1848 4418 1928 4488 esse)

574 4500 798 4561 concedendum
821 4506 891 4573 erit,
917 4502 1027 4565 clarius
1050 4505 1294 4582 resplendescere
1320 4506 1399 4566 illam
1425 4523 1462 4564 ex
1489 4504 1706 4564 illuminatione
1731 4503 1815 4565 Solis
1840 4523 1926 4585 qnam

576 4591 689 4662 maria,
725 4591 915 4668 quantumvis
949 4612 1006 4652 non
1040 4602 1209 4653 atramento
1244 4593 1367 4656 imbuta.
1419 4595 1524 4672 ltaque
1556 4593 1627 4653 nihil
1661 4613 1707 4652 me
1738 4594 1815 4654 liber
1848 4613 1928 4655 meus

574 4678 708 4758 impedit,
735 4698 791 4756 quo
817 4680 911 4739 minus
937 4690 966 4741 te
991 4683 1110 4742 audiam
1135 4693 1241 4743 contra
1266 4702 1310 4743 me
1330 4701 1384 4761 pro
1400 4683 1564 4743 Plutarcho
1589 4682 1812 4743 mathematicis
1837 4703 1926 4763 argu·

573 4767 684 4828 mentis
709 4766 920 4844 disserentem,
945 4771 1079 4831 illatione
1104 4771 1299 4850 argutissima
1323 4781 1354 4832 et
1377 4771 1498 4832 invicta.
1533 4771 1666 4831 Lucidae
1691 4772 1801 4850 quippe
1826 4782 1928 4851 partes

550 4868 557 4875 *⁴
574 4856 676 4917 multis
696 4856 877 4916 caritatibus
897 4859 1063 4932 dehiscunt,
1084 4859 1200 4920 lucidae
1214 4868 1318 4938 partes
1333 4868 1470 4921 tortuosa
1485 4860 1564 4920 linea
1579 4860 1791 4935 illuminantur,
1814 4861 1928 4923 lucidae

572 4953 677 5023 partes
710 4945 887 5006 eminentias
918 4947 1029 5009 habent
1062 4967 1205 5025 magnas,
1247 4949 1351 5026 quibus
1389 4949 1502 5010 vicinas
1535 4958 1638 5028 partes
1668 4958 1867 5028 praevertunt
1900 4949 1927 5009 in

573 5032 805 5107 illuminatione3
830 5035 952 5096 eaedem
977 5047 1008 5097 et
1035 5044 1140 5097 contra
1163 5035 1266 5097 Solem
1290 5046 1361 5099 sunt
1393 5038 1528 5111 lucidae,
1563 5050 1648 5116 parte
1677 5037 1792 5099 aSole
1821 5057 1928 5102 averse

574 5121 766 5197 tenebrosae,
801 5143 877 5204 quae
911 5125 1010 5187 omnia
1033 5124 1061 5185 in
1092 5123 1173 5186 sicco
1196 5134 1228 5187 et
1257 5126 1354 5188 solido
1379 5136 1411 5189 et
1433 5127 1576 5189 eminenti
1608 5128 1704 5190 locum
1734 5127 1864 5205 habent,
1900 5126 1926 5191 iu
