4584 6192
839 628 883 663 esu
900 613 1035 665 suessa
1055 614 1081 663 ru
1099 613 1157 665 aare
1174 616 1246 665 aaa
1653 616 1715 684 301

374 785 466 848 biduo
488 788 686 866 etamplius,
718 790 771 851 sed
795 791 886 853 etiam
909 790 1028 853 Pascha
1056 792 1176 872 saepius
1208 792 1363 853 statuebat
1385 799 1456 854 ante
1485 794 1713 873 aequinoctium.

374 875 457 938 Sane
480 878 536 939 hoc
559 877 708 956 posterius
732 879 893 942 etiamnum
916 890 1049 961 ternpore
1074 878 1265 943 Constantini
1289 880 1517 943 committebant
1539 883 1665 959 Iudaei,
1682 894 1717 950 ut

373 965 468 1047 liquet
491 986 528 1028 ex
552 965 682 1046 epistola
703 965 893 1031 Constantini
917 970 953 1031 de
977 970 1126 1032 Paschate
1151 978 1182 1032 et
1206 989 1243 1029 ex
1266 968 1334 1032 aliis
1357 970 1519 1049 Epiphauii
1544 972 1625 1037 locis.

461 1053 523 1117 Sed
546 1056 583 1117 ad
608 1075 689 1118 rem:
713 1056 801 1121 VIII.
822 1057 888 1121 Cal.
905 1059 1020 1139 Aprilis
1041 1057 1194 1122 Christum
1218 1057 1336 1137 quidam
1359 1059 1571 1135 resurrexisse,
1595 1064 1716 1145 quidam

373 1144 492 1223 linguae
522 1145 609 1225 lapsu
637 1163 760 1226 passum
791 1165 859 1209 esse
883 1157 914 1211 et
935 1149 980 1211 sic
1003 1149 1121 1211 Pascha
1144 1148 1280 1211 ultimum
1303 1145 1417 1211 Christi
1440 1166 1476 1209 co
1500 1148 1548 1212 die
1572 1151 1715 1216 incidisse

373 1232 520 1309 dixerunt,
545 1234 651 1314 diuque
675 1235 833 1299 admodum
856 1237 976 1300 Pascha
997 1238 1087 1300 lixum
1110 1238 1166 1300 hoc
1189 1237 1236 1299 die
1260 1233 1312 1300 25.
1337 1236 1440 1299 Martii
1465 1235 1547 1300 Galli
1575 1241 1713 1305 celebra-

374 1331 445 1385 mut
477 1342 569 1403 nsque
600 1332 672 1404 post
703 1332 840 1404 tempora
871 1326 989 1389 concilii
1019 1327 1135 1389 Niceni.
1182 1326 1297 1388 Eodem
1324 1326 1372 1388 die
1396 1327 1484 1388 VlII.
1510 1324 1577 1390 Cal.
1601 1331 1716 1410 Aprilis

374 1420 551 1492 conceptum
574 1432 641 1475 esse
665 1414 694 1474 in
718 1422 803 1476 utero
826 1416 944 1491 Matris,
968 1417 1131 1479 hauserunt
1154 1416 1201 1477 vel
1225 1435 1263 1478 ex
1282 1413 1496 1497 chrysostomo
1520 1418 1567 1480 vel
1591 1437 1628 1480 ex
1650 1420 1716 1482 Ro·

373 1501 471 1564 manis
502 1502 729 1583 antiquioribus.
774 1505 889 1566 Eodem
913 1505 961 1567 die
989 1512 1022 1569 et
1051 1506 1192 1567 mundum
1221 1505 1372 1568 conditum
1404 1524 1471 1567 esse
1501 1505 1614 1587 opinati
1646 1516 1717 1572 sunt
1812 1552 1819 1567 .

371 1592 613 1673 patres=synodi
645 1592 837 1655 Palaestinae
867 1615 887 1657 a
918 1594 1082 1675 Theophilo
1117 1594 1311 1674 cougregati;
1347 1603 1380 1656 ut
1417 1595 1510 1675 liquet
1545 1615 1583 1658 ex
1614 1616 1715 1662 eorum

373 1679 504 1759 epistola
535 1681 691 1761 synodali,
723 1691 869 1763 quaeest
897 1685 975 1764 apud
997 1685 1128 1758 Bedam,
1160 1693 1191 1745 et
1214 1703 1251 1744 ex
1272 1682 1449 1763 Epiphanio.
1494 1684 1602 1765 Itaque
1626 1687 1713 1750 VIII.

374 1768 442 1832 Cal.
465 1769 581 1849 Aprilis
604 1770 685 1833 dicta
707 1772 764 1834 fult
786 1792 1002 1852 πρωτοκτισιος
1024 1767 1129 1852 ἣμερα,
1151 1780 1184 1835 ut
1206 1773 1300 1834 relert
1317 1769 1454 1852 Scaliger
1475 1774 1661 1853 praelatione
1685 1778 1714 1838 in

372 1858 549 1921 Eusebium.
589 1858 665 1923 Cum
689 1861 789 1942 itaque
813 1860 865 1926 25.
885 1862 987 1925 Martii
1011 1864 1049 1924 ab
1069 1860 1304 1924 occidentalibus
1327 1879 1380 1941 pro
1398 1862 1531 1941 principe
1554 1863 1601 1925 die
1625 1865 1716 1927 luerit

372 1947 509 2018 habitus,
537 1948 607 2029 quid
630 1949 743 2025 mirum,
768 1971 869 2015 eorum
892 1971 1095 2015 successorem
1119 1951 1294 2032 scriptorem
1317 1951 1480 2013 Annalium
1504 1949 1653 2015 Gallicum
1676 1973 1715 2017 ex

373 2056 413 2098 ea
435 2035 482 2098 die
505 2037 635 2117 incipere
663 2041 795 2102 annum?
829 2043 887 2104 Vel
915 2049 995 2104 certe
1020 2061 1057 2103 ex
1080 2060 1117 2103 ea
1140 2040 1188 2103 die
1211 2039 1371 2102 Paschatis
1399 2039 1535 2117 mobilis,
1568 2043 1647 2123 quod
1670 2043 1714 2105 cis

372 2132 405 2188 et
427 2123 508 2188 ultra
529 2126 606 2189 hunc
629 2128 709 2190 diem
731 2129 860 2193 incidere
884 2132 971 2193 solet.

460 2214 727 2302 Evidentissimurq
759 2239 829 2282 vero
861 2219 972 2282 habent
1002 2225 1207 2300 argumentum
1231 2216 1288 2295 ipsi
1317 2215 1386 2278 anni
1414 2217 1633 2281 Incamatiouis
1661 2239 1714 2283 sen

371 2305 497 2385 vulgata
526 2324 611 2381 aera,
645 2325 704 2386 qua
727 2308 814 2371 hodie
841 2310 952 2372 utimur
983 2327 1098 2390 quaque
1122 2315 1154 2368 et
1176 2306 1306 2387 scriptor
1334 2303 1442 2368 Gallus
1471 2315 1520 2368 est
1548 2327 1637 2382 usus,
1669 2309 1715 2372 illi
1825 2301 1830 2312 '

371 2393 520 2476 siquidem
552 2395 589 2456 ab
622 2404 744 2459 auctore
776 2417 829 2460 suo
857 2398 1002 2480 Dionysio
1034 2398 1217 2478 putabantur
1248 2394 1377 2475 genuina
1408 2395 1529 2458 notione
1558 2396 1641 2460 vocis
1673 2398 1712 2460 ab

371 2482 593 2558 Incamatione,
617 2484 673 2547 hoc
693 2495 740 2548 est
759 2484 994 2569 aCouceptione
1016 2486 1139 2560 Christi,
1163 2485 1326 2565 posteritas
1348 2503 1419 2546 vero
1443 2484 1571 2566 decepta
1593 2488 1714 2565 putavit

371 2571 549 2654 Dionysium
572 2592 726 2637 numerare
750 2576 818 2638 illos
842 2596 935 2639 annos
953 2575 1156 2639 aNativitate
1176 2572 1289 2636 Christi
1299 2593 1309 2647 ;
1333 2572 1389 2635 nisi
1412 2572 1492 2635 enim
1511 2574 1712 2639 aNatiritats

372 2670 608 2734 numerarentur,
624 2662 764 2727 Christus
787 2673 875 2740 uatus
895 2674 978 2728 esset
995 2685 1072 2727 anno
1086 2664 1207 2726 Juliano
1221 2658 1275 2725 46.
1294 2661 1462 2725 Decembri.
1498 2664 1587 2726 Anno
1610 2664 1713 2747 itaque

373 2746 428 2813 74.
451 2749 627 2827 Decembri,
650 2753 735 2833 cnjus
757 2756 949 2835 praecedenti
972 2753 1142 2835 Septembri
1165 2751 1323 2814 liniebatur
1349 2747 1398 2816 15.
1423 2751 1548 2827 Tiberii,
1573 2751 1713 2817 Christus

372 2840 492 2902 demum
515 2839 689 2905 inchoasset
710 2863 820 2906 annum
843 2842 900 2918 29,
924 2846 1000 2925 qnod
1024 2842 1204 2907 contrarium
1231 2840 1389 2903 ridebatur
1411 2840 1640 2921 Evangelistae,
1663 2844 1713 2924 qui

330 2965 332 2969 ι
371 2929 490 2991 ridetur
519 2929 684 3007 affirmare,
710 2930 864 3000 Christum¹
889 2953 966 2996 anno
997 2931 1047 2997 15.
1072 2930 1185 2993 Tiberii
1215 2929 1371 2992 inchoasse
1400 2948 1509 2992 annum
1531 2927 1584 2996 30.
1629 2933 1713 2996 Haec

371 3019 474 3100 itaque
498 3037 590 3080 causa
613 3021 682 3096 luit,
713 3039 766 3084 cur
788 3022 931 3105 Dionysio
953 3021 1136 3103 posteriores
1159 3037 1254 3080 annos
1277 3038 1365 3080 aerae
1387 3017 1606 3102 Dionysianae,
1639 3041 1712 3102 qnos

372 3107 424 3171 ille
448 3117 656 3172 numeraverat
678 3110 715 3172 ab
739 3112 951 3187 iucamatione‚
975 3108 1196 3174 numeraverint
1219 3107 1432 3183 aNativitate,
1455 3114 1489 3170 ut
1511 3109 1555 3171 sic
1573 3109 1713 3194 Dionysii

373 3215 476 3260 aeram
498 3198 759 3281 quomodocunque
783 3200 975 3264 conciliarent
998 3221 1063 3263 cum
1086 3200 1123 3262 D.
1149 3199 1232 3261 Luca
1254 3196 1465 3279 Evangelista,
1494 3198 1531 3259 de
1560 3199 1646 3262 aunis
1670 3196 1713 3264 30

373 3286 563 3366 incompletis
586 3296 618 3351 et
643 3286 682 3353 15
712 3289 823 3352 Tiberii
852 3291 1009 3371 completis
1032 3289 1203 3352 intellectis.
1240 3287 1327 3351 Unde
1350 3286 1531 3367 sequebatur
1552 3295 1587 3350 ut
1609 3287 1638 3364 ii,
1663 3289 1713 3369 qui

373 3374 511 3458 Dionysii
534 3384 664 3439 mentem
688 3379 868 3453 retinebant,
890 3399 990 3442 aeram
1005 3377 1120 3443 Christi
1142 3376 1318 3440 inchoarent
1340 3375 1378 3437 ab
1401 3374 1488 3440 VIII.
1505 3373 1572 3439 Cal.
1586 3376 1713 3457 Aprilis,

373 3463 517 3545 quivero
541 3484 607 3529 sam
639 3467 729 3530 aliter
759 3469 1050 3549 interpretabantur,
1082 3468 1121 3530 ab
1144 3467 1231 3529 VIII.
1256 3463 1415 3529 Caldam
1438 3466 1652 3546 praecedente,
1677 3484 1712 3529 eo

374 3552 453 3634 quod
474 3561 607 3635 tempore
629 3556 765 3639 Dionysii
793 3566 946 3639 receptum
969 3567 1048 3633 erat,
1071 3555 1226 3620 Christum
1253 3561 1427 3635 conceptum
1450 3553 1567 3633 quidem
1591 3574 1657 3617 esse
1681 3562 1713 3618 et

372 3642 559 3706 incarnatum
582 3644 670 3708 VIII.
696 3646 762 3710 Cal.
785 3647 894 3729 April,
918 3656 1019 3710 natum
1042 3664 1112 3709 vero
1136 3645 1224 3707 VIII
1250 3642 1316 3707 Cal.
1340 3640 1487 3705 Januarii.

460 3731 565 3796 Putari
599 3751 669 3797 vero
708 3754 801 3803 annos
834 3735 950 3800 Christi
976 3734 1177 3818 Dionysiauos
1208 3732 1304 3813 primo
1339 3729 1470 3793 auctoris
1501 3729 1640 3794 instituto
1672 3731 1711 3794 ab

371 3821 580 3885 incarnatione
610 3831 642 3885 et
670 3824 714 3886 sic
737 3845 756 3887 a
779 3823 831 3889 25.
855 3827 959 3889 Martii
990 3825 1060 3888 anni
1086 3821 1200 3887 Iuliani
1227 3816 1291 3895 46,
1321 3838 1380 3883 non
1399 3837 1485 3881 *vero
1507 3839 1527 3882 a
1550 3817 1618 3883 Cal.
1641 3820 1710 3884 Jan.

369 3910 635 3992 praecedentibus,
667 3914 797 3977 affirmat
818 3915 950 3978 Lucidns
974 3925 1006 3978 et
1032 3931 1088 3995 ego
1118 3911 1211 3993 probo
1234 3929 1272 3972 ex
1294 3928 1348 3985 eo,
1378 3908 1455 3988 quod
1477 3907 1640 3993 Dionysius
1663 3918 1711 3973 tot

366 4001 433 4081 jam
455 3999 565 4062 seculis
588 4022 607 4063 a
630 3998 752 4066 Christo
775 4003 887 4083 elapsis
909 4006 1020 4085 primus
1044 4003 1114 4078 fuit,¹
1133 4001 1182 4082 qui
1197 4022 1219 4062 a
1232 3997 1385 4063 sententia
1406 4007 1539 4060 veterum
1563 3999 1709 4062 ecclesiae

370 4088 548 4170 scriptorum
572 4090 707 4167 descivit,
731 4092 907 4174 principium
929 4113 1019 4156 aerae
1043 4090 1157 4156 Christi
1179 4097 1358 4153 connectens
1381 4105 1439 4150 uon
1463 4107 1529 4150 cum
1552 4082 1606 4152 42.
1630 4108 1707 4152 anno

371 4178 504 4259 Augusti
528 4197 581 4241 sen
605 4199 671 4242 cum
700 4181 844 4262 principio
867 4178 921 4245 44.
946 4182 1072 4255 Iuliani,
1095 4189 1129 4243 ut
1151 4188 1271 4242 veteres
1293 4195 1401 4258 magno
1424 4195 1544 4239 numero
1574 4177 1708 4240 affirma-

369 4277 450 4340 runt,
474 4286 547 4351 quos
569 4268 637 4331 ride
671 4271 748 4349 apud
771 4271 950 4345 Beronium3
983 4271 1037 4333 sed
1059 4269 1215 4333 transtulit
1236 4267 1308 4331 illud
1330 4268 1361 4329 in
1384 4260 1436 4331 46.
1458 4264 1620 4328 Iulianum.
1662 4267 1709 4329 Ex

370 4376 430 4438 quo
454 4364 589 4438 apparet,
603 4357 779 4442 Dionysium
793 4378 851 4421 uon
865 4361 1034 4442 respexisse
1049 4360 1087 4421 ad
1107 4377 1280 4441 expressum
1293 4357 1324 4419 in
1337 4354 1536 4435 Evangelista
1558 4370 1710 4419 numerum

368 4442 418 4513 30,
436 4466 589 4516 annornm.
612 4449 651 4510 ad
675 4462 760 4530 quem
783 4457 902 4512 veteres
925 4457 1134 4531 respexerant,
1158 4448 1211 4510 sed
1235 4446 1302 4509 aliis
1326 4444 1509 4525 argumentis
1532 4464 1618 4508 nsum
1641 4464 1708 4508 esse

367 4536 409 4599 ad
432 4544 522 4616 capnt
544 4536 625 4600 illius
647 4557 720 4600 suae
743 4547 776 4600 et
796 4547 919 4601 nostrae
942 4558 1030 4602 aerae
1062 4536 1314 4617 investigandum.
1359 4534 1578 4616 Argumentum
1609 4542 1708 4596 autem

367 4626 434 4707 ejus
464 4625 521 4687 hoc
553 4625 645 4688 inisse
677 4628 785 4708 colligo
817 4648 854 4690 ex
886 4637 994 4693 eventu
1025 4625 1265 4691 ratiocinationis
1297 4625 1394 4706 hujus.
1448 4622 1610 4706 Dionysius
1642 4642 1709 4685 cnm

369 4713 589 4796 Chrysostomo
613 4712 767 4780 Christum
798 4726 901 4781 natnrn
931 4717 1060 4782 credidit
1082 4712 1135 4779 25.
1158 4714 1334 4777 Decembris
1356 4713 1385 4775 in
1414 4712 1545 4775 solstitio
1574 4711 1706 4788 hiberno,

365 4811 401 4867 at
423 4812 600 4885 conceptum
613 4823 719 4868 novem
742 4808 892 4871 mansibus
913 4816 993 4882 ante,
1008 4802 1060 4870 25.
1076 4803 1180 4867 Martii
1194 4804 1224 4865 in
1243 4801 1431 4884 aequinoctio
1453 4801 1577 4864 vernali.
1614 4802 1706 4864 Porro

366 4891 633 4957 series.historias
656 4892 857 4976 Evangelicae
885 4895 1030 4971 ostendit,
1053 4893 1222 4956 Iohannem
1244 4912 1298 4954 sex
1321 4891 1440 4955 circiter
1463 4890 1612 4954 mensibus
1635 4898 1706 4953 ante

364 4980 522 5047 Christum
546 4982 638 5046 fuisse
661 4994 844 5066 conceptum.
872 4988 954 5068 Ergo
979 4984 1166 5066 sequebatur,
1190 4990 1365 5064 conceptum
1388 5000 1454 5043 esse
1474 4981 1504 5042 in
1519 4980 1705 5061 aequinoctio

363 5070 545 5135 antumnali.
591 5073 677 5135 Hauc
700 5074 736 5136 de
759 5074 866 5139 Natali
892 5077 920 5139 in
945 5073 996 5139 25.
1018 5072 1193 5136 Decembris
1220 5071 1352 5135 nonnulli
1380 5069 1614 5132 vetustissimam
1637 5076 1703 5133 tra-

363 5160 511 5225 ditionem
535 5160 655 5237 laciunt,
680 5163 869 5246 referuntque
892 5174 971 5228 teste
988 5163 1157 5244 Nicephoro
1179 5163 1210 5225 in
1228 5160 1375 5224 Evodium
1391 5160 1427 5222 D.
1446 5159 1529 5223 Petri
1552 5180 1705 5244 oarypom

446 5266 662 5318 ιηιαιιομιιιι
1461 5262 1493 5316 ol
