4584 6192
553 576 619 643 314
1049 572 1223 625 &uouendas
1239 570 1309 623 Pars
1321 570 1421 638 opilea.

633 757 663 813 (l.
684 755 787 820 Mario,
810 754 840 809 (l.
861 753 962 808 Flacm
983 752 1060 809 Coss.
1087 752 1159 808 hors
1184 750 1238 806 diei
1263 751 1349 806 tertia
1368 752 1441 808 Solis
1468 752 1593 806 defectus
1620 752 1714 805 lumen
1743 751 1915 817 obscmarit,

553 836 617 900 M·
642 837 866 999 iiiiml’ipsanio
900 927 932 980 et
960 918 1088 981 Fonteio
1118 916 1207 982 Coss.
1242 938 1319 981 anno
1351 916 1466 981 Christi
1495 916 1548 983 59.
1596 916 1755 982 Cornelius
1787 919 1916 982 Tacitus

552 1015 605 1078 lib.
630 1014 717 1077 XIV.
741 1009 918 1083 Annalium,
942 1018 1050 1082 Solem,
1078 1006 1136 1083 ait,
1171 1025 1287 1088 repente
1313 1021 1506 1075 obscuratum:
1537 1015 1570 1069 et
1592 1008 1671 1071 inter
1692 1007 1831 1088 prodigia
1855 1008 1916 1069 im-

555 1103 657 1167 mania
679 1103 790 1173 refert,
816 1117 891 1178 quae
915 1098 1003 1160 irrita
1026 1097 1118 1158 luisse
1143 1098 1279 1172 miratur,
1304 1101 1363 1161 non
1387 1118 1483 1161 vanus
1507 1105 1621 1160 auctor.
1659 1096 1741 1159 Sane
1764 1098 1916 1178 insignem

554 1192 648 1255 fuisse
673 1192 824 1252 defectum
849 1206 886 1249 ex
909 1186 1007 1249 Plinio
1032 1185 1194 1265 colligitur,
1219 1187 1269 1267 qui
1293 1188 1344 1249 lib.
1365 1188 1404 1250 II.
1429 1206 1495 1266 cap.
1518 1184 1571 1249 70.
1610 1185 1773 1251 Corbuloni
1795 1205 1915 1268 quoque

555 1282 585 1345 iu
608 1280 755 1344 Armenia
778 1277 1017 1339 animadversum
1042 1273 1124 1336 dicit.
1172 1276 1246 1338 Dies
1267 1295 1313 1356 pr.
1339 1274 1407 1339 Cal.
1431 1276 1542 1338 Maias.

638 1384 820 1449 Plutarchus
848 1383 885 1443 de
909 1383 985 1443 facie
1010 1381 1114 1443 Lunae
1144 1383 1376 1445 commonefacit
1408 1402 1479 1445 suos
1509 1383 1708 1445 collocutores
1739 1392 1801 1462 ejus
1823 1394 1914 1450 coitus

550 1486 623 1543 Solis
645 1504 706 1541 cum
725 1484 814 1548 Luna,
836 1482 882 1554 qui
903 1496 992 1553 nuper
1011 1480 1096 1536 fuerit
1124 1474 1164 1544 (c.
1188 1493 1216 1532 a.
1242 1471 1298 1534 Oh.
1327 1470 1405 1545 100)
1432 1500 1485 1553 quo
1511 1483 1606 1537 statim
1634 1483 1685 1536 sub
1711 1481 1852 1537 meridiem
1873 1485 1915 1539 in.

553 1566 673 1639 alpiente
695 1565 796 1620 stellae
816 1563 911 1617 multis
936 1561 1039 1633 passim
1067 1562 1137 1616 coeli
1164 1563 1232 1616 locis
1258 1563 1414 1617 effulserint
1440 1564 1568 1634 aerisque
1590 1562 1675 1617 fuerit
1695 1577 1731 1616 ea
1751 1566 1911 1634 temperies,

551 1655 641 1729 qualis
662 1660 707 1709 est
726 1652 834 1707 incerta
853 1651 915 1704 luce
937 1652 989 1705 sub
1010 1653 1181 1721 crepusculo.
1229 1643 1337 1704 Fuisse
1360 1643 1487 1704 totalem
1510 1662 1549 1704 ex
1572 1641 1821 1704 antecedentibus
1846 1644 1913 1705 col-

551 1735 655 1814 ligitur
678 1741 711 1794 et
734 1730 938 1811 sequentibus.
984 1729 1064 1793 Nam
1088 1749 1197 1793 causas
1220 1732 1359 1806 reddens,
1389 1758 1438 1796 cur
1455 1759 1510 1796 non
1530 1742 1571 1795 ita
1588 1741 1742 1812 profundae
1762 1740 1913 1797 sintlens-
1936 1765 1950 1773 -

550 1836 619 1890 brae
641 1834 668 1887 in
689 1830 852 1894 defectibus,
874 1845 963 1899 neque
985 1832 1035 1883 altr
1055 1829 1169 1899 perinde
1190 1837 1275 1902 atque
1296 1838 1379 1886 noctu
1400 1838 1551 1901 occupetur
1571 1831 1613 1895 iis,
1640 1838 1698 1881 non
1722 1818 1779 1881 huc
1797 1837 1912 1900 provo-

549 1921 614 1982 cat,
646 1910 727 1992 quod
761 1908 874 1988 aliquid
905 1909 942 1968 de
966 1904 1038 1970 Sole
1066 1910 1200 1988 supersit
1223 1931 1242 1972 a
1264 1912 1352 1972 Luna
1375 1928 1433 1971 non
1465 1918 1594 1982 tectum,
1628 1908 1682 1970 sed
1706 1908 1769 1970 alia
1791 1910 1914 1989 quaerit

549 2000 739 2071 diverticula,
763 1997 800 2059 de
824 1995 931 2077 quibus
954 2004 1073 2078 postea.
1102 1995 1170 2068 Quo
1194 2000 1330 2079 arguitur
1354 2000 1431 2061 hanc
1451 1999 1578 2061 totalem
1599 1996 1723 2078 eclipsin
1746 1996 1912 2060 Plutarcho

548 2090 655 2161 visam,
679 2106 737 2150 nou
761 2086 868 2148 aliam:
893 2086 944 2165 qui
968 2087 1045 2165 quod
1069 2087 1099 2147 in
1123 2107 1185 2149 una
1207 2089 1292 2162 vidit,
1318 2089 1347 2149 iu
1371 2088 1509 2150 omnibus
1531 2088 1595 2149 fieri
1619 2086 1748 2168 putavit.
1785 2086 1832 2149 At
1854 2107 1912 2149 nos

553 2179 590 2242 de
614 2177 705 2241 meris
729 2174 862 2237 tenebris
886 2175 964 2237 satis
988 2176 1166 2239 confirmant
1187 2177 1343 2240 historiae.
1376 2177 1443 2238 Huc
1467 2177 1577 2238 saltem
1601 2176 1695 2238 iaciat
1713 2175 1788 2237 haec
1812 2176 1910 2255 eclip-

553 2267 606 2345 sis,
632 2276 666 2331 ut
689 2265 845 2328 credamus
870 2271 966 2326 totum
991 2263 1093 2326 Solem
1115 2268 1180 2346 tegi
1202 2286 1304 2350 posse.

641 2354 710 2426 Quo
742 2363 878 2433 tempore
910 2352 1083 2415 Gordianus
1111 2354 1215 2433 junior
1246 2356 1393 2434 imperare
1424 2354 1539 2433 coepit,
1567 2370 1651 2416 anno
1686 2350 1801 2415 Christi
1831 2348 1909 2415 237.

553 2443 603 2509 12.
630 2443 757 2523 Aprilis,
788 2459 872 2507 tanta
891 2452 963 2508 Solis
984 2454 1094 2524 eclipsis
1122 2456 1190 2522 fuit,
1215 2462 1248 2509 ut
1271 2473 1329 2509 nox
1354 2456 1526 2519 crederetur,
1555 2470 1645 2524 nsque
1674 2452 1733 2507 sine
1760 2452 1911 2509 luminibus

549 2545 673 2601 wmusis
702 2542 846 2613 quicquam
867 2544 915 2614 agi
936 2550 1040 2613 posset.
1081 2532 1182 2596 Julius
1198 2533 1397 2613 Capitolinus.
1420 2534 1507 2594 Hanc
1530 2532 1655 2595 totalem
1671 2531 1763 2593 luisse
1783 2550 1910 2594 necesse

549 2632 607 2699 est,
633 2622 813 2684 Prutenicus
837 2622 934 2683 minus
960 2620 996 2683 11
1025 2622 1136 2701 digitos
1160 2624 1291 2686 exhibet.

637 2726 816 2789 Ammianus
830 2727 1025 2790 Marcellinus
1045 2728 1095 2789 lib.
1110 2730 1182 2792 XX.
1198 2730 1234 2791 de
1250 2728 1409 2791 consulatu
1424 2726 1616 2789 Constantini
1631 2727 1672 2790 X.
1692 2725 1806 2788 Juliani
1829 2724 1889 2789 111
1902 2748 1909 2788 :

549 2820 604 2876 Per
624 2820 698 2874 Eoos
720 2824 826 2872 tractus
847 2819 954 2872 coelum
975 2818 1096 2890 caligine
1117 2822 1284 2875 cernebatur
1306 2821 1436 2884 obscura,
1467 2826 1498 2872 et
1518 2835 1537 2872 a
1557 2817 1644 2888 primo
1666 2814 1784 2873 aurorae
1805 2825 1909 2872 exortu

550 2925 639 2980 usqua
668 2908 702 2961 ad
727 2907 867 2962 meridiem
897 2898 1011 2969 (locum
1033 2898 1170 2978 intelligo
1200 2898 1291 2972 coeli,
1320 2917 1377 2959 uon
1406 2899 1539 2977 tempus)
1563 2907 1776 2961 intermicabant
1798 2906 1911 2977 jugiter

550 2988 663 3045 stellae.
705 2987 758 3042 His
788 2988 938 3042 terroribus
969 2991 1136 3054 accedebat,
1168 2992 1240 3061 quod
1270 3004 1330 3042 cum
1359 2989 1410 3041 lux
1430 2987 1559 3042 coelestis
1586 2989 1754 3058 operiretur,
1778 2987 1910 3042 emundi

551 3073 702 3140 conspectu
722 3068 862 3138 penitus
881 3069 944 3123 luce
964 3069 1094 3140 abrepta,
1116 3070 1250 3125 deiecisse
1272 3068 1374 3122 diutius
1389 3068 1480 3123 Solem
1501 3068 1620 3138 pavidae
1640 3075 1746 3122 mentes
1767 3068 1911 3123 hominum

549 3149 750 3212 aestimabant,
772 3148 859 3218 primo
881 3156 1058 3203 attenuatum
1079 3151 1107 3205 in
1127 3152 1224 3205 Lunae
1245 3148 1441 3204 corniculantis
1463 3148 1596 3219 effigiem,
1619 3148 1716 3203 deinde
1735 3148 1765 3202 in
1786 3148 1910 3219 speciem

547 3244 659 3295 suctum
680 3244 841 3293 semestrem
861 3246 1015 3309 posteaque
1035 3239 1064 3294 in
1084 3241 1223 3312 integrum
1244 3238 1412 3294 restitutum.
1455 3224 1557 3297 Quare
1592 3227 1640 3289 hit
1673 3246 1789 3308 quoque
1824 3235 1909 3289 totus

547 3316 602 3380 Sol
625 3317 747 3391 deiecit,
773 3317 969 3397 nequicquam
982 3316 1145 3381 Prutenico
1170 3318 1285 3379 calculo
1309 3317 1497 3397 relinquente
1521 3314 1664 3379 circulum
1682 3316 1908 3384 circaLunam,

547 3406 636 3468 Luna
662 3405 691 3466 in
721 3423 867 3485 apogaeo.
918 3405 999 3469 Nam
1029 3407 1115 3469 addit
1142 3415 1247 3469 auctor
1277 3412 1349 3485 post
1378 3404 1610 3485 explicationem
1641 3424 1803 3468 causarum
1832 3406 1909 3466 haec

547 3512 663 3575 quoque
687 3495 796 3555 verbu:
819 3506 968 3562 offunditur
988 3495 1137 3558 interdum
1161 3506 1332 3562 densioribus
1353 3506 1475 3560 tenebris
1498 3506 1617 3571 coelum,
1638 3512 1671 3560 ut
1691 3513 1818 3560 crassato
1841 3512 1908 3568 aere

545 3612 582 3649 nn
601 3594 731 3665 proxima
758 3596 866 3666 quidem
887 3603 916 3651 et
937 3597 1066 3666 opposita
1096 3588 1210 3651 cernSre
1236 3614 1375 3668 queamus.
1415 3583 1503 3655 Quod
1539 3585 1636 3664 ipsum
1673 3586 1777 3664 procul
1816 3585 1908 3646 dubio

546 3674 622 3736 haec
649 3673 719 3753 ipsa
750 3675 852 3736 docuit
879 3675 1016 3754 eclipsis,
1051 3685 1086 3737 nt
1119 3677 1202 3756 prius
1235 3677 1327 3737 etiam
1356 3674 1550 3737 Plutarchum
1583 3695 1647 3736 sua.
1694 3673 1766 3736 Fuit
1798 3675 1908 3736 Annus

547 3759 661 3827 Christi
686 3758 760 3825 360.
785 3761 839 3827 28.
863 3763 944 3843 Aug.

635 3850 711 3914 Cum
743 3851 885 3915 historiae
920 3872 974 3933 per
1001 3852 1118 3933 aliquot
1145 3852 1248 3914 secula
1278 3853 1499 3916 rarissimarum
1522 3851 1712 3914 meminerint
1735 3850 1905 3929 eclipsim,

545 3940 688 4003 credibile
707 3948 833 4002 estnon
854 3948 1017 4004 annotatas
1037 3960 1105 4003 esse
1125 3941 1212 4018 alias,
1238 3962 1326 4023 qnam
1346 3961 1422 4022 quae
1443 3941 1636 4003 conversione
1658 3941 1717 4003 diei
1737 3939 1767 4000 in
1786 3948 1908 4003 noctem

545 4030 649 4091 oculos
678 4029 863 4091 incurrerent
890 4031 1062 4109 totalesque
1091 4038 1204 4093 essent.
1252 4030 1367 4102 Quales
1395 4030 1679 4109 Liechtenbergium
1713 4037 1849 4109 tempore
1874 4028 1907 4092 S.

544 4117 679 4191 Martini,
704 4118 890 4179 Jornandum
915 4127 946 4181 et
968 4120 1178 4181 Marcellinum
1203 4139 1280 4181 anno
1304 4117 1380 4184 418.
1408 4117 1459 4182 19.
1484 4118 1567 4193 Julii,
1592 4120 1730 4181 Annales
1746 4116 1904 4180 Constan-

544 4205 762 4285 tinopolitanas
787 4227 865 4269 anno
889 4207 1005 4271 Christi
1029 4205 1105 4273 592.
1133 4204 1182 4271 19.
1199 4210 1314 4280 Martii,
1339 4208 1455 4270 Bedam
1474 4228 1552 4271 anno
1572 4203 1647 4271 664.
1675 4208 1703 4271 1.
1718 4207 1804 4281 Maii,
1830 4227 1907 4269 con-

545 4295 684 4375 signasse
709 4296 849 4359 credibile
873 4305 931 4359 est.
975 4298 1041 4360 Nec
1065 4299 1191 4360 multum
1215 4319 1288 4361 sane
1312 4298 1490 4360 Prutenicus
1514 4298 1647 4360 calculus
1671 4304 1830 4376 repugnat,
1857 4297 1906 4376 qui

544 4377 741 4466 illam10¹la
767 4384 843 4447 hanc
870 4385 909 4449 12
933 4405 1011 4466 pene
1032 4386 1195 4466 digitorum
1214 4388 1325 4469 prodit.
1355 4384 1534 4451 annotet.
1558 4398 1681 4452 maxima
1699 4396 1771 4451 Solis
1793 4396 1905 4467 eclipsis

544 4482 670 4555 contigit
723 4471 878 4537 Gedrenus
912 4477 1045 4537 calculus
1074 4478 1208 4540 ostendit
1240 4474 1291 4540 16.
1323 4475 1410 4556 Sept.
1444 4476 1505 4556 dig.
1538 4476 1572 4537 11
1587 4470 1632 4558 ¹12.
1681 4474 1743 4537 Sed
1775 4476 1906 4537 totalem

544 4562 638 4626 inisse
663 4580 701 4623 ex
723 4563 824 4624 verbis
850 4560 1064 4643 colligitur.'¹)

632 4665 823 4732 1111111840.
849 4667 879 4733 5.
905 4668 980 4731 Maii
1005 4672 1130 4752 eclipsin
1155 4671 1236 4734 Solis
1264 4682 1327 4733 tam
1357 4671 1488 4737 validam
1513 4671 1605 4731 fuisse
1629 4671 1674 4732 ait
1701 4678 1807 4733 auctor
1840 4673 1906 4733 sine

544 4757 677 4829 bomine,
708 4773 740 4823 nt
760 4770 844 4824 stiam
865 4771 967 4824 stellae
987 4780 1104 4841 propter
1124 4773 1321 4827 obscuritatem
1342 4771 1414 4826 Solis
1440 4772 1519 4826 risse
1540 4770 1597 4825 sint
1620 4772 1759 4842 rebusque
1780 4772 1857 4826 color
1878 4774 1907 4827 in

544 4856 635 4912 'I'erris
656 4864 822 4914 mutaretur.
875 4849 964 4910 Alius
1001 4858 1106 4913 auctor
1138 4862 1272 4926 totalem,
1307 4850 1465 4912 Annonius
1502 4860 1650 4916 maximam
1692 4850 1787 4912 suisne
1820 4852 1905 4913 dicit.

543 4933 631 4998 Luna
653 4934 684 4997 in
706 4938 849 5017 perigaeo
873 4936 938 5000 luit.
982 4938 1028 5001 De
1057 4940 1114 5001 hac
1148 4940 1252 5018 eclipsi
1285 4940 1313 5000 in
1338 4940 1402 5001 vita
1424 4939 1570 5002 Ludovici
1592 4939 1635 5020 pii
1659 4939 1734 5001 haec
1757 4940 1907 5003 notabilia

531 5025 637 5086 verba
659 5024 846 5088 inseruntur:
866 5035 977 5106 eclipsis
998 5038 1070 5092 Solis
1093 5039 1213 5110 contigit
1232 5039 1318 5094 tertis
1338 5041 1382 5093 dis
1403 5041 1526 5095 letaniae
1547 5040 1660 5109 maioris
1681 5038 1793 5095 insolito
1815 5043 1905 5096 modo.

543 5114 575 5169 lu
594 5120 704 5171 tanturn
731 5118 803 5172 anim
830 5117 899 5172 lucis
926 5134 1038 5172 recessu
1069 5120 1202 5175 tenebrae
1232 5121 1462 5191 praevaluerunt,
1492 5128 1526 5177 ut
1545 5121 1615 5176 nihil
1635 5137 1654 5177 a
1673 5120 1762 5177 noetis
1783 5122 1906 5177 raritate
