4584 6192
542 618 608 686 818
1034 620 1209 670 Astrononrlas
1227 619 1289 669 Pars
1306 613 1406 683 01111111

540 795 703 867 detexerit,
729 795 848 875 quando
864 795 901 855 ab
917 793 1031 872 eclipsi,
1058 813 1144 873 quam
1161 795 1226 874 ipse
1240 796 1369 869 viderat,
1395 813 1528 867 exorsus,
1555 811 1722 857 sermonem
1742 795 1772 855 iu
1793 811 1907 873 genere

543 886 656 957 nectit3
679 896 769 960 Luna,
787 885 892 965 inquit,
918 893 1026 948 etiamsi
1053 900 1141 947 totum
1167 896 1317 966 aliquando
1338 896 1430 949 Solem
1458 894 1591 957 occultet,
1621 900 1715 949 temen
1736 893 1758 947 is
1780 892 1907 947 defectus

544 977 693 1033 latitudine
714 983 745 1029 er
764 983 889 1046 tempore
910 982 987 1028 caret
1011 974 1161 1051 (regulam
1185 994 1222 1033 ex
1246 994 1300 1035 suo
1326 974 1400 1035 facit
1430 974 1581 1053 exemplo,
1617 973 1766 1034 diversum
1801 972 1910 1032 vidisti

545 1064 575 1126 111
605 1064 845 1124 commemoratis
873 1062 1051 1140 exemplis),
1086 1074 1133 1125 sed
1165 1074 1274 1142 quidam
1303 1073 1395 1126 elucet
1423 1073 1554 1143 splendor
1582 1072 1655 1127 eirca
1685 1072 1821 1137 orbitam,
1853 1088 1909 1125 non

545 1154 638 1210 sinens
660 1154 747 1207 altam
768 1153 932 1223 nimiamque
951 1153 1011 1206 lieri
1031 1153 1165 1206 umbram.
1216 1153 1264 1212 Ita
1296 1153 1386 1231 plane
1425 1161 1490 1225 est,
1526 1151 1662 1231 quamvis
1695 1150 1749 1213 Sol
1785 1157 1911 1231 tegatur

546 1250 639 1313 totus,
666 1246 719 1300 atr
742 1250 842 1303 tamen
868 1240 970 1301 Solem
995 1241 1205 1314 circumstans,
1232 1260 1289 1320 quo
1314 1240 1377 1301 Soli
1402 1240 1532 1320 propior,
1558 1242 1614 1302 hoc
1635 1238 1826 1320 splendidior
1849 1244 1909 1300 est.

548 1329 665 1404 Quare,
700 1330 726 1390 si
750 1330 881 1391 crassior
905 1330 996 1391 fuerit
1020 1336 1086 1402 111,
1121 1329 1218 1409 deque
1242 1330 1294 1390 illo
1319 1331 1428 1407 exigna
1461 1330 1563 1409 aliqua
1594 1330 1761 1410 particula,
1797 1336 1912 1408 quanta

548 1438 624 1483 cono
657 1417 715 1478 visi
743 1417 825 1481 Solis
858 1418 1064 1496 intercipitur,
1098 1417 1188 1477 fuerit
1218 1417 1398 1492 obscurata,
1433 1417 1631 1480 circumstans
1664 1425 1717 1480 111
1749 1417 1911 1497 splendere

548 1505 698 1568 videbitur
738 1506 875 1569 circulari
915 1506 1020 1567 forma.
1076 1505 1236 1567 Accedunt
1275 1508 1337 1567 alia
1371 1506 1588 1586 experimenta.
1640 1505 1808 1569 Confirmat
1840 1504 1914 1567 mihi

551 1615 624 1659 sane
648 1596 688 1656 D.
711 1595 879 1671 Jessenius,
903 1596 987 1675 cujus
1012 1613 1078 1674 cap.
1095 1595 1135 1655 V.
1161 1595 1344 1657 mentionem
1368 1596 1435 1669 feci,
1461 1615 1538 1657 anno
1566 1593 1661 1660 1598.
1688 1595 1741 1659 25.
1764 1595 1839 1656 Feb.
1864 1593 1914 1655 vel

551 1682 581 1747 7.
605 1684 710 1746 Martii
740 1686 865 1765 eclipsin
890 1683 972 1746 Solis
1001 1684 1059 1745 sibi
1083 1684 1113 1744 in
1143 1684 1214 1744 aula
1236 1683 1385 1763 Torgeusi
1407 1704 1462 1765 per
1484 1686 1579 1747 nubes
1611 1686 1717 1759 visam,
1751 1684 1915 1764 splendore

550 1773 667 1835 Lunam
690 1774 780 1860 plane
805 1774 963 1851 cingente;
987 1791 1079 1853 seque
1104 1792 1172 1834 eam
1192 1772 1274 1833 Solis
1299 1773 1465 1835 laborantis
1487 1775 1616 1840 formam
1640 1775 1859 1854 epigrammate
1884 1779 1916 1833 et

551 1862 700 1941 allegoria
724 1873 926 1942 prosecutum.
974 1861 1033 1925 Illa
1061 1870 1162 1922 tamen
1192 1861 1313 1940 eclipsis
1338 1861 1367 1923 11
1390 1862 1553 1925 Braheano
1576 1864 1692 1925 calculo
1715 1863 1822 1924 totalis
1847 1880 1914 1924 esse

551 1970 611 2014 non
636 1952 752 2031 potuit,
785 1973 823 2013 ne
847 1950 966 2051 quidem
990 1969 1044 2030 per
1073 1950 1242 2028 legitimam
1264 1950 1370 2011 Lunae
1400 1952 1579 2014 diametrum
1603 1974 1622 2013 a
1644 1952 1787 2032 perigaeo
1811 1951 1914 2012 disce-

552 2040 769 2103 1111111111
794 2040 894 2119 potnit
916 2038 1008 2117 igitur
1022 2037 1181 2101 Jessenius
1205 2038 1760 2141 1111111811111111111,1111111
1783 2040 1916 2119 undique

552 2128 670 2191 Lunam
694 2130 888 2191 circumstare
915 2128 1001 2201 vidit,
1026 2127 1168 2208 splendor
1192 2128 1371 2189 1111111111
1388 2122 1430 2201 θ)

641 2220 732 2280 Anno
755 2213 849 2280 1603.
875 2210 960 2300 8118.
975 2216 1123 2290 Jannarii,
1149 2217 1297 2278 horauna
1316 2226 1387 2296 post
1411 2237 1549 2280 occasum
1564 2188 1657 2291 Solis,
1677 2219 1794 2280 Lunam
1817 2225 1915 2278 totam

557 2308 731 2369 obstruente
765 2307 827 2387 pila
865 2307 971 2379 turris,
1013 2306 1203 2367 nihilominus
1234 2307 1315 2367 orbis
1343 2306 1430 2369 albus
1458 2306 1535 2369 satis
1564 2307 1663 2368 claros
1696 2307 1853 2387 apparuit,
1884 2313 1918 2366 nt

557 2405 680 2476 putares
713 2416 781 2458 esse
806 2396 923 2457 Lunam
950 2413 1005 2473 per
1037 2413 1165 2474 aqueam
1195 2394 1317 2462 nubem,
1350 2404 1404 2456 aut
1434 2396 1625 2475 splendorem
1648 2397 1753 2457 Lunae
1777 2394 1865 2475 qnasi
1888 2394 1918 2456 in

557 2504 636 2565 aqua
668 2485 803 2547 dilutum.
851 2484 919 2546 Non
951 2483 1058 2545 habuit
1088 2493 1190 2545 tamen
1222 2484 1393 2546 evidentem
1423 2485 1525 2558 finem,
1559 2485 1613 2546 sed
1646 2485 1866 2547 obliterebatur
1888 2483 1918 2544 in

557 2573 676 2637 nubem.
723 2572 766 2635 Et
790 2573 877 2635 facile
902 2573 1044 2651 splendor
1067 2572 1115 2633 hic
1140 2572 1268 2651 abipso
1296 2590 1422 2652 corpore
1450 2575 1678 2635 discernebatur
1704 2583 1786 2635 moto
1809 2572 1919 2653 capite.

558 2660 665 2723 Simile
690 2661 760 2743 quid
784 2662 855 2723 111111
879 2662 990 2722 accidit
1013 2662 1151 2741 sequenti
1174 2658 1222 2723 16.
1240 2657 1291 2726 26.
1307 2662 1444 2723 Jannarii
1468 2663 1597 2741 vesperi,
1621 2662 1708 2724 Luna
1726 2663 1756 2723 in
1775 2663 1919 2742 perigaeo

556 2759 716 2823 versante,
740 2770 806 2813 cum
830 2751 960 2829 plurima
983 2750 1190 2812 admiratione.
1237 2751 1381 2812 Rutulam
1410 2770 1536 2813 aeneam
1565 2752 1714 2831 exquisite
1743 2750 1920 2813 circularem

558 2840 639 2921 stylo
663 2839 851 2902 infibulatam
875 2839 905 2900 in
927 2840 1062 2919 perticae
1095 2840 1251 2901 duodecim
1276 2841 1369 2919 pedes
1397 2840 1507 2920 longae
1539 2841 1667 2901 termino
1702 2840 1799 2902 altero
1838 2838 1921 2901 erexi

557 2929 856 3008 perpendiculariter,
884 2948 922 2989 ex
941 2929 1038 2989 altero
1059 2930 1186 2990 termino
1208 2930 1357 3008 applicavi
1373 2929 1500 3004 oculum,
1525 2937 1557 2990 et
1571 2937 1641 2991 ante
1666 2930 1783 2991 oculum
1802 2928 1921 2990 tennis·

558 3018 666 3097 siJuum
690 3018 825 3079 foramen
845 3018 874 3079 in
900 3019 998 3080 altera
1025 3018 1169 3079 laminula
1188 3037 1287 3091 aerea,
1312 3018 1401 3079 11111
1418 3020 1572 3096 ornloper
1596 3019 1729 3080 foramen
1743 3016 1773 3079 in
1792 3017 1922 3079 rotulam

556 3106 814 3188 perpendicularis
844 3116 927 3168 esset
959 3116 1155 3187 prospectus,
1188 3108 1423 3187 necquicquam
1455 3107 1533 3168 oculi
1563 3106 1733 3169 latitudinis
1763 3107 1923 3169 occasione

557 3204 664 3276 posset
688 3196 872 3275 contingere.
912 3193 1049 3275 Cumque
1064 3195 1195 3275 qualium
1219 3195 1411 3257 intervallum
1431 3196 1510 3256 oculi
1529 3205 1561 3258 et
1578 3196 1694 3257 rotulae
1719 3191 1923 3270 1111110368,

558 3286 665 3347 talium
690 3285 807 3346 rotulae
833 3279 1160 3358 1111111110411111,
1185 3294 1292 3364 tegens
1317 3278 1533 3368 11111134Ἰ,’
1557 3284 1717 3365 sperabam
1737 3285 1801 3346 ista
1823 3284 1925 3346 rotula

558 3372 676 3434 Lunam
699 3375 790 3453 plane
815 3381 929 3434 tectum
955 3373 999 3447 iri,
1024 3380 1149 3453 propter
1172 3372 1248 3433 alios
1267 3375 1373 3435 modos
1397 3374 1586 3444 observandi,
1612 3393 1685 3454 quos
1709 3392 1769 3436 una
1793 3373 1924 3435 adhibe-

561 3460 642 3522 bam.
692 3462 787 3541 Atqui
820 3462 1014 3523 circumcirca
1044 3462 1132 3523 Luna
1164 3462 1331 3542 prominere
1364 3463 1531 3523 videbatur.
1579 3463 1637 3524 Hic
1669 3482 1715 3524 me
1748 3461 1923 3524 sollicitudo

558 3549 752 3624 incessebat,
776 3570 812 3611 ne
838 3551 979 3611 fortassis
1003 3552 1054 3611 1111
1078 3551 1171 3625 modi,
1198 3552 1304 3630 quibus
1336 3551 1493 3631 plurimum
1517 3552 1585 3626 fido,
1621 3551 1690 3613 falsi
1714 3559 1829 3613 essent.
1878 3551 1922 3613 At

559 3639 716 3701 fallaciam
749 3659 817 3701 esse
852 3639 959 3701 statim
991 3641 1103 3719 patuit,
1134 3641 1220 3700 oculo
1249 3641 1287 3700 ad
1326 3641 1453 3701 rotulam
1484 3640 1754 3721 appropinquante.
1801 3640 1924 3701 Etenim

558 3730 689 3790 nondum
719 3748 788 3790 sese
813 3729 980 3808 recipiebat
1003 3730 1098 3789 omnis
1122 3730 1177 3790 illa
1199 3729 1346 3789 claritudo
1366 3737 1435 3808 post
1457 3731 1595 3802 rotulam,
1621 3730 1712 3791 etiam
1736 3748 1804 3790 cum
1824 3726 1923 3791 1110

559 3817 670 3897 pedum
695 3818 954 3898 propinquitatem
979 3818 1228 3891 1111111111111,
1254 3820 1400 3896 quomodo
1418 3818 1536 3879 Lunam
1560 3819 1640 3879 ultra
1660 3813 1715 3879 dl‘
1738 3835 1923 3896 repraesen-

558 3914 625 3968 tare
645 3907 844 3986 oportuisset,
877 3908 955 3986 quod
972 3907 1071 3968 sciunt
1095 3925 1198 3966 omnes
1224 3906 1333 3967 falsum
1348 3925 1426 3969 esse.
1461 3907 1566 3986 Neque
1582 3907 1665 3985 potui
1689 3906 1925 3967 determinatam

560 4014 725 4074 agnoscere
762 3996 953 4069 distantiam,
990 4014 1028 4056 ex
1050 4014 1110 4075 qua
1142 4004 1297 4075 tegeretur
1319 3996 1420 4069 Luna,
1455 4014 1573 4074 semper
1595 3996 1673 4056 enim
1697 3995 1828 4056 lucidum
1852 3994 1924 4074 qnid

560 4085 758 4146 circumcirca
782 4084 857 4154 vidi,
883 4085 975 4145 etiam
1000 4105 1018 4143 a
1042 4092 1158 4162 septem
1182 4086 1291 4163 pedum
1320 4084 1490 4145 intervallo.
1536 4084 1601 4145 Nec
1626 4084 1718 4145 multo
1743 4084 1824 4144 aliud
1849 4081 1924 4144 mihi

562 4189 641 4233 anno
683 4170 777 4235 1600.
815 4171 917 4234 Gratii
949 4172 1150 4251 objiciebatur
1186 4174 1265 4233 circa
1298 4171 1538 4233 observationem
1572 4172 1710 4235 diametri
1745 4170 1828 4233 Solis
1869 4189 1923 4251 per

560 4261 696 4322 foramen
724 4262 899 4323 intromissi.
946 4261 1072 4341 Apertis
1097 4261 1175 4323 enim
1200 4261 1315 4323 duobus
1345 4261 1554 4336 foraminibus,
1586 4262 1682 4323 altero
1706 4260 1794 4328 milii.
1824 4259 1923 4321 altero

561 4348 622 4430 pisi
645 4349 860 4429 magnitudine,
886 4350 1064 4430 circulisque
1084 4351 1163 4412 binis
1183 4350 1211 4411 in
1237 4349 1351 4411 tabella
1375 4349 1515 4429 opposita
1539 4350 1676 4429 depictis,
1701 4367 1824 4429 quorum
1844 4348 1925 4410 alter

563 4439 691 4500 alterum
715 4441 876 4501 excederet
899 4439 1059 4500 intervallo
1083 4447 1179 4514 tanto,
1205 4448 1316 4518 quanto
1341 4439 1474 4514 foramen
1500 4440 1597 4519 majus
1621 4459 1640 4499 a
1663 4439 1776 4499 minore
1800 4436 1924 4498 differe-

561 4527 633 4589 bat:
660 4527 762 4589 radius
793 4528 911 4610 quidem
936 4527 1018 4590 Solis
1042 4547 1095 4607 per
1123 4528 1221 4607 majus
1251 4529 1385 4588 foramen
1416 4527 1566 4588 immissus
1597 4527 1750 4608 aequabat
1777 4526 1924 4605 majorem

563 4616 715 4691 circulum,
740 4626 773 4678 at
797 4616 903 4696 majori
928 4618 1074 4678 foramine
1099 4618 1268 4690 obstructo,
1294 4616 1342 4696 qui
1367 4634 1420 4694 per
1444 4617 1542 4677 minus
1566 4616 1801 4695 ingrediebatur,
1826 4631 1925 4693 neque

563 4706 722 4767 terminum
745 4707 953 4785 conspicuum,
986 4714 1017 4765 et
1040 4706 1163 4767 limbum
1191 4705 1337 4784 paulatim
1362 4705 1391 4765 in
1416 4705 1532 4765 fuscum
1560 4706 1690 4765 colorem
1713 4711 1925 4764 transeuntem

564 4793 737 4866 obtinebat,
766 4795 893 4874 deniqne
916 4794 1058 4855 minorem
1087 4796 1227 4856 circulum
1252 4795 1340 4872 longe
1369 4793 1543 4872 superabat.
1590 4793 1706 4854 Radius
1736 4791 1815 4852 enim
1840 4788 1924 4851 Solis

564 4900 618 4961 per
646 4890 709 4943 tarn
737 4892 899 4960 angustum
931 4884 1065 4944 foramen
1092 4884 1182 4944 valde
1215 4891 1390 4943 attenuatus
1418 4901 1476 4942 non
1504 4882 1598 4944 multo
1632 4880 1742 4943 clarius
1769 4879 1925 4941 illustrare

563 4978 687 5049 poterat
712 4988 875 5052 papyrum,
912 4989 1000 5051 quam
1030 4971 1107 5033 11111
1135 4990 1174 5032 ex
1201 4978 1271 5032 1111
1296 4970 1400 5032 Solem
1433 4970 1667 5045 circumstante,
1702 4987 1827 5048 quornm
1858 4985 1926 5028 curn

565 5055 723 5120 Solaribus
747 5060 934 5121 continuatio
964 5059 1108 5138 majorem
1132 5059 1218 5139 justo
1249 5058 1476 5137 amplitudinem
1512 5067 1543 5121 et
1573 5059 1768 5139 fuliginosam
1792 5055 1927 5117 colorem

565 5148 827 5230 repraesentabat.
850 5148 929 5210 Erat
942 5156 1045 5210 autern
1056 5148 1120 5228 ejus
1134 5148 1258 5212 1111111
1271 5166 1363 5228 supra
1376 5148 1495 5210 modum
1511 5147 1695 5228 splendidus,
1711 5145 1800 5224 longe
1811 5165 1831 5206 a
1840 5143 1926 5207 Sole.
