4584 6192
450 603 510 691 ι10
879 627 979 681 thams
996 627 1099 694 Rspierl
1115 631 1267 697 allennes
1283 637 1385 683 mutuae

466 814 569 870 mutuo
594 808 854 889 appropinquent,
889 808 966 888 quod
999 806 1093 869 multo
1123 806 1220 869 minus
1248 808 1330 870 volet
1353 809 1472 890 Tyoho,
1509 811 1557 890 qui
1583 807 1838 890 Ooperuicnnum

468 896 580 957 Terrae
604 906 719 958 motum
744 898 877 959 demunt.

556 983 707 1046 Reductio
728 994 896 1065 temporum
929 984 966 1045 ad
997 982 1191 1045 meridianum
1216 981 1403 1045 Grizensem
1434 985 1536 1064 petita
1558 993 1608 1046 est
1631 1006 1670 1047 ex
1694 1006 1828 1068 geogra-

468 1071 566 1151 phicis
590 1073 768 1136 Mercatoris
801 1072 926 1146 tabulis,
962 1091 1038 1152 quae
1071 1079 1141 1132 sunt
1172 1071 1228 1132 hoc
1261 1072 1289 1133 in
1321 1090 1432 1152 genere
1462 1073 1719 1152 diligentissimae
1743 1090 1777 1140 et
1800 1080 1831 1141 in

470 1160 624 1240 praesenti
649 1162 787 1241 negotio,
812 1162 862 1224 ubi
885 1161 1068 1241 propinquae
1083 1166 1153 1221 suut
1176 1158 1303 1221 invicem
1318 1160 1467 1239 regiones,
1495 1162 1552 1223 fide
1567 1162 1722 1241 digniores
1739 1184 1830 1246 quam

471 1248 535 1309 ulla
552 1250 700 1312 coelestis
724 1250 907 1312 observatio.

560 1335 619 1397 Est
646 1348 746 1400 autem
770 1338 936 1419 ejusmodi,
970 1344 1003 1397 ut
1025 1334 1206 1412 Uraniburgi
1222 1335 1377 1424 -Huennae
1406 1336 1447 1397 sit
1470 1337 1545 1397 hora
1570 1335 1620 1400 12.
1646 1333 1716 1414 48¹,
1750 1361 1829 1422 quae

471 1434 520 1485 est
544 1422 645 1487 Gratti
670 1427 744 1489 hora
769 1425 798 1488 1.
822 1424 855 1487 θ’
879 1424 1027 1506 praecise,
1053 1432 1086 1484 at
1109 1422 1312 1501 Rogiomontii
1337 1424 1479 1486 Prussiae
1504 1426 1533 1487 lu.
1563 1424 1589 1486 1.
1615 1423 1680 1489 28¹.
1856 1449 1858 1451 ·

559 1513 760 1577 Altitudiuem
783 1516 844 1595 poli
867 1512 1115 1593 praecedentibus
1139 1510 1226 1572 aunis
1249 1529 1302 1591 per
1325 1511 1446 1589 regulas
1469 1514 1586 1593 ligneas
1601 1513 1702 1576 inveni
1723 1513 1828 1581 4708‘

376 1621 382 1627 ·
470 1600 601 1662 circiter
638 1601 713 1665 (lum
737 1613 837 1665 autem
862 1603 1019 1665 certiorem
1034 1600 1226 1661 traditionem
1240 1608 1363 1677 propter
1383 1599 1649 1664 instrumentorum
1672 1605 1827 1670 deiectum

470 1708 527 1750 nou
553 1688 693 1763 habeam,
719 1710 774 1753 nec
797 1691 842 1753 ita
864 1692 989 1753 multum
1013 1689 1162 1752 dissideat
1184 1687 1258 1748 haec
1282 1706 1399 1750 summe
1423 1709 1442 1750 e
1464 1690 1651 1768 Mercatore,
1677 1692 1726 1772 qui
1753 1694 1828 1756 lacit

469 1795 535 1837 eam
564 1774 625 1880 410
653 1779 720 1853 12’,
754 1782 808 1842 illa
841 1780 868 1840 iu
901 1779 1091 1858 praesentia,
1125 1794 1192 1838 cum
1225 1776 1480 1839 constituerentur
1509 1778 1698 1857 parallaxes,
1734 1792 1826 1844 uteu-

415 1921 417 1926 ¹
469 1864 539 1925 dum
560 1867 704 2035 &eluitur
727 1956 850 2017 effectus
873 1955 938 2033 ipse
961 1953 1082 2023 calculi,
1109 1952 1157 2032 quui
1182 1969 1235 2031 per
1259 1951 1427 2012 doctrinam
1446 1951 1663 2030 triangulorum
1687 1954 1826 2021 laborio-

468 2039 588 2104 sissime
611 2045 649 2106 ad
674 2047 752 2106 dena
776 2043 919 2123 temporis
943 2042 1058 2104 minuta
1086 2041 1142 2103 tuit
1166 2039 1410 2113 administratus,
1445 2059 1500 2113 nec
1532 2040 1588 2103 nisi
1619 2060 1729 2122 magno
1758 2065 1826 2109 cnm

471 2131 573 2192 toedio
597 2132 702 2211 inspici
727 2140 839 2211 posset.

491 2306 512 2339 e
558 2218 736 2302 (loujuuotio
770 2239 840 2281 vera
872 2216 1059 2281 luminarium
1091 2217 1169 2278 hora
1203 2216 1229 2279 1.
1255 2212 1309 2279 30‘
1337 2214 1399 2282 15¹1
1423 2216 1581 2295 apparenti
1620 2216 1649 2278 in
1688 2217 1748 2283 18ο
1774 2219 1825 2285 w

467 2300 738 2516 3nedonjuncfi⁰
772 2396 899 2458 visibilis
931 2404 1069 2475 respectu
1107 2391 1265 2471 eclipticas
1302 2391 1377 2453 hora
1408 2388 1439 2452 2.
1465 2390 1498 2454 θ’
1521 2391 1587 2455 25”
1620 2391 1649 2455 iu
1687 2392 1748 2458 18ο
1770 2395 1824 2462 28’

468 2480 511 2545 26
556 2501 617 2634 god
642 2572 810 2652 conjunctio
833 2573 971 2652 proxima
993 2576 1131 2649 respectu
1156 2541 1329 2641 verticalis,
1362 2587 1438 2647 quae
1467 2576 1513 2630 est
1539 2569 1636 2646 ipsum
1660 2573 1824 2651 genuinum

467 2660 596 2723 medium
626 2660 774 2739 eclipseos
821 2700 1271 2723 .........
1318 2656 1347 2716 h.
1399 2656 1425 2717 1.
1451 2654 1505 2717 ὅθ’
1551 2656 1594 2719 0”

679 2750 761 2812 Tunc
786 2749 924 2811 deficient
943 2748 1028 2828 digiti
1094 2792 1101 2807 .
1151 2791 1158 2805 .
1206 2792 1213 2806 .
1262 2792 1269 2806 .
1392 2741 1422 2805 6.
1448 2741 1502 2808 26’

679 2837 860 2919 Principium
928 2878 1268 2899 .......
1317 2833 1346 2892 b.
1376 2830 1424 2893 12.
1449 2830 1503 2897 48’
1527 2833 1593 2896 511”

679 2927 763 2989 Finis
815 2966 1268 2990 .........
1320 2922 1349 2983 h.
1397 2920 1426 2982 2.
1453 2920 1505 2985 50¹
1530 2921 1596 2984 23⁴⁴

1162 3026 1290 3090 Duratio
1316 3026 1345 3089 h.
1378 3005 1618 3091 W

555 3154 640 3218 Haeo
664 3163 750 3232 snut,
775 3155 965 3219 serenissime
979 3152 1137 3231 Princeps,
1164 3169 1240 3230 quae
1256 3151 1292 3212 de
1316 3150 1417 3213 future
1431 3149 1550 3229 eclipsi,
1575 3151 1665 3212 etde
1690 3154 1824 3218 motibus

466 3240 589 3319 Lunae,
618 3264 660 3306 sc.
687 3245 723 3306 de
746 3245 882 3308 Naturae
907 3241 1040 3315 arcanis,
1072 3239 1198 3320 denique
1223 3239 1259 3300 de
1283 3238 1434 3320 Tychouis
1465 3240 1650 3302 astronomia
1674 3241 1704 3302 in
1729 3262 1823 3324 prae-

466 3332 567 3394 seutia
590 3352 637 3395 me
660 3352 817 3396 recensere
841 3334 999 3413 jusserunt
1022 3348 1105 3391 amor
1133 3337 1197 3390 tarn
1220 3327 1394 3407 multiplicis
1418 3328 1447 3390 in
1473 3326 1558 3389 tauto
1582 3328 1723 3409 Principe
1748 3333 1823 3394 doc-

467 3417 575 3496 trinae,
600 3420 760 3501 propensio
775 3421 879 3483 debita
901 3420 939 3483 ad
963 3418 1128 3482 humillima
1151 3415 1275 3479 servitia
1298 3425 1331 3477 et
1353 3434 1424 3495 spes
1447 3416 1528 3478 haud
1552 3416 1668 3479 infirma
1690 3421 1825 3483 serenis·

468 3508 535 3570 simi
558 3510 603 3572 tui
627 3511 757 3586 latoris,
792 3509 839 3590 qui
864 3510 890 3571 si
914 3528 959 3571 me
984 3508 1121 3581 deserat,
1157 3513 1256 3568 actum
1280 3524 1348 3566 esse
1385 3505 1421 3566 de
1450 3504 1538 3566 rebus
1563 3513 1594 3566 et
1617 3507 1727 3570 studiis
1750 3509 1827 3571 meis

469 3596 619 3677 intellig03
652 3599 699 3662 siu
724 3617 770 3660 me
794 3597 1025 3659 clementissime
1050 3595 1282 3675 complectatur,
1318 3592 1492 3675 propediem
1522 3593 1569 3654 vel
1593 3592 1659 3674 ipso
1682 3595 1826 3679 Tychone

464 3685 567 3765 judice
591 3687 646 3749 sub
670 3687 737 3766 ejus
759 3687 879 3749 vexillis
903 3688 940 3747 ad
965 3687 1056 3747 decus
1089 3683 1211 3765 aliquod
1235 3682 1301 3744 Deo
1324 3681 1455 3762 propitio
1479 3682 1594 3761 aspiro:
1630 3684 1710 3762 quod
1734 3686 1826 3747 reflo-

468 3792 591 3837 rescens
615 3778 647 3836 et
665 3777 730 3856 jam
754 3793 847 3856 prope
871 3784 990 3837 matura
1013 3773 1126 3835 veteris
1150 3771 1231 3835 illius
1246 3769 1395 3851 Alplrousi
1420 3772 1448 3832 iu
1467 3769 1628 3832 Austrisca
1641 3774 1826 3852 posteritate

469 3863 567 3942 gloria
591 3864 775 3943 comprobet.

557 3968 646 4044 Quod
671 3978 810 4051 superest
833 3968 866 4033 S.
892 3968 927 4035 C.
953 3972 1034 4035 Tuae
1059 3991 1106 4033 me
1130 3986 1270 4047 meosque
1295 3963 1516 4044 subjectissime
1540 3966 1715 4027 commendo

1013 4077 1047 4139 S.
1073 4076 1108 4139 C.
1134 4074 1169 4134 Τ.
1194 4069 1487 4171 ευδῂοῑὶεείωιθιερι
1510 4070 1548 4129 ad
1573 4070 1674 4132 omnia
1697 4071 1827 4133 servitis

1310 4166 1523 4236 paratissimus

1214 4266 1262 4328 Μ.
1287 4265 1432 4327 Joomnee
1453 4260 1614 4343 Keplerue

1292 4361 1553 4428 Mathematicus'

558 4499 603 4552 Eis
621 4499 724 4565 Kepleri
747 4500 825 4552 literis
850 4500 983 4564 adjunctus
1005 4503 1043 4547 est
1061 4498 1086 4546 ln
1109 4494 1169 4546 Mn.
1189 4493 1299 4553 calculus
1324 4491 1502 4543 dimensionum
1530 4493 1685 4543 instrumenti
1708 4494 1775 4558 quod
1802 4496 1828 4545 in

406 4643 413 4654 '
469 4570 663 4621 commemorem
686 4577 870 4627 construxerat.
891 4586 938 4645 quo
955 4569 1036 4620 subito
1058 4569 1192 4630 interrupto
1211 4566 1246 4615 sic
1268 4564 1362 4628 pergit:

558 4679 613 4740 Hic
633 4679 697 4759 jam
721 4677 826 4740 incidit
849 4676 961 4755 aliquid
985 4676 1021 4735 de
1047 4671 1202 4734 diametris
1226 4667 1431 4739 luminarium,
1459 4689 1511 4731 cur
1535 4670 1622 4731 Luus
1646 4671 1744 4746 minor
1767 4690 1826 4751 ap-

406 4787 413 4797 ·
468 4777 577 4851 pareat
599 4766 675 4844 ind
698 4786 785 4847 quam
811 4766 840 4827 in
866 4768 904 4838 00.
950 4762 1020 4824 Jem
1045 4761 1250 4823 tautummodo
1274 4756 1466 4838 cogitandum
1491 4764 1540 4819 est
1562 4759 1599 4817 de
1624 4758 1729 4820 ordine
1753 4779 1827 4840 pro·

469 4857 642 4920 blematurn.

561 4961 594 5035 1)
619 4960 756 5039 Corpora
780 4955 862 5020 Solis
886 4963 920 5016 et
941 4956 1044 5018 Lunae
1068 4975 1135 5016 esse
1160 4954 1296 5033 globoso.

558 5049 594 5124 2)
621 5049 782 5110 Extremus
806 5044 994 5107 luminarium
1019 5043 1170 5124 margines
1194 5060 1339 5122 apparere
1362 5040 1499 5117 perfecta
1522 5039 1659 5102 circulari
1685 5040 1790 5104 forma

557 5138 594 5215 3)
619 5134 859 5202 circularium
883 5133 980 5197 lineae
1003 5155 1058 5198 seu
1080 5132 1248 5215 superficiei
1272 5129 1388 5192 indulta
1412 5146 1480 5191 esse
1504 5139 1628 5208 puncta.
