4584 6192
474 585 518 653 42
891 588 991 636 Literna
1009 585 1111 649 Kepleri
1130 585 1279 648 aliorumque
1298 589 1400 633 mutuae

475 766 555 847 ginis
580 765 621 827 sit
645 765 674 825 in
698 762 829 838 catheto,
854 762 943 841 plane
968 760 1045 821 idem
1069 780 1208 821 asserens
1231 760 1280 820 hic
1303 760 1382 838 quod
1396 761 1456 822 Tu:
1482 780 1549 822 esse
1564 762 1643 823 eninr
1660 761 1690 822 in
1706 761 1833 824 catheto

475 856 638 917 secundom
662 852 759 933 magis
784 862 815 912 et
829 852 935 913 minus.
984 849 1061 909 uam
1076 868 1160 926 prop.
1183 848 1229 911 17.
1254 848 1349 909 solide
1368 849 1607 911 demonstratum
1624 858 1683 921 est,
1706 857 1834 930 propter

474 946 560 1006 visus
590 942 781 1004 latitudinem
810 936 979 1002 necessario
1007 937 1088 1009 fieri,
1121 947 1154 998 ut
1183 937 1282 1016 imago
1306 938 1348 998 sit
1374 938 1405 999 in
1428 939 1502 1017 ipsis
1530 939 1833 1018 perpendicularibus

475 1032 608 1095 omnium
632 1030 852 1109 superficierum
875 1025 1111 1104 refringeutium,
1136 1026 1282 1105 siquidem
1305 1025 1388 1087 visus
1409 1027 1537 1088 latitudo
1561 1027 1742 1090 naturaliter
1765 1028 1833 1089 ool-

474 1123 605 1183 locetur:
643 1138 697 1180 nec
721 1119 823 1189 refert,
849 1136 907 1195 qua
930 1133 962 1175 re
986 1114 1109 1175 definias
1134 1115 1324 1177 latitudinem
1346 1116 1446 1189 visus,
1478 1116 1604 1196 largior,
1630 1126 1663 1178 ut
1686 1117 1737 1178 vel
1762 1117 1832 1178 dia-

473 1218 573 1272 metro
598 1208 729 1288 pupillae
752 1206 801 1267 vel
824 1204 971 1266 dualitate
996 1203 1149 1264 oculorum
1170 1205 1219 1265 vel
1239 1203 1403 1266 motatione
1418 1205 1538 1283 capitis.
1584 1204 1653 1266 Jam
1668 1224 1757 1286 prop.
1781 1201 1832 1268 18.

476 1300 556 1360 linea
587 1295 756 1358 latitudinis
780 1294 860 1355 visus
892 1291 1043 1354 incidente
1066 1293 1095 1351 in
1119 1292 1305 1372 superficiem
1334 1294 1587 1372 repercussionis,
1621 1294 1756 1368 ostendi,
1793 1295 1831 1356 ad

473 1406 593 1449 sensum
619 1385 735 1463 quidem
760 1382 831 1443 nihil
856 1381 1011 1443 discedere
1030 1380 1188 1459 imaginem
1212 1402 1249 1442 ex
1274 1381 1361 1456 linea,
1386 1382 1440 1444 sed
1454 1390 1555 1445 tamen
1578 1401 1647 1444 vere
1661 1383 1830 1457 discedere,

473 1475 532 1537 nisi
555 1474 586 1534 in
610 1491 720 1551 magna
743 1471 965 1551 propinquitate
990 1470 1105 1547 speculi
1129 1478 1161 1530 et
1183 1471 1348 1531 oculorum:
1382 1480 1453 1533 tunc
1481 1472 1558 1533 enim
1589 1472 1684 1533 etad
1708 1491 1832 1535 sensum

473 1563 643 1634 discedere;
668 1560 716 1621 ubi
742 1560 939 1640 intelligenda
965 1576 1049 1637 prop.
1070 1555 1118 1621 18.
1142 1560 1195 1631 sic,
1220 1568 1253 1621 ut
1276 1559 1349 1623 nihil
1373 1560 1504 1622 attineat
1527 1561 1681 1639 speculum
1696 1561 1831 1639 planum,

472 1671 540 1712 nam
560 1651 588 1711 in
603 1650 693 1728 plano
717 1650 809 1710 etiam
833 1649 864 1709 in
879 1648 935 1709 hoc
955 1666 1026 1708 casu
1042 1655 1144 1709 manet
1158 1649 1258 1727 imago
1278 1649 1307 1708 in
1321 1649 1571 1728 perpendiculari.
1619 1647 1669 1710 Sit
1683 1650 1750 1729 (fig.
1774 1647 1831 1723 19)

473 1739 558 1802 ODF
581 1738 735 1816 speculum
757 1739 889 1815 planum,
913 1737 943 1797 A
966 1734 1092 1808 visibile,
1118 1735 1202 1798 Aes
1225 1738 1488 1817 perpendicularis,
1511 1739 1551 1810 B,
1578 1738 1593 1798 Ι
1617 1737 1711 1812 oculi,
1737 1737 1777 1812 D,
1801 1739 1832 1800 H

472 1835 588 1908 puncta
611 1826 812 1900 retractionis,
837 1835 869 1886 et
893 1826 966 1885 haec
991 1824 1091 1884 omnia
1113 1824 1142 1885 in
1166 1845 1225 1887 una
1248 1827 1403 1905 superficie
1427 1845 1517 1904 super
1535 1826 1690 1905 speculum
1715 1839 1828 1890 erecta.

472 1918 515 1979 Ut
545 1914 638 1994 igitur
670 1933 754 1994 prop.
783 1913 832 1976 17.
863 1914 990 1975 habetur
1013 1915 1098 1986 („est
1130 1915 1213 1976 locus
1244 1915 1388 1994 genuinus
1421 1915 1493 1976 illud
1521 1922 1678 1993 punctum,
1711 1915 1742 1976 in
1771 1934 1830 1997 quo

473 2012 584 2067 coeunt
608 2005 716 2076 aab,
741 2002 912 2083 adaequata
936 2004 1000 2063 loco
1023 2001 1162 2081 imaginis
1187 2004 1318 2066 definitio
1343 2010 1405 2078 est,
1430 2003 1478 2064 ubi
1501 2003 1556 2077 IH,
1580 2003 1637 2064 BD
1656 2004 1830 2082 repercussi

473 2095 501 2155 in
527 2094 549 2168 l,
575 2094 612 2166 B,
637 2101 743 2152 centra
762 2091 896 2154 binorum
915 2091 1066 2153 oculorum
1089 2101 1280 2154 concurrant.
1328 2092 1517 2154 Concurrunt
1540 2093 1569 2153 in
1592 2092 1629 2154 Ε.
1665 2091 1746 2154 Dico
1770 2092 1830 2155 ΕΑ

472 2201 540 2243 esse
564 2181 718 2242 cathetum
742 2180 770 2243 in
794 2182 916 2264 planum
932 2179 991 2242 CF.
1038 2179 1118 2242 Sunt
1132 2182 1209 2242 enim
1225 2182 1367 2261 aequales
1383 2180 1478 2254 CHA,
1500 2179 1592 2255 CllE,
1617 2180 1662 2241 sic
1678 2189 1711 2242 et
1729 2180 1828 2256 ODA,

473 2270 564 2345 CDD,
591 2268 671 2331 linea
694 2269 784 2348 igitur
807 2270 865 2330 EA
889 2268 959 2331 inC
984 2267 1082 2330 diuisa
1105 2277 1153 2331 est
1177 2271 1206 2330 in
1229 2270 1421 2350 proportione
1437 2269 1506 2345 AD,
1529 2268 1585 2330 ΕΙ)
1602 2270 1649 2329 rel
1664 2270 1736 2345 ΑΗ,
1760 2270 1827 2342 ΕΗ,

473 2378 564 2441 qnare
587 2359 617 2419 in
642 2358 781 2437 aequalia
804 2357 869 2434 CA,
895 2356 977 2420 ΟΕ..
1006 2360 1085 2423 Nam
1108 2366 1139 2420 et
1162 2359 1239 2433 AD,
1262 2358 1318 2421 ΕΙ)
1342 2358 1484 2440 aequales
1509 2366 1540 2419 et
1563 2358 1637 2429 ΑΗ,
1660 2357 1734 2434 ΕΗ,
1759 2358 1830 2439 quia

473 2450 502 2510 in
527 2447 686 2525 triangulis
710 2448 918 2527 aequiangulis
941 2448 1015 2511 base
1040 2448 1099 2509 DII
1121 2448 1278 2511 communi.
1325 2450 1369 2509 At
1392 2456 1503 2522 notum,
1529 2446 1555 2507 si
1579 2465 1617 2507 ex
1639 2446 1683 2519 D,
1718 2448 1750 2509 H
1773 2467 1828 2527 per

473 2538 509 2612 E,
536 2539 566 2598 A
589 2536 760 2597 scribantur
782 2536 893 2611 circuli,
918 2545 1032 2599 rectam
1056 2556 1109 2617 per
1132 2538 1179 2612 D,
1204 2538 1232 2598 H
1256 2546 1360 2598 centra
1383 2536 1546 2597 demissam
1569 2554 1674 2597 secare
1697 2537 1827 2599 subten-

475 2645 539 2686 sam
564 2624 837 2698 circumferentiae,
861 2632 895 2687 ut
917 2625 987 2701 EA,
1023 2628 1051 2688 in
1076 2627 1213 2706 aequalia
1236 2635 1268 2688 et
1290 2626 1328 2687 ad
1352 2633 1461 2687 rectos.
1508 2624 1639 2686 Rursum
1662 2643 1748 2705 prop.
1774 2622 1827 2688 20.

337 2748 349 2758 -
384 2724 385 2728 ’
472 2722 522 2775 est
543 2713 693 2787 limitatio,
720 2713 798 2792 quod
822 2714 976 2795 superiora
998 2717 1207 2795 intelligantur
1230 2716 1435 2776 tautummodo
1451 2716 1488 2775 de
1509 2713 1723 2793 superficiebus
1749 2734 1826 2795 qua-

472 2811 559 2864 tenus
592 2810 661 2863 sunt
693 2800 859 2881 simplices,
894 2822 951 2864 non
977 2813 1122 2885 quatenus
1151 2804 1280 2865 mixtae:
1315 2823 1383 2865 narn
1414 2804 1440 2864 si
1464 2803 1591 2876 mixtae,
1623 2802 1764 2865 cathetus
1789 2822 1827 2865 ea

470 2892 562 2966 valet,
589 2910 664 2971 quae
684 2891 839 2953 descendit
862 2892 892 2954 in
916 2892 1124 2973 imaginariam
1149 2893 1351 2973 superficiem,
1374 2893 1536 2954 habentem
1560 2911 1627 2953 earu
1651 2893 1824 2954 rotundita-

472 2989 542 3054 tem,
568 2998 644 3060 quae
669 2987 718 3041 est
740 2980 820 3042 circa
842 2991 953 3059 puncta
976 2982 1156 3045 reflexiouis.
1205 2982 1262 3044 Ubi
1286 3002 1401 3044 rursum
1426 2982 1522 3043 simile
1547 2980 1700 3061 quippiam
1725 2989 1826 3044 tecum

472 3089 528 3150 ego
559 3070 719 3131 contendo.
766 3071 810 3130 Tu
844 3089 913 3131 vero
947 3091 1004 3133 non
1037 3073 1112 3133 haec
1145 3072 1241 3133 solum
1275 3073 1329 3132 sed
1361 3071 1503 3150 pleraque
1528 3087 1630 3132 eorum
1663 3070 1826 3151 plerosque

471 3178 572 3220 eorum
597 3177 718 3219 casuum
743 3176 845 3236 negas,
874 3160 1017 3239 quisunt
1048 3181 1066 3221 a
1090 3180 1135 3221 rue
1160 3161 1373 3234 demonstrati,
1407 3160 1484 3240 quod
1508 3158 1669 3238 imaginem
1692 3159 1828 3221 habeant

470 3249 499 3309 in
524 3247 656 3309 catheto.
705 3244 740 3307 Si
765 3247 824 3309 vim
847 3248 1112 3312 demonstrationis
1136 3269 1220 3310 meae
1245 3249 1471 3328 perpendisses,
1496 3247 1669 3309 destitisses
1694 3241 1827 3310 et'vitia

471 3343 712 3416 argumentorum
737 3337 987 3416 deprehendisses
1006 3339 1079 3419 ipse.
1113 3339 1216 3399 Prima
1239 3338 1294 3400 tibi
1318 3339 1400 3418 origo
1421 3337 1624 3399 hallucinandi
1646 3336 1676 3397 in
1692 3337 1740 3400 his
1754 3356 1825 3399 ver-

470 3425 532 3486 bis:
552 3432 639 3499 „tota
649 3424 695 3486 vis
705 3426 875 3487 reflexionis
890 3427 1002 3505 pendet
1013 3437 1145 3507 apuncto
1162 3427 1332 3489 reflexionis
1344 3424 1558 3506 D“(pag.38).
1584 3428 1688 3487 Antea
1703 3425 1826 3488 dixeras

471 3533 529 3575 non
554 3515 590 3575 de
615 3515 775 3575 reflexione
799 3516 852 3576 sed
878 3516 915 3576 de
939 3517 1101 3578 situatione
1126 3517 1280 3595 imaginis,
1313 3517 1390 3597 quod
1421 3515 1458 3577 ad
1488 3515 1571 3576 illam
1596 3514 1620 3578 (l
1652 3514 1727 3576 nihil
1751 3534 1826 3577 con-

471 3605 559 3665 ferat.
607 3605 652 3664 At
683 3622 741 3664 non
774 3613 845 3664 sunt
869 3605 947 3665 idem
973 3606 1094 3667 reflexio
1128 3614 1161 3667 et
1192 3605 1315 3666 situatio
1344 3605 1493 3684 imaginis.
1540 3605 1596 3665 llla
1623 3610 1752 3666 naturae
1781 3613 1830 3667 est

470 3710 563 3771 opus.
597 3692 671 3753 haec
704 3693 795 3753 etiam
828 3713 935 3754 sensus
959 3695 1134 3755 communis.
1182 3694 1267 3756 Situs
1301 3695 1379 3755 enim
1409 3701 1459 3755 est
1491 3712 1645 3755 commune
1669 3694 1826 3757 sensibile.

470 3782 579 3861 ltaque
602 3800 704 3842 rerum
736 3782 793 3842 hoc
817 3789 878 3856 est,
914 3784 1018 3844 eodem
1042 3784 1129 3844 modo
1154 3784 1270 3845 reflecti
1302 3784 1416 3844 radium
1441 3802 1529 3843 unum
1562 3783 1591 3843 in
1615 3783 1721 3844 eadem
1747 3784 1827 3845 inci-

470 3870 583 3945 dentia,
609 3888 662 3931 seu
684 3870 775 3950 plano
799 3890 852 3932 seu
876 3891 965 3932 curvo
990 3873 1218 3951 repercutiatur.
1265 3875 1311 3934 At
1325 3872 1395 3953 qnid
1418 3871 1474 3933 hoc
1499 3871 1538 3931 ad
1556 3872 1649 3933 situm
1663 3872 1826 3951 imaginis?

467 3959 510 4020 Et
542 3958 586 4021 sic
616 3959 684 4020 ride
712 3960 773 4020 vim
801 3979 911 4021 causae
941 3961 1113 4022 situationis
1144 3960 1297 4041 imaginis,
1332 3979 1420 4040 quam
1449 3979 1572 4021 causam
1598 3979 1655 4040 ego
1679 3961 1826 4025 indicari.

468 4049 548 4110 Nam
571 4067 660 4130 unum
685 4047 804 4128 quidem
823 4057 966 4128 punctum
988 4051 1163 4130 repercutit,
1187 4060 1220 4111 at
1243 4070 1300 4111 non
1324 4068 1412 4111 unum
1426 4057 1569 4127 punctum
1589 4051 1722 4112 collocat
1745 4050 1825 4114 ima·

468 4136 582 4215 ginem,
620 4138 674 4198 sed
706 4145 825 4216 oportet
856 4137 989 4200 adhiberi
1022 4139 1202 4218 particulam
1235 4139 1401 4218 superficiei
1434 4138 1600 4219 specularis
1633 4139 1826 4202 exhibentem

467 4225 614 4286 distincta
637 4226 694 4288 duo
718 4234 839 4305 puncta,
865 4227 1098 4306 repercutientia
1121 4227 1281 4289 distinctos
1305 4228 1406 4288 radios
1431 4227 1484 4300 (ab
1500 4229 1605 4289 eodem
1620 4236 1732 4308 puncto
1747 4229 1824 4292 visi-

467 4313 536 4375 bilis
561 4314 716 4394 delapsos)
742 4315 781 4376 ad
805 4316 1014 4378 extremitates
1038 4316 1206 4378 latitudinis
1231 4317 1324 4379 visus.
1370 4317 1427 4378 Hic
1451 4316 1552 4395 itaque
1577 4319 1702 4379 multum
1726 4318 1825 4381 inter-

469 4410 526 4476 est,
551 4403 652 4481 plana,
675 4423 767 4465 curva
790 4425 827 4466 an
843 4424 920 4466 cava
934 4405 996 4467 sint
1010 4407 1142 4484 specula.
1188 4406 1314 4468 Falsum
1333 4405 1444 4485 itaque,
1470 4405 1546 4486 quod
1563 4406 1646 4478 dicis,
1672 4407 1824 4470 rationem

468 4491 592 4563 dictare,
616 4493 776 4572 imaginem
800 4501 861 4555 tarn
886 4494 915 4555 in
940 4514 1074 4556 convexo
1098 4496 1232 4575 quamin
1247 4494 1337 4573 plano
1357 4495 1560 4573 apparituram
1584 4497 1612 4557 in
1628 4494 1665 4557 Ε.
1707 4494 1825 4558 Eadem

467 4580 586 4663 quidem
610 4591 712 4644 manet
735 4583 921 4663 repercussio
946 4584 976 4645 in
999 4585 1027 4644 D
1051 4585 1153 4663 puncti
1169 4584 1208 4659 A,
1233 4593 1266 4645 at
1285 4603 1342 4644 non
1367 4585 1492 4644 eaedem
1516 4591 1640 4646 manent
1661 4603 1823 4664 repercus-

466 4672 567 4732 siones
592 4671 636 4744 (in
660 4672 793 4749 plurali).
842 4671 943 4743 Quare
959 4691 1025 4733 curn
1041 4673 1200 4752 imaginem
1216 4674 1344 4734 collocet
1364 4692 1421 4733 non
1438 4674 1624 4751 repercussio
1648 4674 1702 4734 sed
1717 4693 1823 4755 reper-

468 4758 633 4835 cussiones,
659 4761 777 4823 omnino
801 4762 903 4842 itaque
927 4762 1123 4825 variabuntur
1146 4763 1309 4842 imaginum
1332 4763 1408 4824 loca.
1456 4760 1490 4823 Si
1514 4762 1653 4831 dixisses,
1673 4763 1824 4825 rationem

468 4849 580 4911 nullam
605 4867 671 4909 esse
696 4869 749 4911 cur
771 4851 871 4928 imago
895 4869 953 4911 non
978 4852 1020 4913 sit
1042 4851 1072 4913 in
1087 4852 1141 4926 E„
1149 4852 1301 4930 potuisses
1315 4851 1469 4912 veteribus
1488 4852 1641 4930 negotium
1659 4851 1824 4923 facessere,

468 4937 517 5019 qui
549 4938 743 5000 nesciverunt
765 4958 868 5003 veram
892 4959 1028 5014 causam,
1060 4941 1116 5003 sed
1146 4940 1204 5002 hoc
1238 4940 1414 5001 admirabile
1448 4940 1484 5000 de
1509 4941 1631 5001 catheto
1664 4940 1703 5001 ab
1728 4960 1822 5021 expe-

467 5026 578 5089 rientia
602 5037 818 5091 assumserunt.
867 5026 1039 5108 Sequuntur
1071 5049 1150 5091 sana
1183 5030 1284 5091 verba.
1333 5028 1474 5108 Abrogas
1507 5029 1628 5091 catheto
1657 5047 1744 5093 omne
1773 5030 1823 5110 jus

468 5116 662 5180 collocandae
682 5116 833 5200 imaginis.
880 5116 973 5179 Facio
997 5124 1029 5180 et
1052 5137 1124 5198 ego;
1147 5136 1218 5180 nam
1240 5118 1299 5179 etsi
1323 5117 1437 5180 retineo
1460 5117 1530 5181 illas
1550 5119 1769 5201 quadamtenus
1794 5118 1824 5181 iu
