4584 6192
2051 574 2112 626 do
2148 575 2295 626 robus
2333 573 2533 639 opacis.

930 747 1065 811 Soli
1113 756 1245 810 tam
1276 768 1317 809 a
1345 749 1574 811 vertice
1620 768 1796 829 quam
1826 750 1903 810 ab
1936 750 2049 811 ho-

933 838 1165 900 rizonte
1216 836 1486 899 radianti
1531 839 1935 899 transeundus
1965 847 2059 898 est

934 934 1061 988 tam
1109 945 1362 987 crassus
1410 933 1544 1002 aer,
1609 946 1786 1007 quam
1833 928 2055 1006 purior.

938 1013 1212 1078 Stabunt
1257 1014 1444 1094 igitur
1490 1035 1641 1095 quae
1673 1023 1882 1077 contra
1930 1016 2057 1076 dic-

936 1112 1033 1166 tos
1082 1112 1368 1166 auctores
1415 1105 1719 1184 disputavi
1753 1104 2060 1167 nihilomi-

939 1213 1073 1255 nus,
1122 1192 1383 1268 Deinde,
1415 1202 1485 1255 ut
1511 1194 1620 1255 tibi
1642 1194 2059 1272 respondeam,

946 1281 1293 1343 incredibile
1327 1291 1441 1355 est,
1478 1283 1563 1344 sic
1593 1303 1729 1343 esse
1759 1302 1889 1343 cum
1923 1289 2059 1343 aere

943 1378 1380 1449 comparatum,
1434 1381 1504 1432 ut
1549 1372 1606 1433 in
1636 1372 1930 1450 profundo
1980 1372 2063 1431 sit

946 1460 1186 1521 densior
1244 1468 1309 1521 et
1374 1467 1580 1521 tamen
1647 1480 1785 1521 vere
1847 1479 2060 1537 corpus

948 1568 1120 1609 unum
1188 1549 1476 1626 optinum.
1572 1548 1640 1610 Si
1690 1568 1801 1609 non
1862 1568 2057 1619 unuin,

948 1656 1083 1716 ergo
1155 1637 1588 1715 superficiebus
1664 1638 1920 1698 divisum
2000 1646 2060 1696 et

948 1726 1077 1787 ideo
1126 1726 1528 1787 refractiones
1569 1726 1813 1787 multae.
1908 1726 2058 1785 Dico

948 1834 1101 1893 ergo,
1155 1809 1361 1876 fa'eces
1408 1815 1569 1876 aeris
1614 1816 1735 1876 ima
1781 1823 2060 1876 tenentes

946 1921 1057 1966 non
1120 1923 1258 1964 esse
1310 1904 1383 1963 de
1447 1923 1692 1984 corpore
1742 1904 2057 1983 pellucid0‚

946 1994 1049 2054 sed
1086 1993 1264 2071 opaci
1305 1992 1606 2054 rationem
1652 1994 1903 2067 habere,
1954 2011 2061 2071 per

947 2101 1091 2162 quas
1121 2079 1233 2143 Sol
1282 2101 1401 2143 non
1450 2092 1519 2142 ut
1561 2102 1669 2161 per
1716 2083 1931 2143 vitrum
1965 2084 2058 2141 lu-

947 2178 1038 2232 cet
1083 2171 1197 2231 sed
1247 2177 1313 2231 ut
1343 2189 1452 2250 per
1497 2173 1704 2233 telam.
1802 2170 1976 2231 Alias
2007 2171 2058 2231 si

947 2268 1186 2334 essent,
1240 2279 1392 2339 quae
1441 2260 1537 2322 hic
1567 2278 1739 2339 nego,
1780 2259 1895 2320 etsi
1943 2278 2056 2338 pu-

946 2350 1059 2412 rior
1106 2357 1217 2411 aer
1263 2348 1480 2428 ubique
1512 2349 1781 2429 aequalis
1812 2349 2059 2428 profun-

948 2438 1184 2513 ditatis,
1267 2438 1576 2499 fatendum
1652 2458 1798 2499 sane
1874 2447 2059 2507 esset,

948 2527 1147 2589 radios
1196 2528 1257 2589 in
1306 2526 1583 2588 densiore
1643 2546 1856 2589 curvos
1904 2547 2055 2588 esse.

948 2614 1064 2679 Cur
1110 2624 1316 2677 autem
1365 2634 1481 2677 non
1528 2617 1798 2687 credam,
1857 2623 2055 2676 aerem

946 2705 1095 2767 infra
1162 2706 1505 2767 densiorem
1572 2713 1866 2784 quatenus
1930 2713 2053 2778 aer,

945 2813 1123 2856 cansa
1170 2803 1289 2869 est,
1343 2794 1483 2875 quia
1522 2794 1806 2855 inferiora
1834 2794 2054 2866 calent,

944 2882 1253 2962 superiora
1316 2883 1562 2961 frigent.
1670 2881 1797 2944 Sed
1861 2882 2055 2944 acrius

944 2972 1160 3034 instas:
1215 2972 1268 3033 si
1301 2972 1358 3032 in
1390 2971 1501 3033 tali
1538 2991 1652 3032 nno
1682 2972 1881 3050 optico
1912 2991 2049 3033 cor-

942 3078 1073 3139 pore
1123 3060 1511 3123 refractionis
1559 3060 1848 3133 mutatio,
1907 3079 2049 3139 ergo

944 3150 1222 3212 refractio
1272 3169 1391 3211 non
1430 3148 1486 3210 in
1518 3150 1872 3228 superficie?
1919 3149 2049 3210 Re-

943 3240 1235 3318 spondeo:
1278 3238 1537 3318 qualiter
1569 3240 1691 3299 tale
1727 3258 1900 3299 unum
1934 3246 2046 3311 est,

944 3328 1370 3407 quodammodo
1401 3327 1624 3389 multas
1672 3328 1831 3388 tales
1864 3328 2045 3388 etiam

941 3415 1113 3478 habet
1178 3417 1551 3496 superficies
1665 3413 1848 3477 Certe
1924 3416 2048 3477 tale

945 3524 1149 3585 corpus
1196 3525 1316 3567 non
1349 3504 1701 3584 simpliciter
1732 3513 1827 3565 est
1873 3524 2049 3565 unum

946 3595 1216 3673 opticum.
1310 3594 1612 3674 Exempla
1686 3594 1861 3672 hujus
1937 3613 2046 3654 ex-

946 3684 1228 3762 ceptionis
1276 3684 1491 3756 haben,
1544 3703 1677 3744 cum
1725 3683 1783 3743 in
1832 3682 2047 3744 solidi-

947 3778 1058 3833 tate
1107 3772 1376 3833 occurrit
1404 3774 1599 3847 color,
1651 3771 1921 3852 quamvis
1954 3772 2047 3830 hic

946 3877 1020 3921 me
1068 3861 1237 3923 color
1286 3860 1465 3922 valde
1515 3860 1853 3923 exercuerit
1901 3880 2043 3921 nec-

950 3948 1068 4011 dum
1135 3950 1380 4012 omnino
1453 3950 1745 4030 quiescat.
1843 3948 2044 4009 Etiam

949 4038 1160 4099 semina
1235 4039 1411 4119 hujus
1489 4038 1899 4120 responsionis
1965 4039 2044 4098 ibi

941 4122 1070 4202 jeci,
1133 4127 1237 4189 ubi
1296 4128 1632 4207 superficiei
1700 4147 1885 4190 causa
1941 4146 2042 4187 re-

950 4211 1242 4279 fractionis
1291 4217 1554 4297 aliquam
1602 4216 1780 4279 tribui
1831 4214 2042 4276 densi-

949 4307 1117 4367 tatem
1162 4309 1332 4385 (cap.
1366 4306 1414 4366 1.
1462 4325 1634 4385 prop.
1688 4301 1820 4378 13).
1916 4303 2038 4366 Sed

950 4394 1096 4472 cupio
1167 4396 1307 4457 illas
1373 4396 1813 4474 propositiones
1881 4414 1919 4453 a
1982 4403 2041 4454 te

953 4478 1248 4562 diligenter
1312 4484 1675 4558 examinari,
1774 4480 2041 4544 absurda

952 4573 1219 4635 conscribi
1246 4574 1354 4635 διο.
1369 4592 1387 4646 ;
1419 4592 1554 4634 nam
1575 4571 2036 4652 perplexissima

952 4671 1026 4718 res
1086 4671 1182 4724 est
1246 4671 1312 4723 et
1388 4662 1724 4741 speculatio
1799 4659 2036 4738 plurimi

954 4750 1204 4830 temporis
1243 4769 1438 4830 neque
1486 4759 1690 4812 tamen
1736 4748 1880 4811 mihi
1927 4768 2034 4808 sa-

955 4834 1251 4903 tisfaciens.
1346 4840 1580 4902 Probas
1627 4837 2030 4919 perpendicu-

956 4920 1108 4989 larem
1175 4927 1414 4991 radium
1489 4928 1766 5007 refringi,
1843 4944 2027 5004 argu-

957 5024 1116 5079 mento
1178 5018 1338 5098 quod
1410 5017 1684 5080 minimus
1759 5017 2028 5078 elevetur

957 5102 1101 5169 etiam
1143 5127 1181 5169 a
1224 5107 1654 5187 perpendiculo
1691 5105 2016 5185 inspectus.

3566 574 3651 642 ⁴7
