4584 6192
1830 621 2005 675 utun
2042 621 2244 687 Knplefl
2280 622 2578 687 morumqu-
2606 625 2831 670 ηοω.
3548 606 3680 673 779

991 798 1237 861 tabulae
1279 798 1533 879 Apelles
1577 800 1930 880 speraverit.
2005 800 2124 862 Per
2159 798 2496 879 parallaxin
2542 798 2726 878 igitur
2770 793 2914 856 nihil
2944 790 3212 871 impedit
3260 786 3397 867 quin
3445 784 3677 846 isthaec

993 889 1346 968 corpuscula
1390 888 1591 951 Solem
1655 890 2042 951 obscurantia
2102 891 2198 952 vel
2258 890 2319 951 in
2378 887 2622 967 regione
2669 882 2949 946 Mercurii
3015 880 3111 941 vel
3176 879 3329 940 hunc
3395 875 3553 977 inter
3618 880 3684 934 et

989 979 1292 1054 Venerem
1356 978 1736 1041 circumeant.
1829 980 1917 1041 Ut
1978 979 2159 1058 igitur
2222 978 2534 1059 ejiciantur
2598 969 2673 1036 ex'
2737 974 2830 1035 his
2894 969 3235 1049 regionibus
3297 965 3582 1066 Veneris·
3617 969 3681 1023 et

994 1068 1311 1138 Mercurii,
1359 1069 1494 1131 aliis
1541 1088 1689 1148 opus
1735 1076 1830 1130 est
1877 1068 2260 1148 argumentis,
2312 1086 2461 1147 quae
2510 1066 2638 1145 jam
2686 1063 2894 1124 statim
2940 1060 3067 1139 ipse
3114 1057 3287 1119 nobis
3335 1053 3686 1134 suppeditat

989 1158 1264 1239 Apelles.
1338 1158 1497 1220 Nam
1542 1160 1593 1219 si
1641 1154 2000 1219 credendum
2033 1158 2219 1237 ipsius
2267 1156 2621 1228 observatiS,
2672 1151 3038 1215 macularum
3084 1148 3337 1208 istarum
3385 1151 3451 1203 et
3483 1150 3683 1245 motus

990 1256 1059 1309 et
1101 1246 1410 1327 quantitas
1456 1247 1648 1326 major
1694 1254 1791 1322 est
1835 1248 1893 1308 in
1941 1248 2135 1309 medio
2183 1245 2346 1308 Solis
2393 1245 2699 1316 umbilico,
2750 1259 2925 1322 quam
2972 1238 3133 1299 circa
3178 1235 3319 1334 ejus·
3357 1249 3682 1311 margines.

991 1336 1591 1416 Agnoscit-Apelles
1636 1336 1767 1416 ipse
1815 1337 1938 1397 vim
1984 1336 2338 1415 argumenti,
2388 1343 2457 1397 ut
2502 1333 2713 1395 credat
2758 1330 3021 1391 maculas
3069 1326 3221 1387 istas
3269 1341 3430 1383 circa
3479 1320 3685 1382 Solem

993 1425 1318 1496 circumire.
1415 1425 1484 1487 Si
1533 1425 1694 1487 circa
1740 1424 1982 1501 Solem,
2050 1444 2164 1487 uon
2215 1426 2397 1505 igitur
2454 1424 2615 1485 linea
2673 1413 2841 1483 rect‘a
2895 1417 2991 1478 vel
3038 1412 3300 1494 proxime
3361 1418 3531 1474 recta
3571 1427 3682 1510 per

897 1520 916 1544 ⁹
997 1514 1216 1577 faciem
1263 1513 1426 1576 Solis
1464 1522 1838 1585 transeunt,
1887 1534 2233 1595 quocunque
2282 1514 2389 1576 illa
2444 1515 2574 1575 loco
2622 1511 2777 1584 sint,
2847 1527 2952 1570 seu
2996 1522 3181 1584 prope
3229 1500 3431 1603 Solem
3478 1518 3581 1560 seu
3628 1517 3687 1560 iu

994 1604 1339 1684 regionibus
1387 1603 1647 1666 Veneris
1692 1604 2108 1684 Mercuriique.
2202 1603 2392 1683 Atqui
2439 1602 2731 1664 curricula
2776 1595 3036 1659 Veneris
3072 1594 3466 1669 Mercurnque
3516 1606 3685 1649 com-

993 1702 1219 1775 parata
1262 1693 1340 1755 ad
1386 1712 1601 1773 corpus
1648 1693 1848 1767 Solia,
1897 1704 1960 1755 et
2005 1693 2244 1755 tantula
2298 1692 2607 1772 portione,
2675 1706 2851 1769 quam
2898 1686 3062 1746 disco
3111 1680 3272 1782 Solis
3336 1678 3686 1779 obtendunt,

995 1783 1465 1863 aequiparantur
1507 1783 1710 1846 rectis.
1803 1784 1943 1845 Non
1988 1791 2128 1845 sunt
2172 1782 2354 1862 igitur
2410 1782 2642 1843 isthaec
2696 1775 2989 1840 curricula
3033 1773 3092 1833 in
3140 1786 3380 1849 regione
3428 1767 3690 1827 Veneris

994 1872 1419 1952 Mercuriique.
1493 1872 1706 1952 Atqui,
1752 1891 1786 1933 o
1814 1873 2086 1952 Apelles,
2136 1880 2314 1934 tauta
2358 1871 2450 1932 vis
2482 1867 2596 1932 est'
2621 1879 2856 1931 tuorum
2903 1864 3163 1925 istorum
3190 1864 3686 1960 argumentorum,

1000 1970 1073 2025 ut
1118 1970 1179 2023 te
1210 1962 1401 2046 ipsum
1449 1962 1870 2041 constringant
1914 1963 2277 2041 induantque
2326 1961 2599 2022 cassibus
2645 1952 3184 2035 inexplicabilibus.
3257 1948 3415 2009 Nam
3442 1966 3495 2007 si
3530 1963 3691 2007 circa

998 2049 1207 2114 Solem
1255 2060 1395 2113 eunt
1441 2050 1555 2111 hae
1602 2051 1769 2112 velut
1814 2052 2079 2113 insulae:
2137 2058 2398 2132 quant0,
2443 2057 2661 2130 putaS,
2725 2042 3042 2107 intervallo
3087 2038 3440 2102 curriculum
3484 2053 3688 2096 earum

1005 2159 1046 2202 a
1091 2138 1234 2203 Sole
1283 2140 1580 2203 recessit?
1626 2140 1886 2221 Respice
1936 2142 2011 2203 ad
2052 2143 2299 2220 figuram
2348 2147 2532 2201 tuam.
2606 2138 2702 2200 Sit
2745 2134 2855 2197 BE
2901 2132 3114 2210 corpus
3142 2126 3324 2201 Solis,
3370 2125 3430 2187 R
3463 2125 3690 2200 oculus,

1004 2229 1119 2292 FK
1165 2230 1517 2296 curriculum
1562 2231 1962 2292 macularum:
2012 2230 2158 2292 duos
2197 2230 2288 2290 ais
2327 2247 2565 2289 menses
2611 2226 2796 2289 fuisse

1001 2338 1138 2381 cum
1183 2320 1304 2380 ista
1365 2321 1694 2391 scriberes,
1741 2338 1817 2380 ex
1863 2339 1977 2400 quo
2025 2339 2138 2381 non
2188 2319 2442 2382 redeant
2504 2317 2795 2385 maculae.

999 2408 1320 2471 transiisse
1353 2417 1549 2472 tamen
1580 2429 1619 2470 a
1649 2408 1706 2471 G
1734 2410 1792 2470 in
1824 2410 1854 2470 1
1895 2411 2103 2471 diebus
2145 2406 2498 2490 quindecim.
2567 2405 2794 2478 Quodsi

1002 2497 1379 2561 inordinatus
1445 2518 1642 2560 eorum
1713 2509 1912 2560 motus
1977 2507 2103 2574 est,
2184 2497 2521 2579 prodigium
2583 2496 2794 2577 potius

1002 2587 1246 2667 aliquod
1320 2587 1541 2650 videris
1588 2579 1787 2668 'quam
1859 2597 2096 2670 partem
2168 2587 2430 2667 aliquam
2501 2596 2791 2659 naturae;

1001 2673 1340 2739 mirandum
1406 2686 1605 2739 tamen
1669 2679 1790 2753 sit,
1857 2687 1922 2742 et
1974 2699 2178 2741 omnes
2244 2676 2419 2738 simul
2476 2677 2675 2749 visaS‚
2734 2682 2797 2735 et
2900 2737 2901 2741 ,

1003 2786 1162 2847 quae
1228 2768 1524 2846 prioribus
1583 2767 1938 2829 abeuntibus
2005 2774 2424 2831 successerunt
2493 2764 2797 2828 constanti
2868 2777 2869 2782 ’

1000 2856 1323 2922 intervallo
1369 2856 1468 2931 15,
1517 2865 1583 2919 ut
1623 2856 1792 2931 dicis,
1842 2859 2068 2920 dierum
2116 2854 2442 2930 circumire,
2493 2856 2564 2916 de
2595 2865 2795 2917 cetero

1007 2945 1349 3007 inordinate
1391 2946 1549 3008 ferri.
1625 2946 1761 3008 Nou
1799 2948 2116 3010 cohaerere
2145 2949 2266 3009 ista
2298 2955 2359 3007 te
2387 2953 2531 3024 puto
2567 2945 2793 3006 videre.

974 3033 1340 3098 -Ordinatus
1404 3035 1585 3115 igitur
1649 3055 1851 3097 earum
1899 3038 1982 3098 sit
2024 3046 2260 3099 motus:
2329 3037 2381 3097 si
2438 3036 2566 3109 hoc,
2634 3051 2795 3113 erg0,

1006 3124 1109 3204 qui
1155 3142 1263 3203 per
1311 3124 1439 3186 dies
1474 3121 1552 3188 15
1603 3125 1678 3186 ab
1711 3124 1768 3187 G
1814 3126 1872 3187 in
1920 3128 1952 3188 Ι
1997 3136 2217 3200 motae,
2265 3144 2339 3187 ex
2379 3142 2448 3185 eo
2492 3144 2602 3206 per
2647 3124 2796 3185 duos

1000 3232 1247 3286 menses
1301 3221 1738 3277 'emanseruut:
1815 3217 1970 3295 quod
2048 3216 2230 3296 igitur
2301 3223 2496 3276 restat
2566 3212 2793 3287 IKFG,

999 3302 1260 3383 amplius
1319 3304 1648 3384 quadruplo
1709 3306 1942 3384 longius
1997 3314 2095 3367 est
2138 3325 2313 3386 quam
2364 3303 2473 3367 GI.
2567 3302 2796 3375 Quinta

998 3393 1188 3472 igitur
1244 3394 1342 3454 vel
1402 3403 1577 3455 sexta
1641 3394 1914 3457 curriculi
1975 3414 2177 3456 eorum
2237 3414 2413 3475 pars,
2478 3403 2626 3474 puta
2683 3391 2793 3465 GI,

999 3480 1136 3544 Soli
1184 3484 1541 3544 ostenditur.
1635 3483 2048 3564 Atqui·sexta
2091 3484 2293 3547 circuli
2339 3503 2513 3564 pars,
2565 3502 2794 3564 aequa-

997 3571 1158 3634 libus
1205 3573 1440 3651 augulis
1489 3572 1567 3633 ad
1611 3571 1671 3633 R
1716 3574 1944 3649 divisa,
2003 3592 2119 3635 non
2177 3574 2425 3636 exbibet
2486 3574 2793 3652 portiones

991 3661 1177 3722 valde
1216 3660 1595 3741 inaequales:
1644 3682 1759 3723 non
1789 3672 1994 3743 potest
2031 3664 2210 3744 igitur
2237 3665 2384 3738 fieri,
2427 3673 2497 3725 ut
2524 3662 2792 3724 maculae

997 3750 1065 3813 in
1118 3747 1205 3823 G,
1252 3751 1284 3813 1
1340 3762 1403 3813 et
1465 3752 1674 3813 tardae
1732 3761 1796 3813 et
1857 3773 2080 3833 parvae
2146 3753 2564 3835 apparuerint,
2628 3752 2687 3811 in
2734 3749 2792 3811 N

995 3857 1258 3919 magnae
1306 3849 1371 3902 et
1424 3842 1700 3916 veloces;
1758 3851 1863 3904 aut
1909 3844 1958 3904 si
2007 3843 2093 3905 sic
2141 3848 2579 3924 apparuerunt,
2640 3838 2794 3920 quod

995 3929 1275 4009 equidem
1319 3931 1521 4011 Apelli
1569 3933 1784 4007 credo,
1842 3952 1959 3993 non
2006 3942 2210 4011 potest
2268 3933 2460 4012 igitur·
2503 3930 2661 4003 fieri,
2729 3935 2797 3989 ut

997 4018 1214 4100 quinta
1259 4019 1352 4080 vel
1399 4029 1574 4081 sexta
1621 4023 1812 4084 solum
1858 4023 2157 4101 particula
2210 4022 2469 4102 ipsarum
2520 4016 2795 4082 curriculi

994 4107 1134 4171 Soli
1191 4110 1369 4171 fuerit
1433 4110 1713 4185 obtenta,
1786 4112 2024 4172 omnino
2087 4112 2333 4173 dimidia
2388 4119 2494 4172 aut
2556 4109 2795 4171 minimo

997 4198 1200 4260 minus
1230 4199 1307 4260 ad
1338 4199 1448 4261 hoc
1476 4200 1933 4278 phaenomenon'
1965 4201 2315 4281 requiritur:
2360 4201 2516 4282 quod
2553 4198 2796 4281 perinde

1001 4296 1106 4350 est
1160 4308 1230 4349 ac
1289 4289 1341 4350 si
1408 4289 1612 4364 dicas,
1678 4291 1946 4352 maculas
2007 4291 2065 4352 in
2125 4290 2431 4370 ipsissima
2491 4287 2797 4370 superficie

1003 4375 1175 4440 Solis
1222 4386 1327 4440 aut
1372 4378 1639 4457 proxime
1687 4380 2069 4443 circumiisse.
2147 4379 2215 4442 Si
2246 4379 2377 4455 hoc,
2429 4400 2608 4460 quare
2656 4397 2799 4458 ergo

996 4484 1120 4535 non
1169 4475 1311 4547 post
1346 4468 1499 4529 alios
1538 4466 1614 4531 15
1664 4469 1792 4530 dies
1822 4470 2126 4531 redierunt
2157 4478 2264 4531 aut
2300 4471 2479 4549 paulo
2526 4467 2798 4531 tardius?

999 4556 1275 4654 yidesue
1338 4558 1628 4638 Apelles,
1694 4555 2137 4621 inconsiderate
2205 4560 2450 4622 factum·
2490 4580 2527 4621 a
2572 4567 2668 4632 te,
2735 4564 2803 4624 ut

1002 4655 1364 4730 argumento
1410 4665 1526 4709 non
1585 4649 1954 4711 redeuntium
2013 4649 2378 4711 macularum
2434 4659 2596 4711 stato
2644 4656 2801 4709 tem-

1005 4754 1155 4817 pore
1202 4735 1364 4798 Solis
1426 4738 1795 4816 superficiem
1844 4739 1919 4799 ab
1967 4738 2041 4800 iis
2099 4739 2426 4801 liberares:
2493 4737 2804 4800 liberanda
3209 4753 3215 4760 ·
3263 4754 3325 4812 R

1005 4825 1168 4890 enim
1232 4824 1412 4889 fuerit
1476 4827 1660 4888 etiam
1727 4828 1948 4889 vicinia
2013 4828 2203 4889 omnis
2251 4826 2414 4890 Solis
2470 4848 2539 4889 eo
2596 4847 2802 4908 usque,
2931 4830 2990 4840 ”“

1006 4915 1195 4976 donec
1241 4935 1358 4977 uon
1417 4917 1671 4995 amplius
1735 4917 2069 4998 inaequalis
2136 4936 2341 4979 earum
2406 4925 2700 4998 appareat
2744 4926 2808 4979 et
2862 4927 3057 4982 motus
3106 4928 3170 4984 et
3215 4917 3524 5002 quantitas
3592 4907 3704 4981 sub

1004 5003 1172 5066 Sole.
1269 5005 1458 5067 Vides
1507 5014 1570 5067 et
1614 5006 1760 5080 hoc,
1829 5007 2074 5069 duorum
2138 5008 2387 5069 alterum
2454 5008 2626 5069 nobis
2683 5027 2818 5070 esse
2884 5010 3236 5072 dicendum:
3304 5016 3410 5073 aut
3453 5015 3516 5069 te
3563 5016 3706 5088 post

1007 5079 1242 5173 aliquot
1287 5095 1511 5157 dierum
1573 5094 1951 5158 intervallum
1997 5096 2221 5158 vidisse
2261 5097 2522 5173 easdem,
2573 5098 2843 5179 quamvis
2892 5117 3003 5160 non
3044 5100 3325 5163 habueris
3352 5116 3461 5181 pro
3492 5097 3705 5160 iisdem

1007 5203 1209 5247 errore
1254 5185 1658 5264 picturarum3
1707 5194 1815 5248 aut
1849 5185 2089 5250 interim
2122 5188 2267 5250 dum
2304 5187 2527 5251 absunt
2571 5187 2887 5251 evanuisse
2934 5207 3236 5271 novasque
3284 5198 3471 5261 ortas,
3516 5185 3705 5251 veluti
