4584 6192
541 592 608 658 418
1137 590 1167 638 ιιι
1189 588 1304 652 mrtem

540 771 703 828 illuminato.
734 772 889 839 Propterea
910 774 940 821 et
960 782 1057 821 causas
1080 767 1262 836 experimenti
1285 767 1390 821 tentavi
1411 768 1566 824 infeliciter.
1595 769 1665 823 Nam
1683 770 1735 823 hoc
1756 768 1900 833 affirmari,

540 869 627 925 aquas
649 851 737 905 minus
759 853 792 903 de
814 857 875 903 atro
906 847 1074 917 participare
1097 864 1177 916 quam
1199 854 1297 902 terras.
1340 848 1391 909 Qui
1412 848 1485 901 enim
1511 849 1562 902 hoc
1588 865 1684 903 verum
1710 866 1772 903 esse
1803 850 1900 918 possit,

541 948 602 989 cum
622 938 716 987 terrae
748 930 826 1001 aquis
855 928 960 982 tinctae
990 926 1127 996 nigriores
1158 929 1302 980 evadant?
1323 925 1369 982 611,
1410 927 1486 981 Nihil
1507 947 1549 982 me
1571 928 1642 982 liber
1673 945 1749 982 mena
1778 928 1901 1000 impedit,

540 1012 702 1088 quominus
724 1016 752 1065 te
774 1009 891 1073 audiam,
914 1015 1011 1062 contra
1031 1023 1073 1061 me
1096 1007 1276 1060 disserentem
1291 1005 1338 1062 duc.
1367 1008 1410 1061 Do
1431 1010 1555 1062 maculas
1576 1004 1698 1079 (Lunae)
1721 1026 1783 1063 esse
1804 1009 1899 1073 maria,

541 1095 575 1148 do
596 1092 702 1147 lucidas
723 1095 819 1160 partes
841 1106 902 1142 esse
924 1094 1035 1143 terram.

631 1178 745 1228 Pluribus
763 1177 794 1226 do
812 1176 858 1226 hcc
878 1176 931 1240 agit
949 1177 974 1224 in
995 1173 1127 1233 „Somnio“
1153 1172 1219 1221 huuc
1237 1174 1263 1223 in
1281 1174 1395 1224 modum:
1432 1170 1474 1220 Ad
1496 1169 1611 1221 eundem
1632 1171 1739 1223 modum
1760 1168 1846 1223 etiam
1868 1171 1902 1223 de

540 1251 678 1307 'semestri
699 1251 784 1321 globo
814 1251 990 1303 statuendum
1018 1254 1074 1310 est,
1106 1262 1237 1301 oceanum
1257 1254 1288 1300 et
1307 1247 1396 1301 maria
1426 1246 1507 1301 terris
1537 1248 1674 1303 interfusa
1704 1248 1902 1304 obscuritatem

542 1333 664 1395 induere,
688 1330 859 1384 continentes
881 1346 946 1382 voro
967 1335 997 1382 et
1023 1327 1128 1381 insulas
1150 1327 1210 1378 luce
1232 1327 1303 1380 Solis
1325 1326 1425 1381 eximie
1451 1328 1683 1397 resplendescere.
1726 1331 1803 1391 Quod
1825 1330 1901 1398 prius

543 1413 572 1466 in
593 1409 759 1465 contrariam
780 1409 883 1462 iveram
905 1408 1084 1470 sententiam,
1114 1422 1201 1459 causa
1221 1407 1291 1460 haec
1312 1407 1379 1470 finit,
1410 1408 1476 1477 qnia
1496 1409 1598 1461 Terrae
1628 1409 1787 1477 superficies
1807 1410 1901 1463 varios

542 1491 631 1546 induit
652 1491 767 1552 colores,
790 1505 879 1559 aquae
901 1490 992 1541 colore
1013 1503 1115 1541 vacare
1136 1489 1328 1541 censebantur.
1358 1486 1450 1540 Omnis
1472 1492 1565 1541 autem
1584 1489 1660 1541 color
1679 1496 1793 1558 praeter
1808 1490 1901 1542 album

541 1572 644 1644 gradus
667 1576 711 1623 est
732 1571 767 1623 ad
794 1567 972 1639 nigredinem.
1013 1568 1085 1622 Sunt
1105 1583 1170 1619 vero
1199 1566 1469 1636 resplendescentiae
1495 1566 1602 1621 luminis
1627 1568 1732 1623 Solaris
1762 1570 1902 1639 analogae

544 1649 705 1706 obscuritati
728 1648 945 1718 superficierum,
976 1650 1047 1702 unde
1067 1646 1299 1716 repercutiuntur.
1348 1647 1430 1700 Aliud
1462 1654 1655 1719 argumentum
1685 1649 1904 1719 suppeditabant

541 1747 640 1803 aquae.
681 1731 753 1783 Nam
773 1735 910 1799 utcunque
933 1728 992 1798 quis
1020 1726 1181 1796 superficies
1206 1726 1295 1795 juxta
1321 1727 1435 1781 invicem
1463 1728 1569 1797 positas
1599 1728 1742 1783 intueatur
1767 1736 1903 1783 terrarum

540 1819 572 1865 ct
592 1825 733 1879 aquamm,
766 1825 875 1878 semper
904 1807 1066 1880 nigrescunt
1095 1812 1200 1869 terrae,
1231 1807 1379 1876 splendent
1398 1824 1498 1877 aquae.
1523 1836 1553 1847 -
1600 1810 1676 1870 Quod
1702 1827 1767 1862 rero
1799 1810 1902 1863 attinet

544 1891 650 1944 colores
673 1895 816 1951 terrarum,
839 1888 963 1958 equidem
983 1887 1093 1949 rectius,
1116 1887 1215 1939 saltem
1231 1902 1319 1957 aequo
1336 1886 1401 1955 jure
1418 1888 1529 1951 dixeris,
1553 1904 1645 1941 omnes
1660 1890 1766 1942 colores
1788 1898 1901 1958 praeter

542 1970 654 2041 nigrum
674 1971 778 2039 gradus
800 1985 861 2021 esse
883 1969 917 2021 ad
938 1968 1026 2021 lucem
1048 1982 1154 2036 puram.
1197 1966 1274 2027 Quod
1299 1966 1467 2020 vacuitatem
1497 1968 1619 2022 colorum
1640 1967 1667 2019 in
1689 1968 1783 2037 aquis:
1815 1974 1902 2039 negat

543 2066 603 2104 eam
625 2048 802 2112 Aristoteles,
824 2047 945 2102 defendit
967 2046 1117 2116 expressis,
1139 2062 1228 2116 aquae
1251 2048 1368 2099 colorem
1383 2046 1410 2099 in
1431 2047 1539 2119 nigrum
1559 2064 1685 2118 vergere.
1729 2050 1902 2118 Argumento

542 2128 632 2184 utitur
653 2144 671 2180 a
691 2144 774 2181 sensu
795 2127 878 2191 visus,
902 2129 973 2197 quod
994 2134 1071 2180 terra
1091 2125 1177 2178 omnis
1199 2126 1299 2194 pluviis
1320 2127 1450 2180 humecta
1470 2127 1576 2199 nigrior
1597 2128 1641 2189 sit,
1664 2127 1768 2180 siccato
1790 2128 1901 2180 humore

466 2246 470 2252 ·
542 2226 594 2280 per
624 2207 745 2262 calorem
765 2206 837 2261 Solis
868 2206 970 2260 clarius
1000 2206 1114 2261 eniteat.
1157 2206 1383 2274 Experimentum
1415 2223 1468 2276 ego
1499 2206 1590 2260 addidi
1621 2206 1729 2260 alinde
1751 2206 1901 2276 praesenti,

542 2305 603 2343 cum
616 2288 730 2358 Progne
752 2304 794 2340 me
816 2291 931 2356 propter
950 2292 1042 2340 staret
1061 2286 1191 2340 literatus
1213 2285 1355 2356 quisquam
1377 2286 1404 2339 in
1419 2294 1512 2355 ponte,
1535 2286 1708 2356 splendorem
1729 2288 1795 2340 mihi
1816 2303 1901 2357 aqna·

542 2385 602 2424 rum
623 2367 772 2431 inculcans,
795 2374 829 2420 ut
849 2366 970 2421 Galilaei
991 2366 1171 2420 assertionem
1193 2366 1369 2421 convelleret.
1397 2365 1473 2420 Jussi
1494 2366 1566 2419 enim
1587 2368 1621 2419 ad
1648 2366 1782 2437 imagines
1810 2369 1901 2420 domo·

544 2464 604 2505 ram
625 2448 652 2501 in
674 2447 752 2500 undis
780 2447 919 2515 respicere
949 2463 1051 2516 easque
1073 2463 1132 2499 cum
1160 2453 1237 2499 recto
1267 2454 1383 2514 aspectu
1413 2448 1539 2500 domnum
1569 2446 1690 2515 ipsarum
1721 2464 1901 2516 comparare:

542 2527 720 2583 manifestum
750 2527 822 2580 enim
852 2526 988 2580 claritatis
1019 2526 1162 2580 discrimen
1183 2543 1244 2579 esse
1266 2532 1295 2578 et
1323 2526 1458 2596 imagines
1479 2526 1508 2579 in
1528 2527 1607 2580 undis
1638 2527 1818 2581 obscuriores.
1859 2526 1903 2581 Sic

541 2607 636 2677 itaque
658 2613 686 2660 et
708 2606 824 2659 dilutum
845 2613 875 2660 et
890 2613 1024 2659 retortum
1045 2613 1089 2660 est
1103 2606 1178 2676 prius
1200 2612 1393 2677 argumentum
1407 2623 1496 2659 meum
1510 2608 1543 2659 de
1558 2607 1694 2660 coloribus
1716 2614 1853 2660 terrarum
1875 2613 1904 2659 et

541 2688 683 2742 undamm.
727 2686 804 2747 Quod
826 2685 945 2739 alterum
966 2686 1068 2740 attinet
1089 2702 1107 2738 a
1126 2686 1389 2754 resplendescentia,
1412 2686 1438 2739 id
1460 2688 1518 2739 tale
1539 2693 1590 2749 est,
1614 2693 1646 2740 ut
1665 2685 1692 2738 in
1710 2686 1776 2756 ipsis
1798 2685 1903 2755 Opticis

542 2765 598 2822 alio
619 2766 688 2828 loco,
712 2765 759 2818 ubi
780 2768 813 2818 de
835 2765 1035 2819 illuminatione
1049 2767 1145 2819 Lunae
1168 2782 1232 2836 ago,
1254 2765 1308 2818 vim
1328 2764 1389 2832 ejus
1411 2766 1589 2820 dissolverim.
1617 2767 1687 2819 Nam
1702 2766 1724 2818 si
1746 2767 1902 2834 exemplum

544 2845 680 2899 undarum
701 2847 734 2898 de
755 2844 908 2915 propinquo
930 2852 1119 2914 spectatarum
1140 2844 1312 2915 applicamus
1327 2847 1361 2898 ad
1383 2862 1499 2915 corpora
1519 2848 1639 2899 rotunda
1658 2846 1796 2899 immensis
1818 2845 1902 2899 inter·

542 2924 628 2980 vallis
650 2930 764 2987 semota,
788 2923 949 2996 longissime
971 2927 1131 2980 aberramus
1146 2943 1164 2979 a
1177 2925 1232 2987 via,
1255 2931 1286 2978 ut
1300 2941 1413 2979 causam
1428 2928 1595 2979 adducentes
1610 2942 1679 2988 eam,
1703 2942 1774 2997 qnae
1789 2943 1843 2978 uon
1858 2932 1902 2978 est

543 3020 638 3061 causa.
681 3005 757 3067 Quod
779 3005 851 3058 euim
872 3020 962 3074 aquae
983 3013 1098 3076 propter
1112 3007 1213 3059 Terras
1234 3005 1313 3059 lusae
1334 3006 1489 3074 splendent,
1512 3006 1617 3059 faciunt
1634 3006 1661 3058 id
1681 3007 1828 3074 splendore
1849 3023 1902 3058 non

544 3102 593 3140 suo
614 3085 663 3138 sed
685 3085 758 3139 adria
780 3102 799 3139 a
818 3085 882 3139 Sole
904 3085 1060 3149 illuminati,
1083 3086 1162 3155 cujus
1176 3086 1212 3139 ab
1234 3086 1304 3138 omni
1326 3085 1416 3155 plaga
1437 3086 1529 3154 illapsi
1551 3086 1620 3139 radii
1641 3085 1724 3139 lucidi
1739 3088 1774 3138 ad
1794 3091 1903 3138 nostros

542 3164 767 3235 repercutiuntur
796 3165 898 3220 oculos.
940 3170 1003 3236 Age
1025 3166 1096 3219 enim
1116 3167 1208 3219 velum
1229 3172 1294 3234 post
1323 3181 1410 3234 aquas
1442 3165 1583 3228 obducito,
1615 3182 1668 3236 quo
1696 3166 1809 3219 claritas
1831 3164 1903 3219 11111

541 3246 682 3301 ulterioris
704 3244 919 3313 intersepiatur,
941 3245 1015 3298 illico
1036 3246 1141 3299 videbis
1163 3244 1316 3298 extinctum
1337 3246 1409 3298 hunc
1430 3262 1564 3315 aquarum
1586 3246 1767 3313 splendorem.

629 3326 711 3378 Hanc
731 3324 895 3377 solutionem
917 3326 1074 3395 argumenti
1095 3325 1148 3378 mei
1170 3325 1286 3394 adjunxi
1308 3325 1336 3377 in
1356 3326 1482 3396 margine
1510 3326 1583 3378 inter
1609 3326 1798 3396 relegendum.
1839 3327 1902 3379 Jam

541 3420 607 3458 vero
638 3420 756 3473 corpora
785 3404 919 3457 coelestia
949 3405 1050 3457 lumine
1080 3405 1152 3459 Solis
1183 3406 1350 3458 collustrata
1381 3413 1411 3458 et
1440 3405 1567 3474 inspecta
1597 3406 1701 3458 eminus
1732 3420 1904 3475 nequaquam

542 3482 669 3538 videntur
690 3484 857 3553 repercussis
881 3484 975 3553 optica
995 3492 1024 3538 et
1045 3484 1184 3553 speculari
1213 3486 1277 3554 lege
1298 3484 1381 3537 radiis
1403 3484 1487 3548 Solis,
1511 3487 1558 3538 sed
1581 3486 1641 3538 luce
1664 3486 1866 3539 communicata
1887 3501 1904 3536 a

543 3563 616 3627 Sole,
638 3563 717 3618 utin
740 3564 845 3633 Opticis
867 3582 927 3618 cam
959 3565 1100 3634 appellavi
1122 3572 1152 3617 et
1171 3564 1285 3633 propria
1310 3563 1371 3631 jam
1398 3582 1541 3634 corporum
1568 3566 1645 3618 tacta
1666 3567 1700 3619 ob
1722 3566 1904 3634 asperitatem

545 3643 758 3713 superficierum.
788 3648 880 3716 Atque
902 3639 978 3699 haec'
993 3646 1043 3698 lux
1064 3645 1264 3699 communicata
1284 3644 1310 3696 11
1325 3644 1489 3698 definitionis
1510 3662 1579 3699 suae
1601 3645 1698 3699 fortior
1712 3654 1756 3699 est
1771 3646 1798 3700 in
1813 3645 1903 3699 Terris

545 3740 679 3864 quambhn)
696 3727 802 3865 pptipgg·
840 3802 868 3851 In
896 3802 943 3852 hac
972 3803 1121 3866 appendice,
1149 3816 1223 3866 quam
1250 3802 1386 3865 Keplerum
1415 3803 1551 3853 confecisse
1580 3810 1691 3858 constat.
1721 3806 1904 3852 excusationem

544 3872 648 3939 legimus
676 3873 810 3923 schematis
840 3871 908 3939 (pag.
933 3870 996 3934 131)
1026 3875 1122 3936 eclipsis
1152 3875 1210 3923 anni
1237 3871 1314 3921 1661.
1343 3888 1392 3922 111
1419 3873 1493 3937 plane
1521 3889 1577 3923 eum
1605 3882 1693 3924 eventu
1722 3875 1902 3929 concordantis,

545 3948 637 4009 „solas
659 3947 832 4001 luminarium
853 3947 1000 4001 diametros
1022 3948 1049 3999 in
1071 3965 1157 4001 causa
1178 3948 1291 4009 versari,
1314 3963 1383 4017 quas
1412 3948 1553 4016 quominus
1582 3955 1683 4001 exacte
1705 3947 1795 4000 metiri
1817 3947 1902 4017 possi·

544 4043 622 4091 mus,
654 4028 780 4080 diversae
811 4043 912 4081 causae
943 4027 1051 4095 opticae
1082 4028 1109 4081 in
1139 4034 1256 4097 utroquo
1297 4026 1424 4080 luminari
1464 4028 1620 4096 prohibent.
1680 4027 1781 4089 Quodsi
1808 4029 1903 4081 Lunae

515 4130 519 4142 ·
546 4107 709 4160 diametrum
732 4123 857 4160 assumas
879 4107 961 4175 30¹s,
983 4106 1054 4160 Solis
1070 4108 1117 4172 31,
1140 4107 1282 4177 quantitas
1303 4106 1505 4163 concordabit.“
1541 4115 1574 4163 Et
1591 4116 1636 4163 sub
1655 4115 1746 4163 tinem:
1771 4107 1903 4169 „variatio

543 4186 670 4240 diametri
692 4192 723 4253 Θ
746 4187 822 4239 11111
846 4188 872 4239 l‘
894 4196 994 4249 nianet,
1018 4195 1050 4240 nt
1071 4187 1097 4241 in
1119 4188 1253 4257 perigaeo
1273 4205 1326 4240 non
1348 4187 1437 4256 major
1457 4187 1494 4240 sit
1509 4188 1584 4242 31‘.“
1601 4192 1699 4257 (comp.
1713 4194 1769 4242 Vol.
1783 4194 1802 4242 1.
1817 4191 1905 4257 pli.)

636 4278 681 4342 56)
701 4298 724 4345 p.
745 4279 805 4328 288.
843 4280 1045 4330 Reinholdus
1064 4283 1088 4330 iu
1106 4282 1204 4331 scholiis
1218 4282 1392 4331 Theoricarnm
1404 4279 1537 4332 Pnrbachii
1551 4279 1601 4342 (ed.
1617 4297 1640 4331 a.
1656 4280 1903 4348 1511111111

542 4350 683 4402 Vitellio
702 4354 727 4402 in
747 4353 841 4416 Opticis
860 4353 900 4401 lib.
921 4352 966 4407 IV,
985 4367 1051 4416 prop.
1073 4351 1115 4401 77.
1154 4353 1350 4403 Μ111111111
1376 4354 1401 4401 11
1421 4353 1596 4417 Disputatione
1621 4354 1651 4403 de
1679 4361 1789 4403 motuum
1817 4354 1903 4417 plane-

542 4432 623 4473 tarum
642 4425 667 4472 in
687 4424 755 4474 coelo
775 4425 951 4488 apparentibus
970 4424 1191 4490 irregularitatibns
1210 4421 1305 4485 (1666)
1325 4424 1388 4472 thesi
1410 4422 1467 4472 116.
1488 4426 1585 4481 statuit,
1605 4433 1633 4473 ut
1651 4424 1697 4475 hoc
1715 4425 1903 4488 phaenomenon

542 4495 657 4559 explicet,
679 4494 795 4553 „honere
815 4509 902 4558 corpus
921 4510 970 4543 non
990 4510 1045 4545 1111
1063 4503 1115 4545 tam
1134 4512 1252 4560 magnum
1271 4502 1390 4559 qnantum
1414 4502 1526 4558 putatur.
1556 4497 1600 4545 sed
1618 4497 1768 4545 densitatem
1787 4498 1841 4557 eJ'us
1859 4496 1903 4544 sub

544 4567 699 4631 aliquantum
718 4567 854 4630 angustiori
867 4568 1009 4630 quantitate
1022 4569 1190 4623 terminatam,
1210 4567 1258 4614 1111
1271 4566 1378 4629 quodam
1391 4581 1490 4629 corpore
1505 4568 1659 4622 circumdari,
1679 4568 1744 4631 qnod
1756 4567 1905 4630 pellucidum

547 4639 580 4688 111
600 4644 625 4689 11
643 4654 687 4702 per
705 4638 769 4702 quod
788 4644 839 4685 tam
860 4636 923 4686 Solis
941 4637 1033 4695 lumen,
1062 4653 1135 4702 qnam
1156 4639 1258 4687 11111111
1277 4636 1413 4696 stellarum,
1442 4640 1506 4687 11111
1525 4645 1550 4687 11
1568 4640 1633 4687 11111
1651 4640 1728 4687 nostri
1756 4639 1819 4687 radii
1839 4646 1906 4686 tran-

545 4715 626 4760 seant.
665 4709 836 4758 Veruntamen
855 4709 880 4758 id
899 4723 953 4758 esse
972 4710 1053 4759 minus
1076 4710 1166 4758 subtile
1191 4715 1320 4772 ceteroque
1348 4709 1449 4759 aethere
1468 4710 1544 4758 multo
1563 4711 1674 4772 spissius,
1701 4710 1764 4759 adeo
1782 4718 1811 4759 nt
1830 4712 1907 4758 instar

542 4781 598 4829 vitri
617 4779 681 4829 Solis
699 4780 780 4829 lucem
799 4795 848 4828 non
867 4786 964 4828 tantum
984 4782 1137 4830 transmittat
1156 4780 1200 4829 sed
1220 4782 1295 4828 ctiam
1315 4781 1430 4837 retineat,
1450 4787 1475 4830 11
1488 4781 1519 4829 ab
1534 4795 1565 4829 ea
1577 4787 1629 4829 tam
1648 4780 1743 4829 fortiter
1761 4780 1905 4834 illustretur,

544 4857 572 4899 nt
589 4866 666 4899 unum
685 4850 790 4900 solidum
804 4857 829 4899 et
848 4852 990 4899 contionum
1004 4867 1060 4901 cum
1072 4867 1128 4900 1111
1149 4866 1248 4913 corpore
1262 4851 1354 4900 Lunari
1374 4853 1519 4913 praesertim
1533 4854 1557 4899 in
1571 4851 1710 4914 pleniluniis
1724 4867 1779 4901 esse
1798 4857 1905 4914 putetur.

545 4920 1209 4986 Τ1111152.111111111111111111111111111,
1240 4923 1309 4971 addit
1337 4928 1438 4971 autem:
1469 4937 1501 4971 an
1520 4923 1611 4972 ibidem
1630 4927 1673 4972 aer
1690 4922 1731 4972 illo
1750 4923 1862 4972 similiter
1880 4930 1908 4969 ut

543 4998 628 5041 noster
646 4994 672 5041 in
690 4994 768 5042 nubes
787 4998 944 5051 concrescat,
974 4994 999 5043 in
1018 4994 1098 5043 modio
1117 4993 1295 5057 relinquimus;
1324 4993 1370 5042 hoc
1389 5000 1456 5043 certe
1476 4995 1628 5057 experientia
1646 5009 1691 5043 nos
1710 4995 1813 5051 docuit,
1842 4993 1907 5057 quod

544 5063 699 5113 circumfluus
717 5064 758 5112 ille
777 5064 891 5127 splendor
909 5063 1010 5113 dirersis
1029 5064 1178 5127 temporibus
1192 5065 1245 5127 plus
1264 5065 1375 5113 minusve
1387 5065 1510 5128 limpidior
1522 5064 1579 5114 sit¹⁴
1606 5065 1705 5115 Testem
1720 5065 1823 5114 adducit
1835 5066 1907 5126 hujus

544 5135 684 5184 1111111111
712 5135 814 5198 eclipsin
841 5135 929 5184 Lunae
956 5147 973 5184 a
1000 5150 1027 5185 se
1057 5136 1213 5186 observatam
1241 5136 1280 5185 die
1308 5135 1450 5187 Palmarum
1478 5132 1556 5185 1666.
1612 5136 1727 5200 Denique
1757 5137 1907 5185 concludens
