4584 6192
458 558 502 628 88
874 561 974 610 Literae
997 559 1097 623 Kepleri
1116 561 1267 623 aliorumque
1285 565 1386 609 mutuae

458 759 582 819 corpore
606 739 725 818 lapidis,
751 745 783 797 et
805 737 903 796 nullus
928 735 1004 813 lapis
1029 735 1193 813 quadrante
1219 735 1366 807 milliaris,
1391 736 1446 796 lrne
1466 744 1514 797 est
1539 727 1640 816 ’ΛΜΝ
1659 745 1749 816 parte
1764 756 1816 798 se·

458 828 635 890 rnidiametri
664 828 774 889 Terrae
806 845 824 884 a
854 825 947 884 Terra
974 823 1113 883 discedit.
1161 822 1292 901 Superat
1315 824 1404 902 igitur
1428 824 1509 885 illam
1543 826 1673 904 quietem
1699 826 1816 888 infinito

458 937 551 998 pene:
585 925 648 977 tarn
678 915 768 995 igitur
800 913 943 973 velociter
974 912 1069 973 instar
1101 920 1227 972 catenae
1259 912 1525 992 trahit-lapidem,
1556 934 1644 993 quam
1669 914 1817 976 velociter

458 1007 523 1085 ipse
551 1024 617 1066 eum
642 1004 760 1064 Tellure
794 1002 992 1062 transfertur:
1027 1000 1127 1078 itaque
1160 1019 1284 1060 necesse
1317 1009 1382 1071 est,
1413 1001 1533 1077 globum
1567 1002 1596 1064 in
1630 1012 1815 1064 tormentum

458 1092 602 1164 recidere,
626 1092 651 1153 si
674 1091 817 1170 possibile
842 1099 938 1161 esset,
965 1097 998 1149 ut
1021 1109 1036 1146 e
1062 1097 1210 1149 tormento
1243 1089 1531 1167 perpendiculariter
1564 1091 1592 1151 in
1619 1092 1715 1152 altum
1740 1110 1816 1152 eve·

458 1183 588 1244 lueretur.
627 1182 699 1241 Plus
724 1177 835 1255 negotii
856 1176 974 1237 videtur
998 1177 1148 1236 facessere
1169 1177 1329 1254 ejaculatio
1348 1178 1429 1255 globi
1447 1178 1474 1238 in
1498 1186 1594 1239 ortum
1610 1189 1642 1239 et
1662 1197 1815 1252 occasum,

458 1289 534 1351 quas
558 1268 659 1350 Tycho
684 1268 808 1329 miratur
831 1266 974 1344 aequales
999 1284 1065 1325 esse
1090 1284 1189 1343 posse,
1215 1266 1239 1324 si
1258 1266 1352 1326 Terra
1377 1274 1544 1328 rrrnveatur.
1583 1268 1692 1346 Inepta
1716 1268 1816 1329 ratio-

459 1357 572 1420 cinatio
591 1357 733 1434 seipsam
756 1354 921 1415 confundit.
959 1353 1036 1414 Nam
1057 1364 1196 1431 respectu
1215 1354 1379 1432 spatiorum
1401 1355 1500 1415 mundi
1525 1355 1614 1433 plane
1642 1356 1818 1436 inaequalia

457 1449 531 1508 liunt
554 1445 664 1525 spatia.
711 1446 805 1504 Terra
828 1443 858 1503 in
882 1451 978 1502 ortum
1002 1442 1106 1501 voluta
1130 1443 1158 1516 in
1183 1443 1300 1515 mundo,
1325 1443 1351 1503 si
1375 1454 1407 1502 et
1439 1442 1545 1521 globus
1569 1444 1597 1504 in
1623 1454 1720 1505 ortum
1747 1446 1816 1506 rol-

458 1544 565 1609 ratur,
591 1535 618 1594 in
643 1534 737 1594 Terra
768 1532 935 1609 duplicatur
965 1531 1094 1608 spatium
1120 1531 1220 1591 mnndi
1244 1535 1315 1597 (non
1341 1531 1468 1606 Terrae,
1499 1533 1649 1611 quianon
1675 1543 1817 1594 movetur

458 1623 553 1684 Terra
575 1621 604 1683 in
629 1621 739 1681 Terrae
761 1619 926 1698 'superficie
956 1639 1009 1678 cen
1042 1620 1070 1678 in
1105 1620 1190 1690 locu,
1220 1620 1298 1698 quod
1322 1620 1415 1680 stulte
1447 1621 1529 1699 ponit
1562 1622 1637 1683 llaec
1671 1622 1817 1700 objectio,

459 1711 594 1790 quamvis
619 1729 675 1770 non
702 1710 807 1778 dicat),
832 1718 864 1768 at
888 1707 977 1784 globo
1003 1708 1029 1766 in
1055 1727 1193 1768 measum
1227 1709 1329 1768 voluto
1353 1727 1443 1786 snper
1466 1710 1599 1784 Terram,
1635 1711 1819 1772 deminuitur

458 1798 572 1879 aliquid
596 1798 633 1858 de
657 1798 756 1876 spatio
790 1795 909 1866 muudi,
944 1796 1020 1874 qnod
1045 1796 1126 1874 prior
1156 1796 1237 1872 globi
1271 1797 1353 1857 uicus
1385 1799 1569 1874 peragrarit.
1617 1796 1761 1860 Ceterum
1787 1799 1817 1859 in

458 1888 524 1967 ipsa
547 1887 642 1947 Terra
665 1897 697 1945 et
720 1893 857 1964 respectu
882 1885 946 1962 ejus
970 1885 1079 1962 spatii,
1105 1884 1182 1963 qnod
1208 1904 1272 1945 cum
1297 1886 1391 1945 Terra
1414 1886 1568 1958 circumit,
1598 1897 1715 1948 remota
1738 1907 1817 1948 cou-

458 1975 640 2037 sideratione
665 1975 755 2053 spatii
781 1972 931 2046 mundani,
957 1992 1082 2051 aequum
1107 1973 1225 2032 omuino
1250 1981 1298 2033 est
1321 1982 1354 2033 nt
1377 1974 1506 2051 spatium
1536 1976 1711 2036 conficiatur
1735 1976 1818 2037 idem

458 2064 567 2125 ceteris
591 2063 723 2142 paribus.
771 2064 872 2122 Allotns
897 2080 1002 2139 nempe
1027 2062 1176 2122 violentus
1200 2071 1324 2140 separat
1353 2062 1482 2140 lapidem
1507 2085 1525 2122 a
1550 2066 1659 2125 uirtute
1683 2064 1818 2126 Telluris

458 2152 605 2212 tractoria
625 2171 679 2231 per
702 2152 802 2229 spatia
826 2151 944 2223 diffusa,
970 2151 1070 2228 itaque
1090 2150 1163 2210 haec
1179 2160 1226 2209 est
1246 2152 1329 2229 ‹quasi
1354 2151 1473 2229 qnidam
1498 2153 1589 2226 locus,
1614 2152 1660 2213 ris
1682 2153 1818 2214 violenta

459 2241 556 2301 instar
580 2259 699 2301 currus:
725 2239 774 2299 ubi
797 2238 919 2318 perinde
947 2239 1045 2298 estin
1072 2257 1276 2317 quamcunque
1310 2240 1430 2317 plagam
1465 2259 1567 2300 currus
1593 2242 1650 2301 iste
1685 2242 1817 2320 lapidem

458 2328 647 2392 transvehat.
695 2326 765 2388 Sive
796 2348 824 2387 u.
859 2347 913 2400 en,
947 2346 1004 2406 quo
1038 2328 1082 2387 ris
1117 2328 1183 2405 ipsa
1206 2328 1334 2387 Telluris
1367 2328 1495 2405 lapidem
1520 2329 1558 2389 ad
1583 2330 1707 2390 Terram
1733 2340 1819 2391 recta

458 2417 631 2490 attrahens,
665 2416 728 2476 sive
761 2417 789 2476 in
821 2416 1023 2477 contrarium:
1062 2435 1180 2494 semper
1214 2416 1260 2475 eis
1294 2416 1418 2477 infertur
1451 2419 1648 2479 attractoriae
1685 2418 1819 2481 Telluris

434 2506 561 2576 ,virtuti
587 2514 618 2566 et
641 2503 776 2583 aequalis
807 2504 945 2583 utrinque
973 2504 1036 2564 illio
1060 2504 1291 2582 praecurrendo,
1323 2505 1371 2565 liic
1395 2505 1553 2567 (ociando.
1602 2506 1763 2569 Violentus
1789 2527 1818 2569 u.

457 2602 558 2657 motus
583 2593 693 2672 lapidis
717 2611 774 2652 non
808 2611 882 2671 opus
915 2593 1007 2653 habet
1037 2592 1167 2671 lapidem
1202 2612 1324 2653 morene
1349 2604 1378 2653 nt
1414 2604 1559 2673 sequatur
1582 2595 1725 2669 Terram,
1750 2615 1817 2657 cum

459 2681 535 2761 lapis
560 2682 650 2743 etiam
675 2681 739 2741 sine
764 2680 895 2742 violento
919 2690 998 2742 motu
1022 2682 1144 2742 Terram
1168 2691 1323 2741 secuturus
1347 2683 1397 2754 sit,
1422 2684 1467 2741 cui
1499 2700 1552 2760 per
1575 2685 1718 2745 efflrrxum
1737 2684 1816 2745 adeo

460 2769 577 2831 fortiter
600 2778 649 2831 est
672 2776 896 2830 concatenatus.
936 2769 977 2829 Et
1006 2769 1103 2842 miror,
1130 2770 1302 2849 Tychonem
1322 2771 1457 2831 haesisse
1478 2771 1505 2830 in
1528 2772 1661 2833 violento
1684 2771 1818 2851 obliquo,

459 2877 524 2920 cum
558 2858 586 2918 in
620 2858 752 2920 violento
784 2858 1023 2937 perpendiculari
1057 2878 1124 2917 sese
1159 2858 1344 2937 expediverit
1378 2859 1461 2937 ipse:
1495 2879 1619 2940 cumque
1652 2859 1701 2921 lric
1734 2861 1817 2923 illius

460 2947 684 3008 fundamentum
707 2947 758 3008 sit.

547 3035 607 3097 Sed
632 3035 771 3116 objicitur·
795 3043 826 3095 et
855 3034 998 3095 violentia
1025 3035 1210 3095 occurrentis
1240 3035 1328 3096 medii
1355 3035 1381 3096 in
1407 3037 1482 3096 lmnc
1515 3036 1654 3097 modum:
1679 3038 1814 3114 Terram,

459 3125 531 3187 nulli
548 3125 644 3187 solido
665 3125 727 3186 orbi
753 3126 901 3195 innexam,
924 3123 1082 3202 palpamus
1107 3124 1261 3183 manibus:
1288 3124 1415 3203 undique
1431 3142 1536 3202 nempe
1562 3122 1690 3203 liquidus
1710 3129 1817 3191 aetlrer

457 3215 486 3274 iu
512 3214 634 3276 summis
660 3224 706 3273 est
732 3212 892 3282 montione,
919 3211 973 3271 snb
1000 3212 1083 3272 Luna
1108 3211 1216 3288 iringis,
1242 3212 1310 3291 quia
1334 3212 1373 3272 ibi
1398 3222 1534 3273 cometae
1559 3215 1723 3276 secundum
1749 3218 1816 3295 ple-

457 3320 574 3381 rosque,
600 3321 690 3380 supra
707 3303 821 3362 Lunam
836 3300 973 3364 mariano.
1000 3300 1069 3378 qnia
1085 3300 1123 3360 ibi
1141 3310 1275 3360 cometae
1296 3302 1456 3361 secundnm
1471 3302 1650 3382 Tyclronem,
1675 3305 1815 3386 utrinque

457 3390 619 3451 secundum
643 3409 738 3451 ineam
764 3389 955 3450 sententiam.
1002 3389 1110 3449 Nrrllns
1135 3389 1227 3467 igitur
1251 3408 1410 3467 corporeus
1434 3390 1514 3450 orbis
1539 3400 1594 3449 est.
1644 3391 1683 3452 Et
1708 3394 1814 3465 Terra,

457 3478 482 3538 si
507 3487 653 3551 movetur,
679 3487 814 3539 occurret
839 3476 949 3557 liquido
975 3477 1100 3537 aetheri.
1149 3480 1250 3557 Atque
1276 3478 1344 3539 hino
1368 3479 1486 3539 ridetur
1509 3479 1592 3557 sequi
1617 3480 1723 3558 ingens
1747 3484 1815 3543 vio·

458 3567 552 3627 lentie
567 3576 598 3627 et
617 3568 771 3645 impulsae,
797 3575 922 3627 naturae
947 3585 1043 3625 rernm
1063 3567 1241 3627 contrarius.
1280 3567 1461 3645 Respondes
1484 3567 1662 3646 tripliciter:
1686 3571 1815 3647 prinmrn

457 3673 512 3733 por
536 3655 721 3726 instantiam,
747 3655 824 3739 idem
849 3655 1009 3733 negotium,
1036 3656 1162 3715 eandem
1187 3674 1309 3715 causam
1330 3676 1398 3715 esse
1421 3656 1611 3734 planetarum
1635 3669 1814 3721 ceterorum.

456 3743 574 3805 Deinde
599 3753 830 3805 consentaneum
855 3753 912 3816 est,
938 3763 1040 3803 anrrnn
1066 3744 1232 3804 aetheriam
1257 3763 1316 3804 una
1333 3764 1398 3804 cnm
1423 3744 1520 3805 stellis
1545 3746 1618 3824 rapi,
1646 3766 1701 3807 uon
1728 3767 1816 3809 secus

457 3855 492 3893 nc
517 3832 632 3911 antiqui
666 3833 856 3893 crediderunt
885 3832 973 3893 orbes
1006 3832 1120 3893 solidos
1154 3833 1217 3910 rapi
1247 3852 1311 3892 cnm
1345 3832 1450 3893 stellis.
1496 3833 1575 3894 naeu
1610 3834 1704 3895 virtus
1739 3856 1816 3916 quae

457 3922 608 4000 planetam
634 3929 735 3982 movet
758 3940 794 3980 ex
819 3928 922 3981 centro
948 3939 1100 4005 corporeo,
1126 3940 1230 3999 nempe
1255 3942 1292 3981 ex
1316 3940 1439 3999 corpore
1455 3920 1545 3989 Solis,
1572 3932 1603 3982 ut
1622 3923 1706 3985 Mars
1732 3945 1816 3986 meus

456 4010 582 4088 probat,
617 4012 644 4070 in
680 4010 855 4071 circularem
886 4010 1060 4070 dillimditur
1091 4009 1336 4089 amplitudinem:
1374 4021 1608 4071 consentaneum
1634 4022 1682 4073 est
1713 4014 1814 4092 igitur,

456 4118 562 4178 rapere
594 4099 731 4179 quiequid
766 4098 881 4159 invenit
915 4098 1025 4159 circum
1063 4099 1162 4172 circa;
1206 4119 1273 4159 narn
1313 4105 1344 4160 et
1380 4099 1532 4176 planetam
1570 4101 1651 4179 rapit
1688 4101 1815 4163 ubieun-

456 4206 512 4266 que
540 4188 620 4249 illum
651 4188 764 4248 invenit
798 4188 907 4249 circum
937 4186 1026 4248 circa.
1080 4188 1196 4259 Tertio,
1228 4196 1308 4260 esto,
1339 4196 1372 4247 ut
1400 4187 1536 4265 quiescat
1560 4190 1697 4250 aetherio
1720 4209 1815 4264 aura;

455 4293 565 4353 operae
602 4276 729 4355 pretinm
767 4285 815 4337 est
852 4276 1047 4356 perpendere,
1094 4285 1207 4358 quanta
1244 4278 1285 4337 sit
1327 4277 1426 4337 futura
1462 4276 1522 4336 ista
1565 4277 1719 4341 violentia.
1782 4279 1815 4341 Si

456 4364 522 4443 quis
550 4364 578 4424 in
604 4382 698 4442 aquas
723 4366 878 4426 immersus
912 4375 1069 4442 cogeretur·
1102 4366 1255 4426 ambulare
1284 4383 1373 4443 snper
1398 4365 1517 4426 fundum
1542 4385 1657 4444 aquae,
1692 4368 1815 4440 dubium

456 4452 569 4513 nullum
593 4460 640 4512 est
665 4454 733 4531 quin
758 4454 993 4515 violentissimus
1018 4455 1059 4515 sit
1083 4464 1182 4514 motus
1208 4455 1332 4526 intuma,
1359 4453 1396 4512 ob
1421 4473 1516 4533 aquae
1541 4454 1759 4534 corpulentiam
1784 4466 1816 4517 et

455 4540 635 4602 crassitiem.
683 4543 848 4622 Propterea
871 4544 970 4622 pisces
996 4545 1119 4604 formam
1143 4541 1225 4618 nacti
1258 4550 1329 4601 sunt
1351 4543 1443 4603 motui
1467 4562 1520 4621 per
1545 4544 1599 4603 noe
1633 4545 1816 4606 elementum

454 4630 689 4693 convenientem.
738 4632 919 4710 incipientes
949 4654 977 4692 n.
1004 4653 1022 4691 a
1046 4650 1184 4691 mucrone
1209 4630 1353 4709 paulatim
1379 4630 1406 4689 in
1438 4632 1556 4710 longnrn
1582 4640 1717 4694 ventrem
1741 4653 1815 4714 por-

453 4719 598 4795 riguntur,
622 4720 678 4780 hoc
703 4720 853 4799 longiores
877 4729 909 4781 et
933 4719 1160 4792 attenuatiores,
1187 4738 1242 4799 quo
1267 4728 1337 4779 sunt
1360 4720 1535 4793 velociores,
1562 4731 1595 4781 ut
1618 4722 1696 4795 lucii,
1721 4742 1815 4801 prae-

454 4808 547 4868 dones
571 4808 792 4887 piscionlorum.
840 4809 934 4888 Finge
959 4808 1050 4887 igitur
1072 4827 1126 4887 per
1150 4824 1257 4887 aquam
1282 4816 1475 4887 stagnantem
1500 4818 1531 4869 et
1555 4828 1612 4869 non
1637 4821 1815 4890 sequentem

454 4896 508 4954 sed
531 4915 601 4964 rere
626 4904 818 4975 stagnantem
845 4900 872 4957 in
903 4917 961 4957 una
992 4897 1065 4958 hora
1088 4898 1192 4958 confici
1217 4897 1342 4958 milliare
1369 4896 1594 4967 Germanicum,
1630 4900 1742 4961 nullum
1767 4909 1817 4962 est

454 4984 584 5060 dubium,
611 4985 679 5066 quin
705 4985 939 5047 violentissimus
962 4985 1129 5048 hiornotus
1152 4988 1193 5049 sit
1213 4989 1348 5048 futurus:
1374 5005 1469 5066 nequo
1493 4988 1657 5050 manebunt
1676 4988 1815 5067 integrae¹
