4584 6192
409 549 475 618 504
1017 518 1165 598 bananiae

414 725 641 791 rationabilium
665 722 883 784 nobilissimae.
922 721 1077 792 Quomodo
1107 702 1319 800 igitur'omnia
1343 732 1467 803 propter
1490 727 1670 796 homiuem?
1695 736 1791 809 Quo.

411 816 503 878 modo
528 833 582 874 nos
608 812 719 873 domini
743 830 865 889 operum
890 811 971 869 Dei?

502 903 633 963 Difficile
659 909 706 960 est
729 900 837 959 nodum
862 899 938 958 linnc
964 897 1123 975 expedire,
1149 916 1184 956 eo
1209 899 1285 975 quod
1311 899 1441 960 nondum
1466 905 1585 978 omnia,
1618 928 1700 987 quae
1727 914 1789 979 huc

407 992 582 1072 pertinent,
619 991 775 1066 explorata
808 988 968 1060 habemus,
1006 999 1037 1045 ut
1070 985 1251 1045 temeritatis
1286 997 1390 1047 iiotam
1424 990 1473 1049 rix
1502 994 1658 1073 eflugituri
1684 1002 1788 1067 simus

408 1081 505 1142 multa
529 1080 565 1139 de
590 1080 647 1139 hac
675 1075 851 1155 quaestione
876 1075 1059 1135 disserendo.

495 1167 566 1229 Non
590 1166 722 1227 reticebo
747 1172 858 1235 tamen,
885 1183 959 1242 quae
985 1162 1056 1223 mihi
1080 1161 1287 1240 philosophica
1310 1163 1468 1225 videantur
1506 1182 1694 1247 argumenta
1719 1180 1782 1240 ad.

410 1255 479 1319 duci
503 1273 609 1334 posse,
640 1253 745 1332 quibus
761 1252 933 1314 obtineatur
957 1271 1013 1312 non
1039 1261 1155 1310 tantum
1181 1249 1209 1309 iu
1234 1270 1342 1326 genere
1369 1262 1525 1332 utsupra,
1552 1258 1610 1318 lroc
1636 1274 1785 1341 systema

405 1344 616 1424 planetarum,
641 1342 670 1401 in
696 1360 818 1420 quorum
842 1361 899 1400 uuo
924 1361 977 1400 nos
1002 1340 1135 1399 homines
1161 1356 1313 1398 versamur
1337 1339 1366 1399 in
1382 1344 1543 1421 praecipuo
1568 1351 1674 1410 mundi
1700 1356 1782 1432 sinu,

409 1431 495 1495 circa
518 1449 569 1491 cor
588 1430 697 1497 mundi,
714 1429 815 1491 Solem
840 1448 954 1506 nempe,
979 1427 1110 1503 versari3
1134 1427 1188 1485 sed
1217 1427 1309 1486 etiam
1329 1427 1357 1487 in
1377 1431 1476 1507 specie
1502 1452 1556 1491 nos
1581 1436 1725 1503 homiues
1751 1445 1782 1506 in

408 1539 444 1582 eo
468 1519 559 1599 globo
583 1518 708 1589 versari,
733 1518 781 1596 qui
802 1526 957 1578 creaturae
982 1514 1155 1578 rationabili
1178 1514 1337 1593 primariae
1358 1528 1389 1577 et
1404 1519 1610 1584 nobilissimae
1633 1530 1690 1598 (ex
1707 1551 1781 1594 cor.

405 1609 523 1690 poreis)
548 1607 636 1686 plane
662 1606 795 1666 debetur.

494 1695 608 1756 Prioris
633 1694 776 1755 affirmati
802 1694 838 1754 de
862 1692 966 1753 intimo
991 1692 1057 1752 sinu
1081 1692 1181 1751 mundi
1204 1692 1271 1751 vide
1296 1704 1474 1771 argumenta
1503 1717 1596 1776 supra
1620 1723 1641 1762 a
1666 1708 1776 1769 multi-

406 1784 509 1847 tudiue
540 1783 681 1855 fixarum,
713 1802 788 1861 quae
818 1801 871 1861 pro
904 1801 984 1841 muro
1016 1781 1091 1840 lianc
1121 1781 1217 1839 sinum
1248 1790 1330 1840 certo
1356 1783 1488 1857 vallant,
1525 1796 1557 1846 et
1581 1810 1601 1848 a
1625 1792 1776 1859 claritate

407 1873 506 1934 nostri
529 1870 612 1933 Solis
635 1891 707 1949 prae
731 1871 807 1930 furis.
855 1868 971 1939 Quibus
997 1869 1073 1928 adde
1097 1870 1153 1929 hoc
1177 1869 1319 1943 tertium,
1355 1872 1432 1949 quod
1455 1873 1526 1934 milri
1552 1876 1638 1937 hisce
1665 1883 1776 1947 diebus

406 1960 559 2040 expressit
578 1959 778 2020 Wackherius
802 1959 979 2036 silentioque
1004 1958 1173 2018 consentire
1207 1957 1288 2017 risus
1322 1972 1378 2019 est.
1428 1959 1606 2026 Geometria
1642 1989 1706 2032 una
1741 1986 1775 2037 et

404 2058 531 2112 aeterna
554 2057 620 2122 est,
647 2048 675 2108 in
700 2057 800 2109 mente
825 2046 882 2108 Dei
907 2047 1077 2125 refulgens,
1110 2047 1193 2124 cujus
1218 2048 1398 2108 consortium
1424 2050 1595 2114 homiuibus
1621 2058 1774 2126 tributum

402 2138 481 2201 inter
504 2157 614 2199 causas
638 2147 695 2209 est,
720 2156 772 2198 cnr
796 2138 883 2198 homo
908 2137 949 2196 sit
972 2137 1070 2213 imago
1095 2136 1162 2195 Dei.
1211 2136 1244 2195 ln
1274 2138 1439 2212 geometria
1464 2158 1534 2200 sero
1560 2143 1730 2221 figurarum
1754 2174 1774 2215 a

401 2227 492 2308 globo
515 2226 769 2307 perfectissimum
793 2235 842 2285 est
865 2244 957 2303 genus
982 2243 1109 2301 corpora
1133 2224 1260 2302 quinque
1286 2226 1439 2287 Eucliden.
1486 2230 1537 2290 Ad
1563 2231 1672 2296 borum
1698 2258 1772 2303 reru

401 2334 536 2379 nonnam
561 2323 593 2376 et
616 2315 811 2395 archetypum
835 2314 1014 2374 distributus
1039 2322 1086 2373 est
1110 2313 1158 2372 nic
1186 2323 1290 2373 noster
1313 2316 1439 2376 inundus
1468 2318 1670 2395 planetarius.
1721 2329 1772 2391 Da

399 2404 492 2484 igitur
515 2403 645 2464 infinitos
670 2422 737 2464 esse
762 2402 888 2463 mundos
922 2402 1016 2472 alios,
1051 2401 1071 2461 ii
1100 2410 1154 2461 aut
1177 2402 1340 2462 dissimiles
1365 2416 1451 2466 erunt
1475 2406 1564 2485 liujus
1589 2414 1690 2475 nostri
1716 2428 1771 2481 aut

400 2492 524 2555 similes.
568 2491 691 2554 Similes
715 2511 772 2552 non
798 2491 918 2553 dixeris.
953 2491 1032 2552 liam
1057 2490 1103 2550 cui
1128 2491 1205 2550 bono
1230 2492 1346 2564 infiniti,
1372 2493 1398 2552 si
1423 2514 1497 2553 unus
1522 2499 1651 2578 quisque
1677 2503 1709 2565 iu
1735 2528 1768 2568 se

397 2579 616 2663 perlectionem
640 2599 756 2642 omnem
780 2580 893 2640 babet?
934 2579 1027 2639 Aliud
1051 2579 1128 2639 enim
1154 2589 1203 2639 est
1227 2580 1262 2639 de
1288 2581 1433 2641 creaturis
1457 2586 1668 2660 generationis
1693 2613 1767 2657 suc.

400 2670 537 2732 cessione
560 2668 752 2747 perennibus.
799 2668 841 2727 Et
863 2668 982 2728 Brunus
1007 2668 1085 2745 ipse,
1111 2668 1252 2729 defensor
1276 2669 1447 2743 infinitatis,
1482 2685 1604 2748 censet,
1640 2679 1765 2745 differre

401 2766 540 2839 oportere
564 2757 698 2836 singulos
723 2777 741 2816 a
765 2756 889 2834 reliquis
914 2757 1038 2817 totidem
1063 2766 1197 2817 motuum
1222 2759 1392 2834 generibus.
1442 2758 1475 2820 Si
1505 2764 1659 2839 motibus,
1692 2790 1765 2851 ergo

395 2853 429 2908 et
450 2845 630 2920 intervallis,
655 2863 731 2923 quae
755 2845 876 2922 pariunt
898 2854 1031 2906 motuum
1047 2845 1198 2923 periodos.
1246 2844 1280 2906 Si
1296 2845 1473 2922 intervallis,
1500 2869 1572 2929 ergo
1597 2862 1631 2914 et
1645 2856 1764 2937 figura-

394 2952 460 2997 rum
483 2934 595 3007 ordine,
620 2952 739 3013 genere,
765 2933 960 3010 perfectione,
985 2953 1022 2994 ex
1047 2934 1154 3012 quibus
1179 2934 1340 2996 intervalla
1364 2937 1513 2998 desumta.
1557 2940 1712 3024 Adeoque
1737 2950 1764 3010 si

393 3023 521 3085 mundos
545 3022 673 3084 invicem
696 3020 811 3082 similes
835 3032 987 3084 statueres
1011 3042 1065 3101 per
1090 3023 1200 3093 omnia,
1226 3033 1380 3085 creaturas
1405 3027 1497 3087 etiam
1517 3028 1627 3091 feceris
1644 3035 1763 3099 similes

393 3120 427 3174 et
451 3111 577 3173 totidem
598 3110 763 3184 Galilaeos,
790 3130 868 3171 nova
892 3112 993 3173 sidera
1017 3112 1045 3172 in
1071 3112 1156 3171 novis
1181 3112 1297 3172 mundis
1322 3113 1536 3191 observanteS,
1571 3131 1646 3197 quot
1671 3143 1760 3188 mun·

393 3199 460 3262 dos.
507 3200 543 3261 ld
567 3209 668 3261 autem
693 3198 737 3259 eui
762 3199 864 3260 bono?
906 3199 985 3270 Quin
1010 3200 1110 3278 potius
1135 3220 1276 3261 cavemus
1302 3222 1360 3262 une
1384 3205 1485 3279 verbo,
1511 3225 1547 3265 ne
1572 3226 1759 3289 progressus

391 3288 447 3351 fiat
468 3288 498 3351 in
522 3289 686 3361 inlinitum,
713 3289 790 3367 quod
811 3288 958 3367 recipiunt
971 3289 1157 3369 philosophi:
1184 3308 1249 3349 curn
1270 3293 1455 3353 essentiatur
1477 3311 1662 3373 progressus
1687 3321 1757 3365 rer.

393 3396 446 3439 sus
469 3377 585 3437 minora
609 3378 718 3452 finitus,
744 3396 796 3437 cur
819 3397 877 3437 non
903 3389 933 3438 et
957 3397 1061 3438 versus
1086 3379 1226 3456 majora?
1251 3379 1327 3438 Esto
1352 3382 1428 3441 eninr
1454 3383 1587 3461 sphaera
1611 3388 1758 3466 fixarum3

391 3464 477 3545 hujus
502 3484 573 3545 pars
597 3468 674 3526 forte
700 3475 746 3525 ter
775 3466 933 3526 millesima
958 3467 1083 3527 Saturni
1117 3468 1267 3545 sphaera,
1303 3469 1389 3547 liujus
1423 3471 1494 3531 item
1528 3473 1649 3537 decima
1684 3500 1756 3558 pars

389 3553 520 3616 Telluris
539 3556 680 3635 sphaera,
705 3554 835 3615 Telluris
857 3575 944 3632 porro
970 3558 1131 3617 tercenties
1157 3556 1315 3616 millesima
1335 3559 1472 3620 diametri
1498 3561 1597 3635 bomo,
1625 3566 1756 3631 hominis

386 3644 506 3706 tantula
541 3664 611 3724 pars
641 3643 794 3720 cuniculus
823 3644 1035 3706 subcutaneus.
1083 3646 1140 3705 llic
1170 3645 1305 3705 sistimus
1336 3667 1389 3707 ricc
1422 3650 1616 3726 progreditur
1642 3666 1755 3720 natura

389 3732 428 3793 ad
457 3732 582 3795 minora.
635 3734 801 3811 Pergamus
836 3732 926 3811 igitur
955 3735 993 3793 ad
1025 3735 1152 3794 alterum
1186 3736 1349 3796 rriernbrum
1381 3737 1582 3799 dilemmatis:
1617 3745 1682 3806 sint
1713 3747 1755 3809 illi

388 3820 497 3884 infiniti
520 3821 622 3884 muudi
652 3821 813 3881 dissimiles
845 3822 959 3882 nostri:
994 3822 1062 3882 aliis
1091 3823 1181 3899 igitur
1205 3843 1292 3902 quani
1324 3827 1466 3903 perfectis
1491 3827 1510 3887 ὀ
1535 3828 1640 3906 liguris
1667 3847 1756 3897 eruut
1794 3901 1802 3920 ,

388 3911 536 3986 exornati,
563 3910 755 3990 ignobiliores
780 3909 871 3988 igitur
887 3911 941 3970 hoc
956 3921 1080 3972 nostro:
1107 3912 1183 3971 unde
1199 3913 1361 3986 conficitur,
1379 3923 1412 3975 nt
1426 3924 1530 3976 noster
1549 3918 1597 3978 bic
1622 3926 1752 3986 muudus

386 3999 429 4062 sit
452 3999 570 4061 illomm
594 3999 732 4073 omnium,
757 3997 783 4059 si
806 3999 906 4076 plures
931 4010 1043 4074 esseut,
1069 4001 1358 4078 praestantissimus.
1401 4004 1545 4065 Dicamus
1566 4008 1634 4085 jam
1662 4014 1752 4075 etiam

387 4088 454 4161 hoo,
479 4108 530 4149 cur
545 4088 647 4149 Tellus
662 4088 752 4167 globo
767 4088 856 4148 Jovio
872 4096 1009 4166 praestet
1024 4090 1196 4167 digniorque
1213 4090 1252 4150 sit
1268 4092 1447 4153 dominantis
1472 4105 1631 4157 creaturae
1651 4104 1750 4165 sedes,

475 4174 530 4237 Sol
555 4176 672 4255 quidem
697 4176 726 4236 iu
751 4185 853 4237 centro
883 4178 982 4237 mundi
1008 4187 1069 4251 est,
1100 4197 1150 4238 cor
1174 4179 1275 4239 nrurrdi
1300 4189 1360 4255 est,
1392 4184 1457 4242 lons
1486 4184 1560 4244 lucis
1587 4198 1653 4261 est,
1684 4193 1750 4253 lons

382 4262 504 4340 caloris,
531 4265 613 4344 origo
638 4267 720 4326 vitae
744 4274 900 4345 motusque
925 4266 1065 4327 mundani
1090 4276 1146 4327 est.
1195 4270 1240 4328 At
1265 4270 1381 4330 ridetur
1405 4272 1493 4333 homo
1524 4293 1622 4353 aequo
1649 4281 1749 4343 auimo

381 4352 433 4415 illo
466 4352 572 4415 throno
603 4355 691 4432 regio
721 4354 874 4415 abstinere
908 4355 1027 4418 debere.
1076 4353 1200 4417 Coelum
1233 4358 1309 4418 coeli
1332 4359 1476 4428 Domino,
1501 4361 1567 4422 Soli
1593 4365 1747 4444 justitiae,

381 4440 506 4502 Terram
531 4452 633 4504 autem
658 4442 742 4504 dedit
765 4442 833 4503 filiis
858 4443 1019 4504 hominum.
1066 4446 1145 4505 b'ain
1170 4445 1228 4505 etsi
1248 4448 1330 4507 Deus
1356 4467 1462 4526 corpus
1488 4471 1546 4510 non
1572 4453 1669 4518 babet
1692 4478 1747 4520 uec

381 4528 555 4592 habitaculo
580 4530 712 4611 indiget,
739 4532 767 4591 in
788 4530 858 4591 Sole
883 4539 985 4594 tamen
1012 4536 1060 4605 (ut
1083 4534 1197 4612 passim
1220 4553 1274 4612 per
1298 4537 1477 4614 scripturam
1498 4539 1527 4600 in
1552 4543 1653 4617 coelo)
1677 4550 1747 4625 plus

382 4620 496 4682 exserit
519 4620 654 4694 virtutis,
681 4641 739 4700 qua
762 4621 889 4682 mundus
913 4623 1111 4700 gubernatur,
1137 4641 1224 4700 quani
1251 4624 1279 4683 in
1303 4625 1401 4703 globis
1425 4629 1545 4689 ceteris
1585 4633 1748 4711 Agnoscat

382 4706 476 4786 igitur
499 4709 587 4770 homo
611 4708 704 4787 ipsius
729 4710 821 4770 etiam
844 4710 1009 4771 habitaculi
1033 4710 1078 4771 sui
1108 4710 1302 4774 distinctione
1331 4734 1417 4775 snam
1446 4716 1662 4796 indigentiam,
1687 4726 1745 4788 Dei

381 4794 619 4872 abundantiam3
650 4807 806 4875 agnoscat,
831 4818 946 4860 senon
970 4819 1037 4861 esse
1063 4800 1176 4861 iontem
1200 4810 1231 4862 et
1254 4802 1397 4880 originem
1432 4816 1555 4868 ornatus
1588 4814 1744 4891 mundani,

379 4885 438 4946 sed
462 4907 482 4948 a
504 4886 587 4948 fonte
612 4894 643 4947 et
667 4887 705 4948 ab
730 4887 844 4967 origine
868 4906 941 4948 vera
974 4889 1151 4966 dependere.
1199 4891 1287 4951 Adde
1313 4901 1345 4952 et
1374 4894 1430 4954 hoc
1464 4897 1542 4974 quod
1567 4898 1596 4959 in
1623 4899 1744 4980 Opticis

378 4971 458 5049 dixi,
484 4974 747 5053 contemplationis
780 4995 889 5049 causa,
924 4977 963 5036 ad
991 4996 1081 5056 quam
1113 4977 1201 5040 homo
1238 4980 1336 5041 sactus
1367 4982 1519 5062 oculisque
1553 4997 1680 5051 ornatus
1713 5001 1744 5055 et

379 5060 546 5125 instructus
570 5073 628 5138 est,
653 5083 711 5126 uon
736 5065 871 5144 potuisse
900 5064 1049 5126 bominem
1073 5064 1103 5125 iu
1127 5077 1230 5128 centro
1262 5069 1428 5146 quiescere,
1458 5072 1513 5133 sed
1543 5088 1685 5153 oportere
1711 5091 1743 5144 ue
