4584 6192
467 607 531 679 608
888 611 988 662 Literae
1006 611 1109 675 Kepleri
1127 610 1277 678 aliorumque
1296 620 1398 664 mutuae

467 811 483 851 e
507 790 619 852 foetido
643 790 743 852 fimeto
767 789 941 867 collegerit:
971 787 1064 850 libelli
1089 788 1242 866 exemplar
1265 788 1305 850 ad
1327 786 1359 850 S.
1383 789 1426 852 M.
1453 791 1525 851 Vm
1562 788 1822 856 transmitterem:

466 880 600 959 polliceri
625 880 732 959 quippe
757 898 789 938 se
814 877 1031 958 quodammodo
1055 877 1175 946 audere,
1200 876 1539 942 ramereslevo
1569 899 1627 939 non
1653 880 1822 959 ingratam:

466 967 601 1047 Eamque
635 968 818 1028 admonitam
847 965 904 1026 hac
936 966 1071 1041 diligenti
1105 964 1296 1026 distinctione
1329 967 1408 1028 inter
1437 985 1533 1046 nugas
1564 968 1771 1048 astrologicae
1794 978 1824 1032 et

467 1066 606 1117 naturam
630 1075 735 1129 rerum,
761 1074 848 1134 quam
873 1054 901 1115 in
923 1054 1023 1115 libello
1047 1072 1113 1114 meo
1137 1055 1289 1133 proposui,
1313 1057 1418 1134 procul
1436 1057 1525 1118 dubio
1541 1064 1571 1117 et
1584 1058 1699 1136 Ipsam,
1726 1058 1824 1120 divisa

467 1163 610 1206 censurae
635 1163 707 1206 suae
731 1145 892 1218 sententia,
917 1161 1017 1204 secum
1040 1142 1129 1221 paulo
1156 1142 1308 1204 liberalius
1332 1144 1369 1203 de
1393 1146 1567 1225 sympathia
1595 1154 1727 1207 naturae
1751 1147 1822 1209 sub-

468 1233 580 1293 lunaris
612 1251 678 1293 cum
708 1232 870 1293 harmoniis
903 1231 1085 1292 coelestibus
1104 1239 1308 1296 ,statuturam
1356 1233 1550 1303 (Proierebat
1581 1233 1757 1313 exemplum
1789 1256 1824 1297 ex

469 1321 565 1400 lpsius
590 1319 621 1382 S.
645 1321 688 1381 M.
713 1322 753 1383 V.
778 1321 855 1381 libro
880 1321 916 1380 de
941 1317 1090 1398 Sagarum
1115 1320 1270 1380 examine:
1296 1339 1361 1381 cum
1386 1321 1463 1383 enirn
1488 1321 1728 1401 experimentum
1754 1323 1824 1385 iliud

467 1428 521 1488 per
544 1415 681 1469 natatum
705 1410 733 1471 io
759 1409 845 1488 aquis
869 1408 1002 1489 plerique
1027 1427 1129 1468 ornnes
1154 1415 1326 1487 suspectum
1356 1409 1511 1472 habeant:
1542 1410 1697 1473 inventam
1722 1419 1822 1473 tamen

468 1516 535 1558 esse
564 1517 583 1557 a
609 1495 643 1559 S.
668 1497 710 1559 M.
735 1497 777 1558 V.
810 1497 957 1558 rationem
991 1496 1100 1557 ceteris
1133 1496 1337 1574 inopinatam,
1371 1517 1431 1576 qua
1463 1499 1659 1577 experimenti
1694 1491 1827 1563 firmetur

468 1585 643 1646 auctoritas.
698 1584 819 1656 Quanto
857 1585 954 1663 magis
991 1584 1069 1644 idem
1102 1585 1283 1661 sperandum
1320 1586 1401 1646 circa
1437 1587 1579 1648 nonnulla
1615 1589 1826 1666 experimenta

469 1673 669 1751 astrologica:
701 1674 750 1735 ubi
775 1692 832 1733 nou
856 1682 890 1734 ut
917 1673 945 1734 in
973 1673 1039 1752 jarn
1072 1673 1204 1750 allegato
1238 1674 1375 1751 exemplo
1404 1675 1442 1735 ad
1472 1695 1561 1736 sacra
1593 1676 1696 1754 adque
1731 1677 1825 1755 ipsum

467 1762 564 1823 Deum
589 1762 769 1836 immediate,
795 1762 849 1822 sed
873 1761 911 1821 ad
936 1761 1081 1840 quaedam
1107 1768 1233 1821 naturae
1257 1779 1369 1821 arcana
1399 1762 1544 1825 hactenus
1568 1764 1617 1825 rel
1643 1764 1671 1825 in
1699 1765 1826 1828 solidum

469 1850 609 1929 neglecta
633 1850 678 1911 vel
701 1860 897 1930 praepostere
921 1868 1069 1930 perpensa
1092 1849 1342 1928 provocatur.)*)

558 1936 647 2008 Quod
670 1938 856 2017 amplissimo
879 1938 943 1999 viro
967 1938 1088 2016 placuit,
1114 1956 1179 1997 curu
1194 1938 1224 1998 id
1240 1959 1258 1998 a
1276 1940 1369 2029 multo
1389 1939 1453 2017 jam
1477 1946 1611 2016 tempore
1640 1940 1824 2014 facturirem,

470 2027 500 2088 id
524 2027 580 2087 hac
604 2027 678 2097 vice,
703 2026 901 2088 Serenissime
920 2026 997 2098 Rex,
1023 2026 1160 2087 effectum
1185 2026 1272 2087 dedi:
1298 2026 1429 2088 libellum
1453 2027 1530 2088 hunc
1554 2047 1609 2107 per
1631 2038 1824 2107 praesentem

471 2105 635 2178 Caesaris'
654 2116 884 2177 Procuratorem
926 2115 963 2175 ad
1002 2113 1033 2175 S.
1067 2115 1110 2174 M.
1142 2114 1217 2173 Vm
1259 2115 1470 2176 venerabundo
1509 2116 1608 2177 auimo
1651 2117 1824 2179 transmitto

470 2201 566 2283 Eique
599 2221 637 2264 ex
670 2223 705 2264 eo
737 2203 928 2282 potissimum
962 2202 1063 2281 Caput
1094 2202 1121 2265 7.
1146 2199 1176 2265 8.
1203 2200 1233 2266 9.
1261 2202 1311 2267 10.
1341 2201 1393 2267 28.
1425 2200 1478 2267 29.
1513 2204 1703 2281 astrologiae
1735 2224 1824 2267 cause

471 2294 665 2367 commendo;
690 2311 757 2352 nam
782 2311 819 2352 ex
842 2289 873 2353 2.
895 2288 925 2354 3.
942 2288 972 2353 4.
990 2290 1019 2354 5.
1036 2288 1065 2351 6.
1090 2290 1170 2352 tituli
1195 2291 1264 2353 lecti
1288 2291 1446 2352 sufficient.
1484 2290 1532 2352 Ad
1553 2293 1823 2356 considerationem

469 2398 541 2441 vero
575 2381 683 2441 stellae
715 2380 810 2459 ipsius
846 2387 877 2441 et
909 2379 1123 2458 stupendarum
1154 2381 1444 2441 circumstantiarum
1478 2378 1579 2459 Caput
1609 2379 1636 2441 1.
1673 2390 1706 2460 et
1737 2390 1822 2464 typus

469 2468 587 2548 Capitis
606 2464 655 2531 14.
682 2468 753 2531 iolio
768 2464 822 2541 76,
846 2467 977 2547 itemque
1001 2465 1113 2546 Capita
1128 2465 1181 2530 25.
1198 2465 1249 2531 26.
1267 2468 1319 2532 27.
1345 2468 1552 2549 quaestionum
1575 2468 1822 2549 gravissimarum

469 2566 501 2619 et
523 2576 599 2637 quae
623 2577 720 2618 meum
744 2565 864 2636 captum
889 2564 1034 2637 superant
1055 2556 1240 2635 plenissima,
1266 2557 1393 2638 denique
1413 2554 1584 2635 capuceo.
1609 2560 1732 2638 proprie
1755 2577 1821 2639 per·

468 2645 573 2708 tinent.

556 2734 621 2796 Nec
644 2733 732 2810 plura
755 2731 812 2791 uisi
835 2737 869 2792 ut
892 2729 948 2792 See
979 2731 1021 2792 Mi
1056 2730 1118 2789 Ver
1149 2751 1195 2793 me
1219 2751 1346 2812 meaque
1369 2731 1483 2806 studia,
1508 2752 1586 2812 quae
1610 2754 1705 2815 super
1727 2734 1821 2815 magui

467 2822 547 2884 illius
561 2821 674 2882 Brahei
697 2820 925 2881 observationes
942 2827 1075 2893 exstruo,
1101 2840 1189 2902 quam
1212 2831 1315 2900 potest
1337 2822 1400 2883 fieri
1424 2821 1655 2900 diligentissime
1680 2833 1712 2886 et
1735 2823 1819 2886 obse-

468 2909 655 2991 quiosissime
679 2909 893 2970 commendem.

555 2998 647 3059 Faxit
669 2997 751 3058 Deus
772 2996 844 3076 Opt.
865 2998 948 3057 Max.
973 3006 1007 3058 ut
1031 2996 1063 3058 S.
1077 2996 1119 3057 M.
1137 2996 1187 3056 Va
1219 3016 1255 3058 ea
1279 2995 1425 3059 felicitate
1448 2995 1640 3061 Britanniam
1665 2999 1816 3079 gubernet,

470 3105 507 3147 ne
538 3105 667 3166 unquam
700 3087 886 3164 negotiorum
926 3085 1004 3146 mole
1043 3104 1189 3165 oppressa
1229 3084 1436 3165 philosophiae
1472 3087 1644 3149 valedicere
1691 3096 1817 3167 cogatur.

467 3175 551 3237 Idem
576 3173 609 3236 S.
634 3176 677 3235 M.
699 3174 769 3233 Vae.
797 3173 899 3235 studia
922 3174 1051 3253 incepta,
1075 3173 1200 3252 imperia
1224 3174 1483 3255 cogitationesque
1506 3177 1545 3237 ad
1567 3176 1731 3239 Ecclesiae
1755 3193 1817 3236 suae

468 3263 641 3324 difficillime
656 3263 841 3323 renascentis
864 3261 1113 3342 tranquillitatem
1139 3262 1445 3343 emendationemque,
1470 3264 1509 3325 ad
1528 3264 1616 3345 Reip.
1634 3264 1816 3329 Christianae

467 3350 711 3424 incolumitatem,
738 3350 979 3412 atsubditorum
1003 3369 1160 3429 regnorum
1185 3352 1313 3413 salutem
1337 3350 1458 3431 dirigat.
1831 3337 1838 3356 ⁸

905 3437 1019 3500 Sacrae
1044 3439 1220 3518 Majestatis
1245 3439 1378 3499 Vestrae

1174 3527 1458 3606 obsequiosissimus
1483 3535 1514 3588 et
1537 3529 1781 3609 subjectissimus

1375 3616 1563 3698 arreptor,

1212 3699 1244 3762 S.
1271 3699 1361 3765 Caes.
1386 3706 1452 3767 Mtte
1487 3706 1737 3769 Mathematicus.

555 3860 688 3925 Exemplar
705 3861 768 3917 libri.
787 3861 851 3926 Regi
872 3861 1043 3911 transmissum
1064 3860 1099 3908 sie
1118 3859 1242 3922 inscripsit
1258 3860 1400 3923 Keplerue:

807 3956 965 4043 negt
1000 3954 1479 4041 philosophanti

962 4070 1164 4149 Philosophus
1193 4070 1327 4130 serviens

993 4177 1119 4238 Platoni
1141 4177 1294 4253 Diogenes

872 4281 1127 4342 Britannias
1165 4281 1413 4361 possidenti

786 4389 904 4465 Pragae
929 4386 1038 4468 stipem
1068 4388 1243 4448 mendicans
1267 4388 1305 4449 ab
1328 4386 1504 4448 Alexandro

972 4491 997 4551 Ε
1021 4492 1109 4553 Dolio
1134 4493 1317 4555 conductitio

727 4599 783 4658 hoe
808 4618 892 4659 suum
916 4598 1143 4677 philosophema
1167 4599 1249 4660 misit
1272 4605 1304 4661 et
1328 4595 1557 4660 commendavit.

555 4722 642 4772 Finem
661 4722 741 4772 iaciat
757 4720 846 4770 harum
873 4722 1000 4771 literarum
1027 4722 1235 4787 praelationisque
1263 4728 1363 4772 nostrae
1390 4721 1465 4783 ipsius
1486 4718 1672 4777 „iudicium
1690 4714 1811 4786 Kepleri

465 4792 729 4858 Astrologicum¹⁴
749 4793 813 4856 quod
833 4792 880 4851 „de
909 4793 1037 4842 effectibus
1055 4791 1140 4843 Norae
1161 4793 1270 4843 Stellae“
1291 4793 1323 4843 ad
1341 4793 1518 4854 Imperatorem
1543 4789 1748 4857 Rudelphum
1768 4802 1811 4856 pm

465 4873 569 4936 scripsit.
606 4872 744 4934 Adecrlprit
761 4871 884 4935 Keplerus
902 4872 959 4921 huic
979 4871 1120 4934 „ludicio“:
1154 4864 1318 4943 Exemplar
1351 4862 1455 4941 scripti
1488 4863 1567 4941 quod
1599 4863 1697 4926 obtuli
1724 4862 1756 4927 S.
1783 4856 1811 4921 C.

466 4952 519 5012 Mei
562 4970 640 5012 auno
667 4946 759 5013 1606.
785 4970 888 5013 mense
911 4952 1014 5031 Majo..

501 5109 504 5114 .
555 5140 584 5205 *)
603 5141 740 5206 (Cancellis
757 5142 853 5194 inclusa
871 5143 923 5207 ipre
941 5142 1065 5208 Kepierm
1084 5140 1195 5206 delevit.)

793 5293 816 5324 Q
