4584 6192
994 555 1077 622 Osput
1094 556 1140 608 IV.
1165 554 1207 607 to.
1714 560 1780 628 223

420 732 510 799 nobis
532 731 562 794 in
584 732 717 795 veritate
737 733 801 811 jem
823 732 976 796 occiderit.
1023 733 1129 812 Pergit
1152 751 1224 795 vero
1249 711 1445 795 Waltlierus:
1489 745 1565 808 Quod
1599 747 1780 804 instrumento

422 824 593 880 armillarum
614 823 784 878 sensibiliter
804 824 915 892 caepim
942 823 1007 877 mihi
1033 825 1166 895 apparuit
1196 830 1344 895 antequam
1375 825 1563 894 perspectivas
1593 828 1720 883 Alhaaen
1750 838 1780 884 et·

423 902 579 958 Vitellianis
601 902 719 974 'luringi
740 903 868 966 viderim
898 904 1044 974 inquibus
1073 911 1174 973 postea
1194 905 1246 958 hcc
1271 905 1441 959 declaratum
1471 907 1505 959 ad
1531 923 1649 976 unguem
1678 910 1778 979 reperi.

424 982 510 1046 Idem
523 981 660 1062 Tychcni
673 982 793 1043 Braheo
816 982 936 1055 accidit,
963 991 996 1043 ut
1019 983 1216 1045 reflectiones
1241 983 1384 1045 luminum
1399 983 1661 1060 animadverteret,
1676 989 1777 1066 prius-

423 1090 510 1151 quam
533 1071 582 1132 vel
597 1071 652 1131 hos
667 1071 784 1150 opticus
807 1072 855 1132 vel
871 1071 1022 1132 Waltheri
1047 1072 1170 1133 inventa
1190 1072 1328 1150 legisset,
1355 1081 1388 1133 ut
1412 1080 1543 1134 testatur
1564 1074 1639 1134 libro
1654 1076 1678 1135 l.
1701 1076 1779 1138 Pro·

422 1169 666 1241 gymnasmatum
689 1159 739 1221 fol.
765 1156 818 1221 91.
844 1157 1044 1235 Occasionee‚
1071 1160 1177 1240 quibus
1202 1160 1257 1221 has
1287 1161 1448 1235 invenerit,
1482 1161 1550 1223 vide
1574 1163 1679 1224 eodem
1703 1163 1778 1226 libro

423 1245 545 1311 s01.15.
570 1256 603 1310 et
625 1249 731 1310 eodem
754 1245 806 1311 91.
841 1247 943 1319 Quare
967 1256 1053 1311 tanto
1076 1250 1145 1328 plus
1169 1249 1236 1310 fidei
1260 1257 1392 1311 meretur
1414 1259 1554 1329 uterque,
1581 1252 1658 1330 quod
1682 1252 1778 1331 ignari

424 1345 456 1399 et
477 1337 569 1400 nullis
593 1338 733 1417 occupati
756 1338 949 1416 praejudiciis
974 1338 1030 1399 hoc
1055 1339 1098 1400 ita
1122 1358 1155 1401 se
1180 1339 1289 1400 habere
1314 1338 1581 1417 deprehenderent.
1611 1341 1677 1401 Hoc
1701 1333 1778 1403 enirn

424 1425 562 1489 recitans
586 1433 649 1502 est,
680 1426 808 1487 diversis
832 1426 990 1488 convenire
1015 1427 1082 1488 viis.
1130 1425 1272 1506 Sequitur
1296 1428 1324 1488 iu
1348 1427 1525 1500 walthero,
1556 1428 1661 1508 quibus
1687 1447 1778 1492 occa·

425 1515 558 1578 sionibus
587 1515 652 1596 ipse
682 1515 710 1576 in
734 1515 821 1594 hujus
845 1516 887 1576 rei
912 1516 1051 1577 notitiam
1071 1516 1200 1578 uenerit.
1247 1527 1301 1581 Sed
1329 1530 1363 1582 ad
1393 1527 1552 1597 mgiendam
1573 1527 1669 1581 lunae
1690 1528 1778 1583 direr-

425 1607 534 1661 sitatem
556 1613 688 1676 aspectus
710 1605 794 1659 etiam
820 1608 925 1661 modum
947 1607 1100 1661 Ptolemaei
1122 1607 1245 1676 capitulo
1267 1610 1386 1662 secundo
1407 1608 1531 1661 dictionis
1553 1606 1689 1676 septimae
1709 1625 1778 1665 exa·

428 1695 542 1750 ninsri:
566 1685 613 1758 (id
637 1693 693 1758 est,
719 1685 848 1759 occasio,
873 1704 949 1765 quae
974 1685 1044 1747 mihi
1060 1686 1258 1748 refractiores
1272 1686 1415 1759 ostendit,
1440 1686 1514 1747 haec
1533 1684 1597 1747 suit.
1633 1685 1724 1748 Erant
1748 1688 1778 1749 in

426 1794 475 1848 eo,
499 1782 534 1837 nt
557 1774 746 1854 explorarem
771 1774 993 1849 instrumentis,
1025 1794 1177 1855 quousque
1201 1775 1230 1836 in
1258 1776 1400 1855 ecliptica
1422 1775 1643 1854 processissent
1670 1775 1778 1837 stellae

425 1864 500 1925 fixae
524 1883 593 1925 mea
616 1869 730 1925 aetate.
777 1862 886 1924 Modus
914 1864 970 1925 hoc
994 1864 1170 1943 explorandi
1195 1864 1355 1926 facillimus
1378 1864 1426 1925 hic
1451 1871 1515 1938 est,
1545 1863 1570 1923 si
1604 1863 1777 1926 verissimus

425 1953 508 2015 locus
531 1953 637 2014 Lunae
661 1971 680 2013 a
702 1950 774 2014 Sole
798 1971 850 2013 seu
875 1952 913 2014 ab
941 1952 1131 2032 aequinoctio
1160 1973 1197 2013 ex
1225 1954 1340 2020 calculo
1374 1954 1412 2014 ad
1442 1952 1566 2032 quodvis
1595 1962 1777 2016 momentum

424 2040 522 2122 possit
544 2041 699 2122 depromi:
734 2049 803 2102 tunc
827 2041 1004 2121 inspiciatur
1027 2061 1062 2103 eo
1085 2049 1254 2115 momento,
1278 2043 1385 2121 quibus
1409 2061 1476 2102 cunr
1501 2040 1567 2102 fixis
1591 2041 1678 2103 Luna
1702 2059 1776 2104 con-

424 2130 589 2209 grediatur.
624 2130 688 2193 Aut
710 2137 825 2204 contra,
851 2131 877 2191 si
902 2149 959 2210 qua
983 2138 1066 2191 certa
1090 2126 1188 2191 noctis
1212 2129 1285 2192 hora
1308 2131 1395 2191 Luna
1418 2132 1507 2191 finam
1531 2131 1663 2210 aliquam
1681 2138 1778 2210 tegat,

424 2226 613 2300 computetur
636 2238 674 2279 ex
697 2218 865 2281 certissimo
889 2220 1005 2282 calculo
1030 2238 1117 2280 verus
1142 2219 1246 2282 Lunae
1278 2220 1361 2280 locus
1389 2217 1651 2298 abaequinoctio.
1698 2220 1781 2285 Nam.

426 2307 451 2370 is
466 2308 524 2371 erit
546 2316 580 2371 et
601 2326 690 2370 verus
715 2308 823 2370 stellae
847 2308 931 2370 locus
954 2309 992 2369 ab
1022 2308 1221 2388 aequinoctio.
1268 2308 1334 2369 Aut
1357 2306 1384 2368 si
1408 2308 1523 2369 calculo
1552 2306 1619 2388 quis
1647 2307 1776 2383 diffidat,

425 2396 637 2477 indiligenter
659 2396 811 2459 intueatur
834 2398 963 2459 medium
992 2397 1119 2475 alicujus
1143 2396 1264 2475 eclipsis
1289 2395 1418 2457 Lunaris
1442 2403 1584 2476 notatque
1615 2396 1778 2459 distantiae

426 2486 529 2549 Lunae
553 2508 574 2548 a
595 2485 664 2547 fixis
687 2486 804 2547 vicinis.
852 2485 904 2548 Sic
928 2485 1006 2547 enim
1030 2486 1155 2547 habebit
1178 2486 1354 2547 distantiam
1378 2484 1460 2547 Solis
1490 2484 1529 2545 ab
1562 2484 1623 2546 illis
1656 2486 1723 2548 fixis
1745 2493 1779 2548 et

424 2594 462 2637 ex
484 2574 644 2638 altitudine
668 2573 751 2636 Solis
775 2575 941 2636 meridiana
965 2585 996 2635 et
1021 2575 1178 2636 latitudine
1212 2574 1269 2636 loci
1293 2574 1417 2636 babebit
1440 2583 1471 2635 et
1494 2574 1672 2636 distantiam
1696 2573 1778 2653 Solis

425 2664 463 2726 ab
485 2663 677 2745 aequinoctio
701 2683 755 2744 per
778 2664 1010 2725 declinationem
1035 2665 1109 2743 ejus.
1158 2663 1259 2733 Quare
1283 2672 1315 2726 et
1338 2666 1462 2724 fixarurn
1487 2662 1607 2724 illarum
1630 2663 1780 2740 distantia

425 2752 677 2833 abaequinoctio
701 2747 830 2814 dabitur.
878 2754 935 2814 His
959 2754 1078 2833 quidem
1102 2753 1199 2813 modis
1224 2753 1311 2813 facile
1335 2753 1489 2831 negotium
1519 2752 1720 2831 expediretur,
1752 2751 1778 2816 si

423 2844 472 2905 rel
503 2850 592 2904 extra
621 2841 670 2903 vel
704 2842 733 2902 in
767 2841 871 2921 eclipsi
901 2861 989 2904 verus
1013 2842 1120 2903 Lunae
1147 2842 1230 2902 loeus
1267 2841 1371 2902 haberi
1408 2848 1523 2920 posset.
1572 2840 1634 2903 Sed
1667 2841 1779 2904 accidit

424 2938 680 3012 praetereamus,
713 2938 746 2991 ut
770 2930 908 3011 quamvis
932 2939 1014 2993 certo
1039 2930 1169 2992 sciamus
1193 2950 1296 2991 verum
1320 2930 1425 2991 Lunae
1454 2930 1562 3004 iocum,
1594 2950 1681 3009 quern
1711 2930 1778 3011 quis

423 3021 505 3082 illam
527 3020 647 3081 uideret
678 3019 829 3093 obtinere,
861 3020 886 3081 si
911 3039 948 3080 ex
972 3028 1074 3081 centro
1099 3020 1210 3080 Terrae
1235 3019 1435 3099 prospiceret,
1471 3027 1572 3080 tamen
1601 3019 1778 3096 parallaxis,

425 3110 509 3190 cujus
533 3108 718 3170 incredibilis
742 3115 790 3169 est
812 3109 955 3182 varietas,
980 3110 1062 3170 illam
1087 3109 1115 3169 in
1140 3108 1201 3169 alia
1224 3117 1314 3187 atque
1339 3107 1400 3170 alia
1424 3109 1490 3168 loca
1509 3116 1645 3186 reponat.
1670 3109 1778 3190 ltaque

424 3200 511 3278 longe
532 3198 623 3260 aliter
645 3198 733 3258 Luna
756 3198 852 3259 distat
875 3219 893 3259 a
917 3199 992 3269 finis,
1027 3217 1114 3277 quam
1139 3198 1165 3257 si
1189 3198 1216 3257 in
1242 3216 1313 3258 vero
1337 3217 1391 3258 suo
1416 3197 1480 3258 loco
1505 3206 1684 3259 cerneretur.
1730 3196 1778 3260 Ne

424 3287 514 3367 igitur
536 3287 703 3367 parallaxis
727 3287 831 3348 Lunae
855 3287 926 3348 mihi
949 3289 1100 3366 negotium
1127 3288 1302 3359 lacesseret,
1328 3306 1399 3347 usus
1423 3306 1489 3347 surn
1514 3286 1667 3359 eomodo,
1691 3304 1778 3367 quern

424 3376 614 3439 Ptolemaeus
629 3375 681 3437 lib.
699 3375 769 3450 Vll,
795 3394 861 3456 cap.
878 3375 908 3439 2.
934 3376 1073 3455 praeivit.
1104 3376 1135 3436 Is
1150 3375 1268 3455 quidem
1285 3374 1425 3449 in‘Luna,
1451 3393 1506 3455 ego
1526 3393 1597 3437 vero
1613 3376 1642 3436 in
1658 3376 1778 3439 Venere

424 3484 490 3527 sum
511 3466 666 3539 imitatus,
691 3464 777 3543 cujus
801 3466 896 3527 minor
920 3474 968 3526 est
990 3464 1167 3544 parallaris,
1200 3465 1352 3544 minorque
1376 3473 1474 3526 motus
1498 3464 1648 3538 diurnus.)
1671 3476 1710 3529 Et
1738 3475 1777 3530 di-

422 3557 554 3612 stantiam
584 3555 658 3610 Solis
688 3562 718 3608 et
746 3556 862 3609 Veneris
893 3557 967 3609 circa
1000 3555 1139 3610 meridiem
1174 3561 1224 3608 aut
1258 3562 1358 3624 postea
1391 3554 1573 3609 instrumento
1607 3556 1778 3611 armillarum

423 3634 520 3714 (cujus
548 3633 780 3713 descriptionem
813 3635 881 3696 ride
914 3635 944 3695 in
968 3634 1146 3695 Machanica
1170 3633 1321 3714 Tyehonis
1344 3634 1460 3706 Brahe)
1490 3645 1656 3714 deprehendi
1683 3635 1778 3715 (quod

422 3743 538 3786 rursum
561 3723 664 3804 Tycho
687 3722 789 3783 Brahe
804 3723 956 3784 Waltheri
981 3723 1102 3798 inscius,
1127 3731 1161 3784 ut
1183 3722 1268 3783 vides
1283 3722 1314 3783 in
1329 3722 1630 3802 Progymnasmatunr
1653 3732 1734 3785 torno
1751 3724 1776 3785 Ι.

423 3814 472 3875 tol.
499 3810 574 3876 152.
599 3811 828 3889 diligentissime
860 3822 891 3873 et
914 3812 1068 3873 multoties
1092 3812 1229 3873 imitatus
1253 3812 1316 3883 est)
1349 3821 1425 3891 prius
1439 3829 1555 3893 accepte
1570 3822 1712 3877 lcccSclis
1726 3838 1777 3892 per

422 3913 535 3986 regulas
557 3917 609 3966 aut
629 3910 753 3965 armillas
775 3918 825 3965 aut
845 3928 896 3982 per
916 3920 1060 3981 utrumque
1081 3911 1299 3966 instrumentum
1333 3901 1473 3973 (Modum
1490 3910 1646 3981 utrumque
1660 3900 1777 3981 Regio·

421 4000 582 4056 montanus
606 3989 752 4052 describit
775 3989 825 4051 illc
850 3991 915 4068 ipsc
941 3989 1041 4051 libello
1066 4009 1102 4051 ex
1127 4009 1183 4069 quo
1207 3990 1282 4051 haec
1306 3989 1554 4053 transcribuutur.
1592 3989 1651 4051 Est
1675 3997 1776 4052 autern

423 4083 495 4144 ordo
513 4081 573 4144 hic.
619 4078 753 4140 Primum
777 4097 814 4138 ex
837 4080 1048 4140 observatione
1072 4080 1198 4140 fixarum
1221 4077 1348 4140 habetur
1371 4078 1499 4141 altitudo
1522 4079 1584 4158 poli
1608 4086 1639 4141 et
1661 4097 1777 4159 aeque-

421 4170 505 4233 toris.
553 4167 673 4230 Deinde
696 4167 875 4229 observatur
899 4167 1028 4229 altitudo
1044 4166 1125 4228 Solis
1149 4167 1323 4241 meridiana
1348 4186 1423 4246 quae
1447 4175 1624 4248 comparata
1647 4169 1686 4231 ad
1705 4168 1776 4232 alti-
1836 4197 1840 4216 ι

421 4260 555 4322 tudinem
592 4256 765 4336 aequaturis
801 4257 902 4335 prodit
938 4255 1189 4330 declinationem
1229 4264 1260 4317 et
1295 4256 1490 4320 declinationi
1529 4256 1653 4320 cuilibet
1691 4266 1777 4320 certe

421 4347 570 4411 ouantia
585 4344 667 4407 Solis
690 4366 710 4405 a
732 4339 851 4424 punctis
875 4345 1077 4407 cardinalibus
1102 4364 1156 4406 seu
1180 4345 1263 4406 locus
1287 4345 1317 4405 in
1341 4345 1482 4425 ecliptica
1504 4346 1668 4426 respondet
1686 4365 1777 4428 prae-

421 4437 580 4519 supposita
603 4433 806 4496 declinatione
822 4436 980 4508 maxima.)
1005 4445 1072 4497 Cum
1093 4461 1158 4497 reru
1180 4444 1208 4497 in
1229 4461 1329 4498 occasu
1349 4443 1421 4499 Solis
1443 4448 1506 4500 loce
1526 4447 1675 4510 amborum,
1702 4445 1777 4499 ride-

420 4529 487 4583 lieet
505 4527 579 4584 Solis
600 4532 631 4579 et
652 4523 776 4588 Veneris,
798 4525 958 4579 examinare
980 4525 1053 4579 risus
1076 4524 1197 4590 fueram,
1226 4526 1358 4578 vertendo
1380 4525 1537 4596 eclipticam
1558 4526 1728 4581 armillarum
1748 4532 1778 4578 et·

421 4617 509 4671 lemur
529 4615 603 4671 Solis
624 4615 654 4668 in
676 4615 771 4667 eadem
788 4604 959 4676 '(verteudo
984 4605 1065 4666 illam
1089 4604 1247 4683 eclipticae
1278 4611 1409 4683 partem,
1439 4605 1467 4666 in
1492 4624 1550 4685 qua
1574 4604 1629 4666 Sol
1651 4605 1776 4666 haerere

420 4715 473 4778 per
501 4693 702 4758 meridianam
733 4692 975 4756 observationem
1008 4691 1304 4770 deprehendebatur)
1328 4720 1424 4758 versus
1445 4704 1535 4774 ipsum
1560 4692 1694 4766 (Solem,
1719 4711 1777 4755 non

421 4793 522 4848 tanum
545 4782 683 4863 praecise
706 4781 855 4844 collocato
879 4790 982 4845 centro
1007 4781 1159 4854 armillae,
1184 4781 1250 4842 luco
1274 4780 1356 4843 Solis
1380 4783 1501 4844 invento
1526 4790 1557 4843 et
1579 4781 1644 4844 veri
1667 4799 1777 4862 aspec—
1844 4829 1846 4832 .

422 4874 524 4937 tabilis
555 4870 638 4934 Solis
670 4877 774 4933 centro
806 4870 836 4932 in
867 4872 972 4934 eedem
1005 4878 1103 4945 recta,
1143 4869 1197 4930 sed
1226 4870 1373 4931 volvendo
1401 4871 1484 4931 illum
1514 4872 1611 4933 locum
1633 4868 1716 4933 Solis
1745 4869 1776 4932 iu

420 4961 539 5026 armilla
562 4960 606 5023 cis
629 4968 663 5022 et
684 4959 765 5021 ultra
787 4978 894 5040 corpus
915 4959 997 5023 Sulis
1021 4961 1167 5039 eousque)
1200 4971 1289 5040 quoad
1310 4968 1448 5022 interioris
1473 4959 1646 5040 (eclipticas
1671 4958 1776 5022 armil-

420 5051 511 5125 laris)
533 5058 689 5129 mpertctei
703 5065 820 5130 uaeque
833 5075 899 5128 pare
922 5050 1061 5131 (uterque
1081 5049 1183 5110 circuli
1202 5047 1282 5109 illius
1297 5046 1453 5119 terminus,
1476 5048 1544 5146 quia
1558 5048 1662 5110 circuli
1677 5056 1777 5111 mate-
