4584 6192
995 549 1075 616 capue
1097 552 1128 601 V·
1149 550 1173 602 ¹·
1694 554 1756 623 231

404 726 548 788 tunicam.
594 724 677 786 Nam
701 743 759 804 qua
782 727 938 788 ehoroides
975 730 1163 808 appellatur,
1198 731 1339 791 adhaesit
1371 730 1452 791 fibris
1476 732 1590 810 passim
1609 734 1759 814 dispersis

403 813 541 886 sclerodi,
567 814 722 892 eidemque
747 816 856 877 circulo
881 818 1080 890 connascitur,
1107 839 1165 896 qua
1188 820 1340 880 sclerodes
1365 820 1393 879 in
1419 839 1559 881 corneam
1584 822 1657 885 abit.
1683 825 1758 887 Inde

404 923 472 964 vero
496 912 605 963 exorta
628 922 714 973 uvea,
734 906 799 981 jam
823 925 880 965 non
905 908 1096 968 connascitur
1119 908 1257 968 residuae
1272 910 1349 987 parti
1367 910 1521 981 sclerodis,
1548 928 1623 988 quae
1648 931 1757 975 cornea

405 992 520 1063 dicitur,
547 992 601 1052 sed
625 992 663 1052 ab
688 1012 724 1052 ea
749 1013 852 1055 versus
880 994 1022 1055 interiora
1038 997 1115 1056 oculi
1135 998 1281 1075 devergit,
1307 998 1420 1057 hiatum
1445 998 1585 1075 oppleute
1610 1000 1758 1062 humore

404 1099 527 1161 aquen.
568 1079 703 1160 Cumque
728 1083 969 1144 sclerodescum
994 1104 1049 1144 sua
1073 1105 1182 1145 cornea
1206 1087 1436 1147 constituissent
1452 1087 1600 1164 integram
1616 1089 1757 1163 tunicam,

404 1172 476 1231 haec
496 1169 561 1246 jam
587 1189 663 1231 uvea
695 1170 724 1229 in
758 1173 855 1233 medio
889 1182 937 1232 est
964 1174 1137 1250 perforata,
1172 1174 1293 1235 humore
1325 1194 1420 1254 aqueo
1455 1175 1588 1236 foramen
1618 1178 1759 1255 oppleute

404 1258 588 1336 eandemque
613 1260 694 1319 intus
719 1260 810 1321 etiarn
835 1262 983 1321 alluente:
1009 1264 1141 1340 adeoque
1168 1271 1234 1323 tota
1250 1264 1322 1323 haec
1338 1283 1418 1341 pars,
1444 1283 1520 1341 quae
1544 1283 1621 1324 uvea
1641 1266 1757 1341 dicitur,

405 1348 580 1409 inhumare
605 1367 700 1426 aqueo
725 1349 856 1423 innatat,
891 1351 955 1409 solo
981 1370 1015 1409 eo
1040 1351 1149 1411 circulo
1176 1361 1317 1429 excepto,
1353 1370 1410 1430 quo
1435 1351 1568 1412 dixeram
1593 1353 1758 1414 revinctam

405 1454 470 1498 esse
500 1437 540 1496 ad
573 1437 729 1497 scleroden
769 1448 800 1498 et
832 1449 949 1516 partem
985 1459 1068 1499 suam
1097 1440 1309 1517 posteriorem,
1346 1460 1421 1518 quae
1450 1440 1606 1501 ehoroides
1641 1442 1757 1502 dicitur.

405 1526 477 1587 Pars
502 1524 661 1585 ehoroides
685 1526 764 1585 intus
780 1526 866 1603 nigra
882 1528 1019 1598 traditur,
1044 1548 1100 1587 uon
1126 1539 1224 1588 tamen
1251 1530 1293 1589 ita
1309 1529 1402 1605 nigra,
1430 1538 1462 1587 ut
1478 1548 1563 1598 urea,
1589 1530 1643 1590 sed
1663 1529 1759 1608 magis

406 1613 560 1675 caerulea:
594 1633 664 1692 pars
689 1634 765 1674 uvea
798 1616 877 1675 intus
911 1635 1020 1694 aspera
1044 1626 1074 1676 et
1098 1617 1271 1695 nigerrima,
1303 1617 1391 1688 foris,
1420 1636 1479 1696 qua
1502 1618 1596 1676 solem
1621 1618 1649 1676 in
1675 1620 1759 1678 oculo

406 1703 513 1763 dictum
538 1721 592 1780 per
616 1721 753 1762 corneam
778 1705 1012 1765 translucentern
1036 1715 1254 1783 repraesentat,
1281 1705 1374 1764 laevis
1400 1714 1430 1765 et
1454 1724 1593 1765 unacum
1608 1706 1758 1767 ehoroidis

407 1791 543 1852 exteriori
568 1791 723 1868 superficie
749 1794 896 1853 variorum
921 1794 1052 1853 colorum
1077 1803 1133 1866 est,
1156 1794 1220 1870 jam
1245 1795 1338 1866 fusca,
1360 1794 1423 1871 jam
1448 1794 1559 1865 caesia,
1581 1795 1644 1872 jam
1665 1794 1756 1867 fulva,

403 1881 461 1958 jam
484 1880 655 1957 splendida.
704 1881 752 1940 lta
777 1881 869 1941 laturn
894 1881 1034 1941 circulum
1068 1892 1300 1960 repraesentans
1335 1882 1378 1953 (in
1403 1882 1486 1960 cujus
1518 1883 1615 1942 medio
1640 1883 1757 1960 nigrum

407 1969 477 2029 oculi
502 1987 555 2028 seu
580 1968 730 2039 foramen)
756 1968 833 2029 iris
859 1970 940 2030 dicta
964 1979 1020 2030 est.
1059 1971 1155 2049 liujus
1181 1972 1295 2044 attritu,
1321 1989 1386 2031 curn
1413 1972 1506 2030 laevis
1531 1971 1572 2030 sit
1596 1982 1626 2031 et
1649 1971 1755 2048 rigida,

407 2058 541 2117 videntur
564 2056 690 2117 excitari
715 2056 946 2118 scintillationes
974 2060 1052 2132 illae,
1087 2079 1161 2138 quas
1191 2060 1338 2119 interdurn
1371 2059 1549 2136 percipimus
1583 2060 1610 2119 in
1640 2060 1755 2120 oculis:

406 2148 492 2224 plane
516 2154 549 2205 ut
573 2146 673 2205 felium
698 2146 815 2206 hirsuta
848 2155 935 2226 terga
967 2156 1054 2226 atque
1094 2150 1183 2208 etiarn
1221 2148 1370 2207 hominurn
1409 2148 1509 2226 capilli
1544 2167 1648 2208 recens
1681 2146 1758 2209 secti

408 2234 500 2295 attriti
523 2233 701 2294 scintillant.
751 2236 784 2294 lu
809 2235 881 2313 ipsis
907 2256 976 2296 vero
1001 2238 1172 2297 humoribus
1207 2237 1304 2296 lumen
1334 2236 1433 2295 inesse
1464 2255 1520 2295 nou
1549 2244 1666 2313 potest,
1700 2235 1758 2296 nisi

407 2323 489 2384 simul
513 2322 590 2382 visio
615 2322 745 2384 vitietur.

491 2409 578 2481 Quae
602 2430 672 2470 vero
697 2412 726 2471 iu
752 2413 852 2473 felium
877 2414 969 2473 oculis
995 2415 1167 2474 constantia
1195 2422 1265 2474 sunt
1296 2413 1420 2484 lumina,
1452 2432 1508 2473 non
1543 2422 1577 2473 nt
1604 2411 1756 2473 scintilla-

409 2502 502 2562 tiones
526 2499 713 2569 transitoria,
731 2500 888 2562 Jessenius
914 2503 1067 2562 existimat
1092 2503 1119 2561 iu
1147 2504 1202 2563 hac
1227 2503 1300 2562 iride
1324 2503 1428 2563 itidem
1454 2502 1593 2561 residere.

490 2589 596 2649 Tertia
627 2589 713 2668 quasi
747 2590 846 2650 tunica
870 2612 888 2649 a
913 2611 1002 2652 nervo
1036 2611 1103 2650 sese
1136 2592 1163 2651 in
1193 2611 1299 2652 cavum
1327 2590 1576 2667 hemisphaerium
1610 2588 1758 2650 dilatante

409 2691 481 2752 orta3
506 2678 562 2738 reti
588 2679 616 2739 in
642 2697 762 2738 saccum
787 2679 936 2739 desinenti
960 2700 1013 2739 seu
1038 2682 1134 2756 magis
1160 2681 1345 2740 infundibulo
1370 2680 1568 2745 assimilatur,
1602 2697 1659 2737 nou
1685 2677 1758 2738 sub·

409 2768 535 2830 stantiae
560 2768 614 2826 sed
639 2768 751 2845 figurae
776 2769 1002 2839 conformitate,
1034 2777 1066 2828 ut
1089 2770 1212 2829 Platero
1247 2770 1362 2846 placet:
1398 2769 1474 2827 unde
1508 2786 1614 2827 nornen
1648 2765 1759 2827 reti·

408 2856 553 2918 formis
579 2855 706 2934 accepit.
747 2856 888 2917 Traditur
912 2857 1113 2917 substantiam
1138 2866 1366 2935 repraesentare
1387 2856 1510 2928 cerebri,
1537 2856 1634 2934 magis
1660 2866 1760 2916 tamen

409 2964 556 3007 mucosam
582 2954 614 3004 et
637 2944 791 3005 subrufam
816 2946 1058 3016 (subcaerulearn
1083 2946 1273 3018 aJessenio)
1298 2964 1381 3017 esse;
1407 2945 1484 3005 unde
1508 2945 1635 3023 colligis,
1660 2944 1759 3022 potis-

408 3035 510 3094 simum
534 3034 637 3094 albam
660 3033 786 3094 dilutam
810 3034 904 3095 videri
938 3037 1049 3095 suffuso
1084 3035 1191 3095 rubore
1219 3036 1266 3095 vel
1298 3035 1428 3094 caerulo.
1475 3034 1632 3094 Jesseuius
1667 3032 1759 3093 etiam

409 3122 571 3184 subdividit
594 3122 670 3181 hanc
695 3122 724 3182 iu
748 3123 830 3182 nervi
855 3124 1056 3184 substantiam
1083 3134 1113 3185 et
1137 3125 1264 3184 tunicas.

490 3211 598 3272 Hicin
625 3211 745 3271 diversa
768 3231 833 3271 curn
859 3211 1025 3273 Vitellione
1049 3213 1206 3273 Jessenius
1230 3222 1262 3272 et
1284 3213 1424 3272 Platerns
1449 3210 1569 3269 abeunt.
1603 3206 1760 3268 Jessenius

409 3320 443 3361 ex
465 3300 632 3360 Vitellione
658 3300 841 3360 retifornrem
866 3302 924 3375 ait,
951 3302 1000 3361 ubi
1024 3303 1152 3363 vitreum
1175 3303 1328 3362 humorem
1352 3310 1399 3359 est
1419 3297 1592 3376 complexa,
1616 3314 1759 3374 progres-

409 3409 469 3452 sam
498 3390 527 3449 in
558 3388 726 3468 crystallini
756 3389 900 3463 humoris,
928 3390 975 3469 qui
1006 3391 1159 3450 humorum
1190 3399 1246 3451 est.
1270 3389 1399 3460 medius,
1430 3388 1589 3447 maximum
1619 3385 1760 3446 circulum

409 3479 516 3539 inseri:
542 3478 664 3555 fierique
688 3477 775 3554 hujus
803 3477 955 3551 beneficio,
983 3487 1015 3539 ut
1034 3479 1226 3559 crystallinus
1251 3478 1366 3539 medius
1386 3476 1414 3536 in
1438 3476 1533 3537 vitreo
1549 3474 1759 3535 constituatur.

409 3567 544 3628 Platerns
571 3566 670 3639 aliter,
696 3567 751 3626 sub
776 3586 810 3625 eo
836 3567 944 3627 circulo
970 3568 1135 3645 superficiei
1161 3587 1262 3633 cavae,
1288 3586 1345 3645 quo
1370 3566 1478 3625 circulo
1504 3564 1635 3624 secunda
1660 3564 1761 3623 tunica

409 3657 518 3735 primae
544 3654 675 3715 nectitur
698 3663 730 3714 et
754 3674 830 3714 uvea
854 3656 910 3716 dici
935 3657 1048 3734 incipit,
1075 3676 1112 3716 ex
1136 3676 1213 3716 uvea
1227 3675 1342 3732 nempe,
1368 3654 1487 3713 minime
1511 3672 1581 3712 vero
1606 3671 1643 3712 ex
1663 3651 1761 3711 retina

409 3745 476 3805 eriri
505 3763 667 3824 processus
700 3745 844 3822 quosdam
876 3747 1081 3817 circumcirca,
1118 3745 1166 3824 qui
1196 3768 1214 3804 a
1243 3744 1435 3805 similitudine
1470 3741 1589 3801 ciliares
1622 3740 1760 3799 dicantur

410 3835 492 3914 inque
526 3833 669 3894 circulum
703 3833 864 3894 marimum
897 3835 1064 3914 crystallini
1098 3835 1252 3906 desinant,
1293 3834 1393 3909 itaque
1427 3830 1634 3909 crystallinum
1667 3845 1759 3888 uveae

410 3943 463 3984 non
487 3921 634 3983 retiformi
665 3931 865 3982 connectant:
900 3942 1059 4001 processus
1093 3923 1160 3982 illos
1195 3923 1294 4000 nigros
1327 3931 1358 3981 et
1390 3917 1566 3997 pectinatim
1599 3915 1760 3976 distinctos

409 4031 483 4073 esse.
521 4010 664 4070 Retinarn
689 4029 759 4069 vero
786 4011 862 4070 infra
885 4012 939 4071 hos
965 4012 1083 4071 ciliarcs
1107 4031 1266 4089 processus
1291 4009 1436 4082 desinere,
1463 4027 1557 4085 neque
1577 4006 1664 4083 plane
1686 4023 1759 4064 con-

411 4111 511 4160 natam
536 4100 585 4158 vel
609 4099 742 4159 ehoroidi
768 4102 815 4159 vel
839 4102 934 4160 vitreo
959 4101 1082 4173 humori,
1109 4120 1195 4178 quern
1220 4097 1442 4176 complectitur,
1467 4097 1515 4154 vel
1536 4095 1581 4153 his
1606 4092 1760 4154 ciliaribus

409 4188 616 4267 processibus:
643 4188 718 4248 adeo
744 4190 871 4267 quidem,
897 4198 929 4249 ut
944 4191 1037 4249 effuso
1064 4190 1159 4250 vitreo
1179 4189 1278 4267 (cujus
1303 4188 1395 4246 solius
1421 4185 1548 4244 infarctn
1573 4182 1671 4243 retina
1686 4183 1759 4242 cho-

409 4279 519 4339 reidem
538 4278 686 4352 attingat)
712 4278 809 4338 retina
824 4278 992 4349 convoluta,
1020 4279 1155 4356 nuspiam
1179 4278 1236 4337 nisi
1251 4296 1304 4337 suo
1320 4294 1411 4335 nervo
1427 4274 1634 4333 adhaerescat.
1660 4270 1761 4348 Magis

408 4367 557 4429 assentior
588 4366 726 4438 Platero,
766 4377 798 4425 ut
831 4368 879 4446 qui
919 4366 1088 4427 distinctius
1131 4366 1222 4426 etiam
1259 4365 1319 4424 ista
1353 4362 1487 4424 tradidit.
1535 4362 1576 4421 Et
1604 4359 1761 4421 Jesseuins

409 4456 470 4534 ipse
506 4455 566 4515 hnc
603 4454 729 4516 inclinat
765 4455 794 4515 iu
833 4461 983 4533 δευτεραις
1020 4477 1176 4533 apostonci.
1237 4454 1316 4514 Nam
1355 4459 1497 4530 qnantum
1534 4457 1674 4527 apparet,
1702 4446 1760 4508 Vi-

408 4545 488 4606 tellio
512 4543 644 4604 visibilia
667 4545 867 4621 cognoscendi
902 4544 1076 4604 facultatem
1104 4543 1280 4623 crystallino
1312 4540 1424 4601 humori
1449 4538 1637 4598 transcribit:
1670 4553 1761 4616 quare

408 4642 608 4696 commeatum
645 4632 711 4692 huic
755 4633 891 4693 facultati
934 4633 1086 4710 quaesivit
1122 4652 1160 4692 ex
1196 4648 1287 4692 nervo
1326 4630 1390 4701 (vel
1428 4627 1528 4688 retina
1564 4625 1646 4687 nervi
1687 4642 1759 4703 pro-

407 4724 531 4802 pagine)
556 4721 588 4782 in
603 4722 809 4802 crystallinum
834 4740 888 4799 per
911 4722 965 4781 hos
985 4721 1104 4781 ciliares
1123 4739 1292 4798 processus.
1317 4718 1457 4777 Platerns
1475 4734 1545 4775 vero
1560 4712 1760 4793 cognoscendi

408 4811 587 4873 facultatem
610 4809 639 4869 in
664 4811 761 4870 retina
784 4810 933 4888 relinquit,
960 4810 1037 4888 quod
1062 4810 1160 4886 magis
1185 4817 1233 4868 est
1256 4826 1326 4867 vcro
1351 4813 1602 4866 consentaneum:
1627 4800 1760 4882 crystal-

400 4900 497 4964 linum
520 4917 593 4960 vero
617 4898 646 4960 in
671 4898 935 4960 instrumentorum
959 4917 1049 4959 censu
1073 4899 1181 4971 habet,
1208 4896 1244 4956 de
1268 4913 1326 4973 quo
1350 4894 1438 4955 infra.
1486 4893 1544 4953 Pro
1569 4910 1625 4970 qno
1650 4897 1681 4950 et
1704 4889 1760 4950 hoe

407 4989 531 5062 militat,
563 4987 643 5068 quod
666 4987 787 5049 eiliares
810 5006 984 5067 processus,
1014 4987 1120 5066 quibus
1144 4983 1312 5067 crystallini
1336 4982 1464 5044 circulus
1487 4980 1634 5042 maximus
1658 4978 1760 5040 revin-

407 5079 496 5149 citur,
518 5077 638 5157 nigrore
662 5096 715 5138 suo
738 5095 797 5140 uon
821 5075 948 5137 retinam
973 5076 1027 5136 sed
1051 5093 1158 5137 uveam
1181 5078 1421 5154 repraesentant.
