4584 6192
474 617 538 691 654
948 628 986 680 De
1005 627 1082 679 Stella
1099 626 1172 678 Nova
1189 625 1340 691 Serpeutmd

475 806 550 868 duas
573 804 799 868 observationes
822 806 950 869 stabiliri
973 803 1027 868 lat.
1056 803 1092 869 10
1113 803 1167 871 29¹
1191 813 1284 867 austr.
1310 814 1342 867 et
1364 806 1459 868 locum
1485 806 1545 871 100
1566 801 1672 891 530120
1695 812 1738 879 ,ἃ
1785 808 1832 869 At

472 914 529 957 uon
562 895 674 957 mansit
698 895 723 956 ei
747 896 849 956 eadem
883 897 1011 959 altitudo
1038 894 1066 955 iu
1097 904 1223 975 utraque
1254 895 1414 970 distantia,
1446 904 1478 957 et
1508 898 1599 959 valde
1633 896 1757 959 lubrica
1781 905 1831 958 est

471 984 549 1045 ratio
572 1002 626 1063 per
653 984 732 1046 tales
761 985 835 1046 duas
867 987 993 1057 stellas,
1027 994 1181 1064 utramque
1205 1003 1242 1045 ex
1266 985 1371 1045 eadem
1403 986 1515 1048 zodiaci
1548 988 1642 1066 plaga
1675 993 1828 1060 stantem,

471 1074 548 1134 velle
574 1074 669 1134 locum
685 1063 793 1135 Martis
816 1074 845 1135 iu
870 1074 987 1153 longum
1007 1081 1039 1135 et
1062 1075 1155 1135 latum
1179 1074 1310 1135 definire.
1347 1074 1452 1153 Neque
1476 1083 1576 1138 tamen
1599 1077 1691 1138 aliter
1715 1077 1828 1139 obser-

470 1179 541 1223 vare
565 1164 647 1241 potui
672 1164 822 1242 planetam
845 1166 1041 1243 propinquum
1064 1163 1182 1223 occasui
1207 1163 1332 1224 beliaco.
1369 1162 1536 1243 Propterea
1559 1166 1652 1227 etiam
1676 1165 1733 1227 illa
1757 1167 1827 1228 lon·

472 1251 598 1330 giesima
621 1250 802 1329 operatione,
826 1270 884 1331 qua
898 1254 998 1336 Tycbo
1012 1252 1112 1312 Brahe
1131 1252 1160 1313 in
1175 1252 1451 1332 Progymnasmatis
1471 1273 1541 1315 usus
1561 1264 1619 1329 est,
1645 1256 1825 1334 supersedi3

390 1391 393 1398 .
472 1347 507 1400 ut
531 1357 605 1418 qnae
630 1341 741 1401 frustra
764 1340 962 1402 subtilitatem
992 1340 1163 1420 quaesitura
1192 1341 1248 1401 fuit
1275 1341 1304 1413 ip
1334 1361 1437 1402 crassa
1465 1342 1688 1404 observatione.
1740 1343 1824 1407 (lou-

472 1428 567 1489 sentit
590 1437 688 1489 tamen
714 1430 828 1490 calculo
862 1440 1002 1510 quantum
1027 1431 1104 1490 satis
1128 1438 1192 1490 est:
1224 1449 1292 1490 uam
1316 1430 1394 1491 siin
1418 1432 1541 1493 meridie
1566 1433 1648 1501 locus
1673 1434 1743 1512 ejus
1769 1434 1827 1496 ruit

474 1512 534 1579 10⁰
556 1514 609 1579 38‘
632 1527 664 1579 et
686 1517 807 1579 diurnus
840 1516 912 1582 42¹:
946 1519 1027 1580 horis
1059 1517 1193 1597 igitan
1227 1519 1372 1579 debentur
1398 1514 1448 1581 ld‘
1473 1529 1504 1580 et
1532 1523 1616 1583 locus
1646 1522 1762 1584 Martis
1787 1524 1825 1583 ad

469 1606 572 1667 horam
606 1614 738 1669 nostram
765 1603 823 1669 10⁰
845 1606 898 1671 52*
922 1616 961 1681 a.
1009 1604 1097 1677 Qubd
1127 1625 1198 1667 vero
1229 1607 1359 1668 latitudo
1383 1605 1414 1668 7¹
1447 1618 1495 1669 est
1525 1611 1637 1683 minor,
1673 1619 1708 1671 et
1739 1614 1825 1674 Mars

470 1702 556 1756 tanto
581 1697 670 1758 altior
693 1705 724 1757 et
747 1696 866 1775 propior
899 1698 1052 1776 eclipticae
1077 1716 1166 1775 quam
1188 1696 1219 1757 in
1244 1697 1377 1770 calculo,
1401 1698 1430 1757 id
1456 1707 1503 1759 est
1526 1701 1564 1760 ob
1587 1701 1825 1774 refractionem

473 1783 543 1864 quia
566 1785 649 1846 Mars
672 1803 764 1866 prope
788 1786 971 1847 horizontem
995 1785 1220 1847 observabatur.

559 1871 606 1934 Ex
639 1874 686 1935 uis
718 1875 819 1954 itaque
852 1875 1109 1936 observationibus
1127 1883 1228 1956 patet
1260 1874 1350 1934 etiam
1381 1895 1469 1935 verus
1502 1875 1566 1936 dies
1598 1876 1825 1955 conjunctionis

473 1959 596 2023 Saturni
629 1970 660 2024 et
688 1963 807 2026 Martis.
854 1964 930 2026 Nam
964 1963 990 2025 si
1021 1963 1170 2025 Saturnus
1202 1963 1258 2023 hoo
1292 1963 1340 2023 die
1377 1957 1480 2045 17127.
1505 1962 1591 2043 Sept.
1627 1966 1694 2028 hor.
1729 1963 1764 2030 8.
1795 1968 1825 2029 in

473 2048 584 2113 1001‘
608 2057 652 2128 β’,
685 2060 717 2114 et
740 2052 825 2116 Mars
857 2052 885 2114 iu
922 2050 979 2116 10⁰
1002 2050 1054 2117 38⁴
1078 2059 1120 2127 s,
1154 2052 1201 2113 die
1234 2053 1335 2131 itaque
1367 2054 1566 2133 praecedente
1602 2048 1710 2137 ldl26.
1737 2054 1825 2135 Sept.

470 2142 591 2219 vesperi
623 2150 694 2219 post
725 2142 788 2204 hor.
813 2140 843 2205 8.
875 2142 993 2203 fuerunt
1022 2142 1149 2203 invicem
1181 2142 1325 2220 proximi,
1360 2142 1456 2221 quoad
1490 2143 1620 2221 longum,
1655 2144 1686 2205 iu
1715 2142 1826 2219 10⁰,r

472 2228 604 2308 proxime
629 2231 723 2292 locum
748 2250 926 2309 congressus
951 2231 1072 2293 Saturni
1098 2238 1129 2291 et
1152 2230 1247 2305 Jovis,
1272 2230 1321 2309 qui
1346 2230 1401 2291 luit
1423 2231 1623 2308 praecedente
1643 2232 1825 2308 Decembri;

470 2319 646 2397 aequalibus
670 2319 731 2381 fere
756 2320 863 2399 spatiis
887 2321 925 2381 ab
948 2321 1087 2399 ecliptica
1110 2320 1259 2380 distantes
1283 2320 1312 2379 iu
1335 2327 1438 2396 partes
1462 2322 1630 2383 contrarias
1655 2331 1690 2383 et
1712 2343 1734 2383 a
1758 2343 1824 2384 sese

472 2416 573 2469 mutuo
597 2408 739 2488 gradibus
762 2410 851 2490 paulo
874 2410 940 2488 plus
964 2409 1067 2482 tribus,
1092 2407 1224 2470 Saturno
1248 2408 1409 2488 superiore.
1831 2461 1833 2468 .

557 2495 715 2559 Postremo
738 2518 826 2561 verus
850 2499 913 2559 dies
937 2498 1152 2578 conjunctionis
1171 2497 1257 2559 Jovis
1282 2506 1313 2557 et
1335 2496 1453 2568 Martis,
1480 2516 1538 2575 qua
1562 2497 1692 2578 denique
1719 2500 1823 2563 absol·

468 2584 547 2646 vitur
569 2605 680 2665 magua
702 2588 885 2666 conjunctio,
911 2587 954 2649 sic
977 2586 1105 2649 habetur
1128 2606 1165 2647 ex
1187 2587 1236 2647 his
1263 2585 1533 2647 observationibus.
1579 2587 1662 2649 Nam
1688 2590 1771 2651 diem
1795 2601 1824 2651 et

469 2674 565 2735 locum
589 2676 618 2736 in
638 2675 736 2736 nimbo
760 2696 819 2737 uox
849 2678 1033 2756 intempesta
1062 2676 1201 2736 tenebat:
1235 2676 1292 2736 etsi
1311 2674 1456 2754 proximis
1480 2675 1584 2736 diebus
1608 2686 1682 2738 ante
1698 2689 1734 2739 et
1755 2689 1824 2758 post

470 2763 586 2825 coelum
608 2781 662 2842 per
685 2765 804 2826 nubium
827 2766 926 2827 hiatus
951 2765 1080 2846 adspici,
1104 2766 1271 2845 praeterita
1291 2784 1328 2824 au
1352 2763 1469 2824 instans
1494 2764 1667 2843 conjunctio
1692 2768 1822 2829 discerni

474 2851 562 2915 facile
585 2852 693 2934 potuit.
722 2905 731 2918 .

555 2941 611 3003 Die
635 2938 687 3005 29.
713 2940 799 3022 Sept.
823 2942 870 3003 vel
895 2939 924 3007 9.
949 2941 1018 3005 Oct.
1042 2942 1071 3003 iu
1095 2941 1218 3003 meridie
1247 2941 1329 3002 locus
1351 2939 1437 3001 Joris
1462 2956 1499 3002 ex
1523 2942 1667 3022 analogia
1689 2954 1745 3006 sat
1767 2946 1821 3007 fida

469 3030 688 3093 observationis
720 3032 802 3112 prius
832 3031 954 3094 habitae
979 3040 1010 3092 et
1033 3031 1136 3092 diurno
1160 3031 1190 3091 in
1217 3025 1350 3093 19012¹
1374 3036 1410 3101 ‚a
1458 3029 1572 3092 Eodem
1602 3032 1734 3095 meridie
1758 3037 1820 3096 cal·

468 3119 553 3182 culus
577 3126 678 3200 (quem
703 3121 766 3198 jam
794 3122 882 3181 modo
906 3122 1007 3182 vidisti
1035 3121 1238 3181 confirmatum
1262 3138 1300 3180 ex
1328 3119 1551 3192 observatione)
1575 3121 1703 3183 exhibet
1728 3124 1819 3186 locum

467 3208 577 3271 Martis
601 3210 629 3270 in
659 3206 790 3272 190140
815 3216 844 3281 ,ἒ
869 3213 937 3272 cum
957 3209 1036 3270 latit.
1063 3204 1100 3271 10
1122 3204 1177 3270 36¹
1201 3218 1309 3281 austu,
1344 3227 1420 3288 quae
1444 3208 1499 3269 hoc
1530 3209 1712 3272 intermedio
1744 3222 1819 3275 tem-

466 3317 540 3378 pore
565 3300 634 3371 fuit,
670 3309 702 3360 ut
724 3301 769 3361 ita
793 3298 903 3372 dicam,
936 3298 1113 3360 stationaria
1137 3306 1169 3358 et
1191 3298 1248 3358 hac
1277 3297 1341 3357 vice
1373 3297 1510 3357 maxima.
1555 3298 1640 3376 Ergo
1664 3300 1744 3363 hora
1766 3323 1819 3364 uua

469 3396 540 3448 aute
574 3388 726 3449 meridiem
756 3385 853 3448 fuerat
884 3390 973 3468 plena
1005 3387 1174 3464 conjunctio
1196 3388 1226 3458 ‘li
1249 3396 1281 3448 et
1303 3393 1328 3456 d
1351 3387 1379 3447 in
1416 3382 1474 3448 19⁰
1495 3385 1545 3449 12¹
1569 3395 1607 3460 ,ti
1641 3389 1723 3450 Jove
1752 3411 1817 3471 sep·

469 3477 685 3538 tentrioualiori
708 3496 794 3557 quam
816 3477 869 3537 fuit
885 3479 977 3551 Mars,
1003 3478 1041 3536 ad
1056 3471 1094 3537 2⁰
1114 3478 1193 3548 lere;
1218 3495 1283 3535 cum
1298 3475 1401 3535 statim
1424 3477 1568 3553 postridie
1589 3479 1618 3537 iu
1639 3474 1700 3539 170
1714 3476 1816 3554 aba,

471 3566 668 3646 sesquigradu
692 3566 833 3640 anterius,
858 3568 952 3645 primo
977 3566 1149 3645 apparuerit
1172 3583 1278 3625 novum
1304 3564 1395 3624 sidus.

556 3654 811 3726 Quemadmodum
835 3657 925 3734 igitur
940 3655 967 3714 iu
988 3655 1096 3715 nruudo
1112 3653 1261 3715 Saturnus
1281 3664 1328 3714 est
1352 3653 1525 3727 altissimus,
1548 3654 1670 3731 Jupiter
1697 3660 1815 3730 medius,

467 3745 551 3805 Mars
576 3746 664 3806 trium
688 3746 821 3806 infimus:
847 3746 889 3805 sic
905 3746 933 3804 in
949 3744 1005 3804 hac
1021 3743 1130 3804 visibili
1155 3742 1363 3821 conjunctione
1389 3761 1498 3820 magua
1520 3743 1610 3804 trium
1635 3748 1815 3824 superiorum

467 3832 616 3895 Saturnus
648 3834 738 3894 etiam
771 3834 810 3894 ad
839 3834 954 3894 oculum
990 3834 1045 3894 fuit
1078 3850 1232 3911 supremus
1256 3831 1285 3892 in
1310 3832 1527 3911 septentrione,
1563 3843 1595 3893 ut
1618 3833 1744 3913 Jupiter
1767 3838 1815 3898 sub

467 3923 519 3985 illo
550 3923 713 3985 transiret:
745 3924 788 3983 sic
820 3923 950 3983 vicissim
974 3921 1093 4001 Jupiter
1126 3920 1388 3999 septentrionalis,
1424 3929 1456 3981 ut
1479 3922 1560 3981 Mars
1594 3927 1744 3987 australis
1767 3926 1814 3987 sub

468 4020 590 4093 utroque
619 4013 781 4074 transiret:
816 4011 951 4073 omuibus
975 4022 1075 4071 autem
1105 4010 1201 4071 tribus
1226 4010 1315 4071 altius
1349 4010 1460 4071 effulsit
1482 4029 1588 4072 novum
1620 4013 1727 4091 sidus,
1760 4026 1814 4076 tam

468 4103 544 4183 quod
569 4102 668 4163 mundi
693 4102 869 4163 diametrum
893 4120 981 4180 quam
1005 4099 1083 4179 quod
1107 4098 1276 4177 eclipticam
1301 4099 1421 4160 attinet.

554 4209 655 4290 Atque
679 4210 754 4271 haec
779 4216 826 4270 est
848 4208 902 4269 illa
926 4206 1166 4269 celebratissima
1189 4225 1299 4285 magua
1317 4206 1405 4267 trium
1429 4205 1611 4285 superiorum
1635 4210 1813 4290 conjunctio,

469 4335 544 4396 quae
569 4316 685 4377 exactis
710 4337 728 4376 a
751 4316 856 4377 Mundi
880 4315 1001 4376 conditu
1033 4322 1147 4392 septem
1173 4314 1289 4392 maguis
1321 4312 1554 4375 revolutionibus
1577 4315 1815 4395 octingentorum

468 4443 611 4486 annorum
643 4426 739 4503 prima
770 4443 885 4485 rursum
918 4422 1044 4502 contigit
1072 4422 1101 4482 iu
1130 4422 1216 4500 signo
1241 4419 1419 4500 Sagittarii,
1453 4421 1529 4500 quod
1561 4422 1684 4485 tertium
1714 4434 1762 4485 est
1784 4442 1815 4483 ex

441 4591 442 4594 ,
468 4517 656 4610 Triplicitate
689 4532 795 4610 iguea;
829 4550 917 4610 quam
941 4530 996 4591 hac
1025 4528 1228 4590 astronomica
1261 4526 1460 4607 descriptione
1493 4537 1605 4607 quauta
1632 4532 1736 4609 potuit
1759 4530 1816 4592 lieri

468 4658 540 4701 cura
563 4646 748 4712 exornatam,
772 4639 933 4700 nascituris
958 4655 1010 4716 per
1034 4637 1088 4698 hos
1113 4635 1310 4696 succedentes
1334 4633 1520 4712 octingentos
1540 4654 1634 4696 annos
1662 4638 1816 4718 legendam

468 4747 658 4809 transmitto:
684 4746 709 4808 si
734 4745 862 4806 ethaeo
886 4745 977 4824 digua
1000 4753 1031 4806 et
1055 4744 1097 4805 illi
1122 4761 1251 4822 capaces
1279 4741 1371 4802 futuri
1394 4749 1476 4814 suut,
1501 4762 1595 4823 neque
1619 4745 1669 4805 vel
1696 4745 1816 4806 mundus

468 4852 616 4915 interierit
637 4855 686 4915 vel
716 4852 893 4914 universalis
925 4853 1025 4932 aliqua
1052 4851 1244 4932 pestilentia,
1278 4849 1444 4928 cujusmodi
1474 4848 1588 4930 aliquot
1616 4869 1657 4912 ex
1685 4852 1816 4914 historiis

469 4960 611 5039 legimus,
645 4960 803 5042 potissima
836 4967 923 5039 parte
959 4959 1078 5039 generis
1108 4957 1228 5020 humaui
1252 4957 1420 5031 exstincta,
1454 4957 1583 5036 reliquos
1615 4979 1634 5018 a
1666 4960 1753 5022 libris
1781 4959 1816 5019 ad

470 5077 616 5140 aratrum,
647 5069 723 5129 nude
748 5066 876 5129 desumti
900 5074 983 5139 suut,
1013 5084 1129 5129 rursum
1162 5065 1324 5143 redegerit,
1355 5066 1515 5126 secundum
1544 5066 1636 5127 illud:
1670 5068 1764 5129 Terra
1786 5085 1815 5127 es

470 5174 619 5254 (agricola
642 5176 691 5247 es)
715 5173 808 5236 etad
832 5175 955 5237 Terram
979 5175 1032 5247 (ad
1056 5171 1284 5252 agriculturam)
1308 5173 1482 5233 reverteris:
1512 5173 1559 5235 vel
1584 5174 1649 5235 iera
1674 5176 1813 5255 quaedam
