4584 6192
982 600 1065 665 capue
1082 600 1113 651 Χ·
1661 591 1726 667 33¹1

458 774 563 839 Causa
591 778 733 859 epicycli,
766 798 819 840 scu
850 778 929 857 apud
952 774 1151 856 (lopernicum
1175 796 1269 838 causa
1292 778 1435 840 circuitus
1458 779 1569 840 Terrae
1597 782 1631 838 et
1658 797 1726 840 curn

370 887 408 931 ea
428 867 525 938 maus,
548 868 690 947 planetae
713 866 800 929 nobis
820 884 878 927 non
897 884 1017 946 semper
1034 866 1186 945 progredi,
1211 868 1265 928 sed
1287 867 1438 928 interdum
1461 874 1553 941 stare,
1578 866 1728 929 interdum

372 963 403 1016 et
429 957 624 1018 retrocedere
651 957 801 1018 videntur.
849 954 954 1029 Stare,
989 974 1056 1016 cum
1088 955 1192 1017 multis
1219 956 1358 1017 noctibus
1389 956 1469 1036 apud
1498 954 1623 1017 easdem
1651 956 1728 1017 lixas

371 1045 494 1107 haerere
523 1044 803 1125 deprehenduntur:
837 1044 1041 1119 retrocedere,
1074 1063 1140 1106 enm
1170 1044 1255 1105 initio
1287 1046 1367 1123 apud
1399 1046 1476 1107 fixas
1509 1043 1727 1116 orientaliores,

371 1144 442 1214 post
465 1135 532 1195 dies
556 1134 672 1213 aliquot
695 1135 774 1213 apud
798 1132 1047 1194 occidentaliores
1078 1140 1239 1195 cernuntur
1247 1153 1256 1207 ;
1289 1134 1333 1195 uti
1364 1154 1380 1194 e
1409 1130 1559 1195 contrario
1594 1132 1728 1213 progedi,

372 1241 436 1285 cum
460 1224 496 1284 lit
519 1224 712 1284 contrarium.
759 1221 831 1297 Sed,
856 1230 890 1283 ut
913 1222 990 1296 dixi,
1016 1222 1096 1301 apud
1120 1223 1326 1284 Ptolemaeum
1349 1241 1419 1284 vere
1444 1221 1638 1284 retrocedunt
1660 1222 1730 1302 pla-

371 1320 460 1373 netae
484 1311 515 1372 in
539 1312 601 1373 suis
625 1312 778 1393 epicyclis,
805 1311 874 1373 dum
897 1319 1062 1390 peragrant
1085 1312 1255 1373 inferiorem
1275 1331 1376 1373 eorum
1392 1311 1629 1374 semicirculum:
1654 1327 1729 1387 cunr,

374 1408 406 1463 ut
430 1402 520 1463 ducet
543 1402 573 1462 iu
597 1401 785 1463 Meshanicis
808 1401 1009 1475 Aristoteles,
1039 1401 1168 1463 circulus
1191 1400 1221 1461 in
1244 1408 1349 1482 partes
1373 1401 1542 1463 contrarias
1574 1408 1731 1462 moveatur

373 1507 432 1551 uno
456 1490 619 1570 eodemque
644 1498 741 1564 motu,
766 1491 819 1551 sed
844 1487 972 1550 diversis
994 1490 1145 1568 partibus,
1171 1499 1203 1550 et
1226 1490 1273 1552 hic
1296 1488 1426 1569 partium
1450 1499 1550 1553 motus
1573 1497 1729 1569 retrogra-

373 1578 429 1639 dus
451 1575 610 1641 celeritate
634 1587 756 1659 superet
779 1595 971 1658 progressum
1002 1579 1098 1640 centri
1121 1579 1294 1640 tardiorem.
1341 1580 1425 1641 Idem
1455 1578 1535 1659 apud
1558 1578 1730 1661 Tychonem

374 1669 427 1741 fit,
448 1668 576 1748 planeta
599 1668 717 1747 quidem
745 1666 774 1727 in
800 1666 968 1728 eccentrico
996 1668 1130 1729 nonnihil
1160 1668 1387 1748 progrediente,
1421 1669 1474 1730 sed
1499 1688 1518 1729 a
1541 1666 1623 1730 Solis
1647 1674 1729 1728 motu

374 1758 439 1837 ipae
462 1775 524 1817 nna
546 1776 613 1818 cum
644 1766 712 1818 toto
736 1774 789 1817 suo
815 1755 980 1817 eceentrico
1013 1763 1197 1831 retroactus,
1222 1758 1251 1818 in
1275 1766 1394 1836 partem
1426 1757 1608 1819 contrariam
1641 1758 1730 1835 louge

374 1846 508 1908 velocius
538 1846 662 1925 rapitur.
710 1843 786 1907 Cum
809 1864 881 1906 vero
904 1862 958 1923 per
981 1839 1011 1906 4.
1037 1845 1136 1925 quarti
1159 1846 1335 1908 Vitelliouis
1367 1846 1449 1909 linea
1481 1853 1566 1908 recta
1593 1845 1732 1907 videatur

374 1943 531 2014 punctum,
565 1954 631 1996 curn
656 1944 703 1995 est
726 1935 838 1995 directe
864 1954 882 1993 a
905 1934 970 1995 visu
994 1943 1120 1995 extensa
1143 1936 1283 2011 ulterius,
1308 1937 1388 1997 idem
1412 1936 1470 1997 erit
1491 1954 1568 2015 pene
1588 1933 1732 2015 judicium

375 2024 466 2085 etde
492 2024 619 2105 epicycli
641 2024 745 2084 circuli
774 2022 927 2102 apsidibus
959 2042 1012 2083 seu
1039 2024 1158 2103 punctis
1192 2034 1366 2098 contactus,
1401 2025 1451 2102 qui
1475 2043 1563 2086 arcus
1587 2044 1605 2085 a
1628 2029 1732 2084 nostro

379 2114 443 2174 risu
465 2112 583 2174 directe
606 2131 682 2191 pene
707 2131 823 2173 sursum
851 2118 1011 2190 vergentes
1039 2114 1069 2172 in
1099 2112 1174 2173 coeli
1207 2113 1456 2192 profunditatem,
1489 2114 1515 2175 si
1538 2132 1596 2174 non
1619 2111 1732 2192 puncti,

378 2201 519 2263 minimae
553 2210 634 2263 certe
665 2200 845 2281 quantitatis
879 2200 978 2281 specie
1010 2209 1170 2280 apparent,
1203 2220 1293 2282 quare
1319 2210 1350 2263 et
1372 2200 1537 2263 tardissimi
1571 2202 1651 2263 circa
1680 2217 1734 2262 eas

379 2299 482 2371 partes
507 2299 689 2351 cernuntur:
722 2291 824 2368 itaque
848 2290 910 2350 lieri
934 2298 1050 2367 potest,
1082 2291 1218 2371 quamvis
1242 2292 1391 2353 velociore
1416 2291 1551 2373 epicyclo
1576 2308 1663 2370 quarn
1687 2296 1736 2350 est

378 2379 580 2449 eccentricus‚
605 2387 638 2441 ut
662 2378 852 2441 nihilominus
875 2387 975 2439 motus
999 2380 1158 2441 eccentrici
1182 2381 1212 2441 iu
1237 2380 1395 2461 sequentia
1423 2387 1454 2441 et
1477 2388 1576 2442 motus
1608 2377 1736 2459 epicycli

380 2469 407 2531 in
430 2468 618 2532 contrarium
650 2469 687 2528 ad
722 2487 842 2529 sensum
877 2469 951 2528 fiant
980 2469 1122 2547 aequales
1130 2488 1140 2541 3
1175 2469 1275 2550 itaque
1299 2468 1419 2532 sublato
1443 2470 1540 2531 altero
1565 2467 1602 2530 ab
1628 2468 1734 2542 altero,

378 2558 504 2638 planeta
533 2566 615 2618 stare
647 2558 787 2619 videatur
813 2557 903 2637 inque
927 2556 1011 2617 coelo
1035 2558 1100 2636 ipso
1129 2566 1269 2638 respectu
1292 2558 1439 2639 sphaerae
1462 2558 1589 2619 fixarum
1612 2557 1739 2618 haereat

380 2648 483 2709 eodem
507 2645 575 2707 luco
598 2645 810 2725 longitudinis:
836 2645 972 2725 quamvis
996 2645 1116 2707 interim
1139 2646 1169 2707 in
1194 2647 1273 2708 linea
1294 2666 1370 2727 pene
1395 2652 1481 2709 reeta
1502 2647 1553 2708 vel
1576 2665 1595 2707 a
1616 2646 1684 2707 visu
1709 2646 1740 2706 lu

380 2737 535 2797 aetherem
573 2753 731 2796 ascensum
768 2734 911 2795 moliatur
942 2734 993 2794 vel
1026 2752 1064 2796 ex
1096 2735 1243 2815 profundo
1281 2737 1405 2842 aethre
1437 2737 1477 2797 ad
1510 2737 1635 2798 Terram
1671 2748 1740 2796 sess

380 2824 532 2888 demittat

466 2919 557 2991 Quod
584 2938 656 2980 vero
681 2918 878 3000 Copemicum
912 2920 1035 2998 attinet,
1070 2928 1138 2983 tota
1161 2922 1235 2984 haec
1266 2920 1433 2983 stationum
1456 2931 1488 2983 et
1511 2920 1738 3002 repedationem

382 3032 531 3089 φακασια
553 3009 751 3090 pulcherrime
776 3028 813 3070 ea
837 3010 945 3090 opticis
970 3010 1201 3072 demonstratur.
1235 3011 1283 3072 Ac
1307 3010 1444 3090 quamvis
1467 3012 1578 3073 rectius
1602 3011 1677 3072 haec
1701 3028 1741 3071 ex

382 3104 445 3180 ipso
470 3100 627 3161 discuntur
650 3108 791 3174 auctore,
816 3118 853 3160 ue
873 3109 973 3161 tamen
993 3098 1041 3161 hic
1061 3099 1134 3162 nihil
1155 3101 1267 3161 dictum
1288 3099 1330 3160 sit
1350 3099 1429 3181 quod
1449 3099 1592 3162 lectorem
1612 3098 1737 3175 afficiat,

382 3199 518 3269 repetam
553 3187 747 3249 fundamenta
777 3188 872 3249 trihus
907 3188 1006 3250 verbis
1040 3207 1077 3248 ex
1107 3190 1173 3270 ipso
1197 3188 1334 3250 Euclide.
1380 3187 1528 3269 Equidem
1551 3188 1594 3250 sic
1619 3205 1739 3264 censeo,

384 3280 439 3341 nisi
464 3278 528 3339 alia
550 3277 759 3338 habuissemus
784 3288 970 3356 argumenta,
996 3278 1102 3357 quihus
1122 3278 1211 3358 hujus
1227 3275 1454 3359 Cepernicanae
1478 3277 1647 3341 sententiae
1666 3296 1739 3359 pro-

383 3369 470 3429 batur
497 3365 678 3445 antiquitas,
712 3366 760 3426 vel
791 3367 888 3429 solum
920 3367 997 3427 huuc
1026 3366 1123 3427 locum
1147 3366 1287 3428 sufficere
1307 3366 1443 3447 potuisse
1476 3368 1516 3429 ad
1540 3364 1741 3447 Copemicum

384 3455 575 3539 Pythagorae
600 3473 637 3515 ex
661 3455 756 3517 solido
780 3455 1000 3517 vindicandum.
1047 3454 1180 3517 Primum
1209 3463 1334 3518 constat
1361 3475 1428 3517 oum
1457 3476 1512 3537 per
1544 3474 1577 3518 se
1609 3464 1671 3519 tum
1704 3473 1741 3517 ex

384 3545 491 3607 Proclo
514 3544 688 3623 interprete,
714 3551 810 3604 totam
825 3544 960 3606 Euclidis
980 3545 1178 3623 geometriam
1201 3563 1269 3606 esse
1284 3544 1519 3627 Pythagoricam
1543 3554 1574 3608 et
1593 3546 1741 3607 directam

383 3634 411 3694 in
435 3632 567 3714 quinque
590 3632 776 3693 schematum
801 3634 989 3712 regularium,
1016 3652 1091 3711 quae
1115 3635 1267 3695 mundana
1291 3632 1401 3708 dixere,
1428 3634 1649 3714 cognitionem:
1673 3632 1739 3694 Eu-

384 3723 476 3784 clides
500 3721 593 3800 igitur
615 3722 844 3804 Pythagoraeus
869 3723 933 3784 fuit.
976 3721 1092 3783 Deinde
1116 3723 1185 3784 vide
1209 3722 1280 3784 mihi
1304 3721 1480 3783 fasciculum
1503 3721 1741 3803 propositionum

385 3811 594 3875 Euclidearum
617 3810 647 3871 iu
671 3807 790 3891 Opticis
814 3811 889 3890 ejus,
915 3830 1021 3891 nempe
1047 3808 1099 3873 53.
1125 3807 1178 3874 54.
1204 3806 1257 3873 55.
1283 3806 1337 3872 56.
1362 3807 1414 3873 57.
1440 3808 1492 3885 58,
1518 3830 1592 3892 quas
1614 3808 1741 3872 Vitellio

387 3899 543 3962 transtulit
566 3898 595 3959 in
619 3918 704 3960 suurn
729 3898 835 3962 librum
859 3900 916 3963 IV.
941 3899 1163 3980 propositiones
1190 3894 1536 3963 134.135.136.128.
1566 3896 1640 3962 132.
1667 3892 1741 3961 133.

389 3986 464 4064 129,
496 3987 603 4068 quibus
632 3989 750 4068 quidem
785 3988 1039 4069 propositionibus
1071 3986 1214 4051 Euclides
1246 4006 1354 4069 puram
1387 3995 1493 4070 putam
1525 3986 1743 4051 astronomiam

387 4075 622 4159 Oopernicanam
646 4078 782 4139 tradidit.

471 4184 517 4246 Et
538 4182 704 4263 propositio
729 4183 848 4263 quidem
867 4181 917 4247 53.
944 4183 1063 4245 videtur
1086 4183 1255 4264 exemplum
1278 4202 1376 4246 rerum
1399 4182 1576 4246 coelestium
1600 4202 1743 4267 quaerere

386 4272 413 4333 iu
436 4273 529 4335 rebus
553 4272 739 4353 propinquis,
764 4272 853 4352 idque
877 4273 907 4334 in
931 4271 1202 4334 considerationem
1229 4292 1350 4335 vocare.
1395 4272 1495 4334 Docet
1519 4274 1607 4351 enim,
1638 4302 1741 4349 eorum,

388 4379 455 4434 quae
478 4363 592 4433 aequali
624 4363 770 4417 celeritate
790 4363 931 4427 feruntur,
963 4363 1045 4432 inque
1067 4364 1165 4417 eadem
1184 4371 1264 4417 recta
1287 4364 1427 4427 existunt,
1458 4362 1485 4416 id
1505 4367 1577 4434 quod
1598 4372 1643 4420 est
1664 4365 1743 4419 oculo

387 4444 548 4511 proximum,
571 4444 657 4496 rideri
671 4444 757 4515 sequi,
781 4445 851 4514 quod
873 4442 1082 4497 remotissimum
1102 4445 1288 4513 praecedere:
1310 4443 1358 4497 ubi
1371 4459 1437 4496 rero
1451 4442 1528 4498 linea
1547 4461 1638 4498 rerum
1658 4443 1744 4498 mobi-

387 4522 450 4578 lium
471 4523 641 4578 concesserit
662 4540 680 4577 a
700 4527 801 4577 dextra
828 4523 903 4578 visus
925 4524 960 4577 ad
981 4521 1133 4587 sinistram,
1162 4524 1233 4594 quod
1253 4528 1449 4593 praecesserat
1473 4530 1570 4588 antea,
1598 4522 1658 4594 jam
1678 4523 1743 4577 auh·

389 4614 472 4685 sequi,
496 4614 567 4684 quod
589 4614 771 4683 sequebatur,
792 4614 960 4680 praecedere
980 4610 1075 4667 rideri.
1136 4601 1267 4664 Videtur
1304 4602 1343 4663 ud
1380 4620 1497 4664 currum
1535 4609 1605 4663 ante
1642 4601 1744 4664 oculo!

388 4698 594 4754 transeuntem
617 4692 787 4772 respicere:
816 4698 849 4753 ut
873 4690 1024 4759 ostendat,
1049 4690 1079 4751 in
1100 4690 1183 4751 coelo
1198 4707 1258 4752 non
1281 4689 1401 4773 quidem
1419 4690 1534 4765 eadem,
1559 4690 1612 4752 sed
1633 4687 1745 4753 similia

388 4781 432 4842 vel
454 4780 545 4861 hujus
569 4779 689 4859 generis
713 4781 808 4842 multa
832 4778 1005 4858 contingere
1029 4796 1088 4840 non
1113 4797 1182 4841 esse
1207 4778 1376 4842 absurdum
1420 4778 1530 4841 Potest
1556 4786 1658 4841 tamen
1682 4776 1743 4840 ali-

389 4868 450 4950 quis
473 4868 531 4931 hoc
555 4866 614 4930 sibi
636 4888 792 4950 usurpare,
817 4876 852 4932 ut
875 4869 1075 4941 demonstret,
1100 4866 1160 4929 etsi
1183 4866 1324 4943 Saturno,
1349 4867 1420 4930 Jovi
1444 4874 1475 4930 et
1497 4866 1594 4930 Marti
1618 4864 1745 4949 epicycli

390 4956 652 5020 accommodentur
667 4957 803 5037 ejusdem
816 4958 905 5038 plane
929 4954 1145 5036 magnitudinis
1161 4956 1254 5037 (quod
1273 4957 1300 5019 is
1320 4956 1435 5031 lecerit,
1460 4956 1510 5038 qui
1523 4954 1745 5019 Ptolemaioam

391 5047 513 5110 sormam
536 5065 575 5108 ex
597 5044 778 5127 Tychonicis
805 5043 1067 5109 observationibus
1099 5044 1294 5120 correxerit),
1326 5044 1516 5108 nihilomiuus
1539 5044 1651 5110 Martis
1673 5042 1743 5126 epi-

390 5135 503 5217 cyclum
526 5134 625 5197 visum
646 5134 684 5198 iri
706 5133 860 5217 majorem,
886 5130 1012 5197 Saturni
1034 5131 1180 5196 minorem
1201 5130 1302 5197 dorio.

439 5235 529 5289 umas
541 5236 619 5290 osec
639 5235 667 5281 u.
1496 5231 1531 5289 ll
