4584 6192
563 612 629 686 628
1041 610 1082 665 Da
1100 609 1180 663 Stella
1196 609 1270 663 uon
1286 608 1440 677 manuni

561 794 646 876 ipsae
670 790 801 873 quadrae
826 809 918 869 supra
940 794 1118 870 usurpatae,
1153 785 1323 849 dividentes
1358 789 1470 869 aliquid
1505 788 1627 851 brevius
1655 790 1774 870 integro
1803 790 1928 854 zodiaco

555 882 592 956 ,in
615 888 719 960 partes
745 877 797 943 12.
846 879 925 941 Illud
949 884 1049 939 antem
1072 883 1178 937 contra
1201 895 1304 937 omnes
1327 883 1390 939 tres
1412 897 1521 939 causas
1542 878 1600 939 dici
1614 886 1738 959 potest:
1763 880 1846 960 quod
1870 880 1928 944 etsi

562 970 793 1034 concederemus
816 967 952 1047 praecise
977 966 1083 1026 eodem
1106 983 1259 1027 recurrere
1283 984 1387 1027 omnes
1410 965 1582 1028 lunationes
1606 975 1714 1030 exacto
1739 987 1830 1043 anuo,
1855 966 1928 1031 item

563 1058 662 1121 omnia
685 1057 819 1118 solstitia
842 1073 1004 1134 omnesque
1029 1060 1185 1133 aspectus,
1210 1053 1382 1116 incredibile
1406 1062 1508 1117 tamen
1541 1055 1599 1131 sit,
1629 1056 1668 1118 ab
1701 1075 1752 1133 eo,
1783 1057 1866 1137 qnod
1896 1058 1930 1120 lit

563 1146 619 1210 sub
642 1145 775 1219 zodiaco,
800 1144 860 1206 vim
884 1141 998 1204 infundi
1022 1142 1079 1221 ipsi
1094 1142 1161 1202 loco
1176 1141 1301 1205 zodiaci.
1348 1141 1397 1205 Sit
1417 1140 1478 1208 ¹9⁰
1492 1142 1652 1222 Sagittarii
1672 1145 1782 1221 siccus,
1808 1145 1926 1226 qnando

564 1232 747 1298 novilunium
769 1241 819 1294 est
841 1232 897 1294 sub
921 1250 975 1305 eo;
999 1226 1044 1293 40
1068 1228 1244 1313 Capricorni
1267 1231 1415 1307 humidus,
1441 1233 1559 1314 quando
1574 1233 1662 1295 Luna
1683 1234 1777 1314 plena
1800 1235 1858 1297 suh
1882 1252 1926 1297 eo.

564 1321 615 1387 Sit
637 1319 838 1403 Capricornus
867 1318 1022 1392 hiemalis,
1055 1318 1173 1399 quaudo
1202 1316 1303 1381 Solem
1332 1320 1439 1395 babet;
1473 1319 1591 1383 Cancer
1617 1341 1690 1384 vero
1721 1322 1863 1385 aestivus
1892 1341 1928 1386 ex

566 1409 702 1493 ejusdem
726 1408 834 1472 sideris
856 1408 1048 1489 praesentia;
1071 1407 1203 1469 concedo
1227 1408 1355 1489 amplius
1379 1409 1507 1490 aliquid:
1531 1407 1574 1470 sit
1593 1408 1713 1472 Cancer
1736 1411 1832 1474 etiam
1856 1429 1926 1492 pro·

565 1498 678 1574 lideus,
713 1497 832 1578 quando
854 1496 963 1559 Jovem
994 1495 1086 1558 habet
1115 1495 1282 1575 hospitem,
1315 1498 1411 1578 magis
1444 1517 1532 1578 quam
1556 1496 1760 1580 Capricornus
1793 1500 1926 1581 ejusdem

564 1584 652 1651 Jovis
675 1585 835 1661 beneficio,
869 1594 984 1648 utnon
1007 1592 1126 1647 tautum
1150 1584 1218 1663 ipsa
1241 1584 1341 1647 sidera
1364 1607 1402 1648 ex
1425 1588 1487 1648 alto
1512 1586 1619 1649 fortius
1643 1587 1754 1650 feriant
1778 1607 1871 1669 quam
1892 1605 1949 1650 ex.

568 1674 691 1749 declivi,
720 1675 775 1736 sod
798 1675 866 1754 ipsa
889 1672 980 1735 etiam
1003 1679 1113 1735 natura
1140 1672 1312 1736 sublunaris
1340 1675 1534 1737 veneratione
1562 1676 1691 1754 quadam
1721 1676 1751 1737 iu
1777 1674 1927 1740 Cancrum

568 1761 721 1827 subvectis
739 1782 807 1826 sese
822 1761 1056 1825 tractabiliorem
1076 1760 1218 1822 exhibeat
1232 1763 1386 1842 magisque
1406 1761 1574 1825 obnoxiam.
1614 1763 1751 1845 Denique
1765 1764 1808 1827 sit
1822 1764 1928 1828 efficax

569 1851 677 1933 copula
699 1848 743 1914 0⁰
765 1850 882 1913 Arietis
906 1858 938 1912 et
960 1846 999 1913 0⁰
1023 1846 1149 1922 Cancri,
1174 1851 1292 1931 quando
1316 1851 1376 1914 illic
1400 1851 1549 1915 Saturnus
1573 1861 1629 1926 est,
1654 1853 1703 1915 hic
1725 1851 1800 1915 Sol:
1826 1862 1863 1915 at
1883 1853 1928 1918 ub

569 1939 747 2004 abeuntibus
777 1959 816 2001 ex
844 1939 905 2002 illis
935 1938 1009 2000 locis
1037 1937 1107 2018 quid
1139 1946 1275 2000 remanet
1307 1941 1444 2019 partibus
1474 1940 1590 2002 zodiaci
1614 1942 1651 2003 de
1673 1940 1722 2003 his
1746 1940 1926 2023 hospitibus,

570 2047 628 2112 quo
651 2028 830 2091 naturaliter
853 2048 872 2090 a
895 2047 928 2090 se
952 2026 1078 2088 invicem
1103 2025 1238 2089 distincti
1261 2028 1479 2110 intelligantur,
1504 2048 1556 2090 seu
1581 2029 1716 2091 terminis
1729 2048 1785 2092 seu
1798 2029 1929 2111 partium

573 2116 653 2180 inter
685 2118 830 2180 terminos
862 2116 1091 2196 interjectarum
1123 2117 1342 2193 qualitatibus?
1396 2118 1462 2181 Aut
1493 2117 1518 2178 si
1552 2119 1622 2198 quid
1655 2127 1774 2194 manet,
1799 2138 1842 2181 an
1873 2136 1928 2182 uou

570 2205 710 2269 aboletur
738 2205 918 2269 succedente
942 2204 1001 2266 alio
1026 2204 1194 2266 contrariae
1220 2205 1398 2285 qualitatis?
1443 2207 1523 2269 Nam
1556 2207 1685 2268 retinere
1717 2205 1843 2286 quidem
1872 2206 1928 2269 ali·

570 2294 764 2377 quantisper,
796 2293 880 2355 verbi
913 2292 1013 2374 gratia
1044 2299 1184 2355 octavam
1207 2302 1324 2374 partem
1349 2295 1525 2375 Sagittarii,
1554 2294 1614 2356 vim
1638 2295 1771 2375 aliquam
1794 2314 1836 2359 ex
1859 2314 1929 2358 cou-

569 2383 682 2465 gressu'
702 2382 789 2445 Jovis
813 2389 845 2443 et
868 2380 1002 2456 Saturni,
1028 2380 1129 2460 quiin
1154 2402 1189 2444 eo
1204 2384 1298 2462 gradu
1314 2404 1392 2445 anno
1412 2380 1494 2447 1603
1519 2384 1618 2446 lactus
1642 2391 1699 2458 eet,
1730 2402 1790 2446 uon
1815 2402 1930 2464 negan-

469 2520 473 2531 .
571 2471 640 2535 dum
675 2478 723 2533 est
754 2470 890 2551 penitus,
924 2469 1133 2549 explicandum
1166 2491 1237 2533 vero
1268 2492 1305 2534 ex
1337 2471 1565 2535 abstrusissima
1596 2472 1713 2534 ratione
1746 2472 1928 2548 harmonica,

570 2566 672 2623 mente
696 2580 715 2624 a
737 2560 822 2623 coelo
846 2560 977 2621 deducta
999 2565 1031 2619 et
1053 2556 1084 2620 in
1107 2559 1219 2621 Terras
1242 2561 1383 2635 inducta3
1406 2582 1464 2642 qua
1487 2560 1603 2622 ratione
1626 2560 1684 2642 ipsi
1707 2559 1797 2642 signo
1822 2559 1927 2643 Sagit-

569 2647 640 2712 tarii
663 2648 813 2710 naturalis
837 2648 968 2728 qualitas
990 2647 1081 2727 plane
1105 2649 1188 2710 nulla
1211 2649 1403 2729 relinquitur:
1428 2658 1518 2731 atque
1539 2650 1595 2711 hoc
1619 2649 1717 2729 ipsum
1740 2649 1837 2713 etiam
1850 2657 1928 2713 tem·

565 2753 639 2819 pore
662 2755 779 2800 rursum
802 2736 968 2799 evanescit.

657 2825 776 2888 Puncta
799 2822 881 2887 Solis
904 2823 1069 2887 cardinalia
1091 2843 1145 2905 pro
1169 2824 1356 2887 naturalibus
1380 2825 1515 2889 terminis
1539 2844 1685 2905 agnosco,
1709 2824 1772 2887 vim
1797 2822 1929 2889 Solisie

569 2911 608 2977 lis
630 2912 782 2976 versantis
806 2913 905 2975 exseri
929 2914 1041 2988 fateor;
1065 2914 1118 2975 sed
1142 2914 1231 2994 longe
1255 2915 1316 2976 alia
1339 2915 1465 2990 ratione,
1495 2934 1585 2996 quam
1608 2934 1685 2994 quae
1709 2914 1750 2975 ad
1772 2934 1839 2977 rem
1860 2932 1929 2997 per·

568 3002 676 3065 tineat.
723 3001 883 3082 Astrologi
912 3003 991 3064 enirn
1020 3002 1050 3065 in
1082 3002 1228 3083 principio
1253 3002 1431 3083 Capricorni
1458 3013 1562 3083 partes
1592 3002 1709 3066 zodiaci
1733 3002 1852 3066 calidas
1876 3001 1929 3066 rri-

570 3090 650 3174 gidis
677 3091 842 3172 permutari
870 3091 969 3153 subito
1003 3099 1035 3153 et
1062 3092 1092 3152 in
1120 3091 1186 3170 ipso
1215 3101 1325 3171 puncto
1360 3092 1513 3154 divisionis
1544 3090 1737 3153 existimant:
1772 3090 1829 3154 Sol
1861 3110 1929 3155 vero

571 3180 702 3244 calorem
725 3179 887 3253 aestivum,
912 3180 1108 3261 quantumin
1132 3198 1200 3241 sese
1224 3182 1309 3252 (nam
1333 3182 1403 3261 quid
1427 3181 1576 3244 elementa
1599 3179 1647 3242 hic
1671 3180 1846 3254 conferant,
1874 3199 1929 3242 uon

570 3275 620 3332 est
643 3268 796 3350 quaestio)
820 3268 877 3331 hnc
896 3288 990 3349 usqne
1015 3268 1174 3343 deminuit,
1199 3279 1232 3331 et
1254 3269 1293 3330 ab
1315 3269 1373 3331 hoc
1397 3270 1518 3349 fastigio
1542 3288 1658 3331 rursum
1682 3288 1796 3349 augere
1816 3267 1928 3349 incipit,

569 3357 672 3440 itaque
696 3356 726 3419 in
749 3357 815 3437 ipso
838 3365 948 3437 puncto
979 3357 1178 3419 lentissimum
1206 3367 1355 3439 praestat.
1401 3360 1450 3421 lta
1478 3358 1557 3439 qnod
1585 3366 1633 3420 est
1659 3366 1789 3420 naturae
1817 3367 1928 3420 metro·

570 3446 664 3527 polis,
689 3446 852 3524 astrologis
875 3446 950 3509 fiunt
973 3446 1085 3508 limites
1110 3446 1232 3509 duarum
1256 3446 1407 3508 hostilium
1431 3448 1596 3526 regionum.

661 3535 719 3597 Illa
742 3534 835 3596 etiam
859 3535 896 3595 de
919 3535 1075 3614 principio,
1100 3535 1199 3596 medio
1223 3544 1254 3596 et
1277 3536 1334 3596 fine
1359 3535 1581 3614 argumentatio
1605 3554 1664 3596 non
1689 3542 1761 3614 apte
1777 3535 1818 3596 ad
1840 3542 1928 3596 uatu-

572 3624 652 3686 rales
675 3622 806 3703 partium
830 3622 994 3703 qualitates
1019 3624 1212 3686 transfertur.
1260 3622 1365 3686 Omnis
1390 3644 1438 3686 res
1462 3634 1589 3703 quauta,
1614 3624 1710 3685 orunis
1734 3642 1824 3685 arcus
1849 3622 1929 3703 prin·

573 3712 681 3792 cipium
706 3719 737 3773 et
759 3712 847 3773 finem
871 3711 980 3773 babet:
1015 3712 1068 3772 sed
1093 3713 1113 3773 ii
1137 3714 1255 3774 termini
1287 3722 1400 3792 puncta
1430 3721 1516 3785 sunt,
1548 3720 1652 3792 partes
1684 3712 1727 3773 rei
1761 3731 1821 3773 non
1854 3720 1929 3774 suut

572 3800 743 3863 Secundum
768 3800 923 3861 naturales
949 3800 1113 3880 qualitates
1137 3821 1222 3873 vero,
1253 3819 1328 3878 quae
1359 3802 1559 3862 dimensiones
1584 3808 1615 3860 et
1647 3800 1731 3879 ipsae
1757 3799 1930 3880 suscipiunt,

573 3889 692 3951 omnino
717 3887 836 3968 quidem
858 3895 961 3967 partes
987 3890 1165 3968 apartibus
1189 3890 1337 3963 differunt,
1364 3899 1516 3951 extremae
1540 3910 1559 3949 a
1573 3889 1686 3961 medi03
1711 3897 1744 3950 at
1759 3907 1820 3950 non
1836 3887 1928 3951 hosti·

571 3977 642 4039 lium
666 3976 847 4057 qualitatum
872 3977 992 4051 formis,
1025 3978 1079 4038 sed
1104 3978 1238 4058 ejusdem
1270 3978 1427 4057 qualitatis
1450 3978 1604 4057 gradibus.
1650 3978 1717 4039 Hoc
1740 3985 1835 4058 pacto
1860 3996 1928 4057 qua·

571 4066 710 4128 drentem
734 4066 892 4135 aestivum,
917 4065 942 4127 si
967 4086 986 4125 a
1002 4064 1180 4141 15⁰Tauri,
1205 4067 1406 4128 autumnalem
1431 4063 1529 4129 215⁰
1543 4066 1655 4127 Leonis
1678 4074 1710 4128 et
1734 4065 1780 4128 sic
1803 4067 1928 4146 reliquos

569 4152 752 4232 inciperent,
786 4154 900 4215 meliori
938 4153 1056 4234 quidem
1084 4155 1153 4232 jure
1188 4155 1224 4215 de
1258 4155 1353 4217 tribus
1392 4154 1567 4237 quadrantis
1600 4155 1754 4237 partibus,
1791 4153 1928 4217 extremis

569 4241 713 4315 remisso,
746 4242 846 4303 media
878 4242 997 4304 intenso
1030 4244 1144 4319 calore,
1179 4244 1479 4324 philosopharentur,
1507 4244 1560 4305 sed
1593 4253 1694 4305 tamen
1727 4243 1927 4322 superioribus

569 4330 666 4392 adhuc
691 4331 877 4409 argumentis
900 4338 1082 4393 tenerentur.
1202 4372 1204 4376 .
1958 4352 1962 4358 ·

659 4420 766 4499 ltaque
801 4427 835 4479 ut
867 4420 1056 4495 concludam,
1093 4439 1203 4483 causae
1231 4423 1288 4483 hae
1313 4419 1488 4482 occasiones
1513 4418 1782 4482 subministrarunt
1805 4420 1924 4482 humano

567 4507 691 4569 arbitrio
724 4506 764 4568 ad
793 4506 949 4569 divisionis
980 4508 1057 4570 hanc
1086 4511 1212 4572 formam
1241 4509 1496 4589 amplectendam,
1528 4527 1566 4569 ex
1599 4516 1708 4569 natura
1741 4509 1785 4570 rei
1820 4507 1923 4570 divisae

570 4595 726 4657 desumtae
751 4614 808 4655 non
833 4604 918 4671 sunt,
943 4615 1038 4676 neque
1063 4600 1230 4661 naturalem
1256 4598 1432 4661 divisionem
1456 4597 1640 4677 exprimunt,
1673 4597 1728 4659 sed
1752 4617 1837 4660 mere
1859 4614 1922 4677 geo·

568 4683 727 4746 metricam
750 4701 803 4745 sen
827 4684 1060 4748 arithmeticam.
1107 4688 1156 4747 Ite
1180 4688 1339 4767 astrologi,
1365 4687 1499 4767 quaerite
1524 4686 1611 4747 alias.

1156 4967 1344 4979 —--—-
