4584 6192
475 587 541 655 282
969 590 1141 641 hannoniae
1159 588 1220 641 Pars
1239 588 1338 655 Optica

474 785 580 828 versus
605 766 680 828 disci
703 765 876 845 apparentis
900 766 1192 828 circumferentiam:
1217 767 1322 829 eadem
1343 767 1420 829 enim
1436 761 1472 829 et¹
1489 766 1614 829 visionis
1639 775 1671 830 et
1693 768 1834 832 illustra-

473 856 565 917 tionis
598 864 646 917 est
676 855 777 917 ratio:
811 874 903 934 supra
935 874 1005 917 vero
1036 874 1113 918 num.
1140 855 1169 919 5.
1204 856 1391 928 dicebamus,
1425 855 1452 917 si
1483 857 1611 935 angulus
1644 876 1701 938 qno
1726 859 1834 921 Lunae

474 963 582 1024 corpus
605 951 763 1023 spectatur
784 944 815 1005 in
839 943 994 1005 duodecim
1016 952 1121 1022 partes
1144 945 1287 1025 aequales
1311 946 1471 1020 dividatur,
1495 945 1640 1009 minorem
1664 947 1835 1026 superficiei

473 1040 591 1114 partem
620 1033 716 1095 videri
739 1031 915 1110 apartibus
944 1033 1046 1112 anguli
1079 1033 1201 1103 mediis,
1235 1035 1379 1113 majorem
1403 1033 1441 1094 ab
1470 1036 1622 1097 extremis.
1669 1035 1834 1100 Dividetur

473 1129 600 1201 ergoet
631 1122 758 1201 angulus
790 1121 1000 1183 illustrationis
1030 1142 1083 1183 seu
1115 1123 1167 1183 lux
1201 1123 1268 1201 ipsa
1295 1124 1324 1185 in
1349 1123 1466 1184 Lunam
1499 1122 1611 1205 illapsa
1640 1123 1670 1184 in
1703 1126 1836 1189 totidem

472 1219 596 1289 partes;
634 1212 809 1271 tantundem
846 1210 938 1289 igitur
970 1210 1044 1270 lucis
1076 1210 1272 1289 respondebit
1311 1211 1477 1290 superficiei
1518 1212 1655 1290 partibus
1689 1215 1834 1277 extremis

473 1299 600 1377 magnis,
626 1306 767 1379 quantum
790 1298 976 1359 intermediis
1001 1299 1152 1377 angustis,
1177 1318 1269 1379 quare
1297 1301 1388 1361 latius
1417 1300 1572 1361 diducetur
1600 1302 1651 1362 lux
1674 1302 1702 1362 in
1728 1311 1833 1366 extre-

473 1387 629 1449 mitatibus
653 1398 685 1447 et
707 1387 856 1467 obliquius
880 1388 1003 1449 incidet.
1046 1388 1182 1467 Denique
1206 1407 1273 1450 cum
1292 1392 1441 1469 λιπανγιια
1464 1388 1586 1451 claudat
1610 1383 1832 1468 extremitates,

473 1497 627 1555 ccvanyna
651 1476 779 1536 medium
803 1486 937 1555 occupet,
964 1477 1092 1538 medium
1116 1478 1217 1557 itaque
1241 1478 1352 1539 elarius
1376 1477 1444 1538 erit.

560 1565 627 1643 Ego
651 1583 722 1625 vcro
745 1565 820 1626 nihil
842 1564 890 1625 his
914 1583 1036 1627 moveor
1059 1565 1235 1638 rationibus,
1259 1574 1312 1627 aut
1335 1574 1417 1627 certe
1440 1583 1609 1643 perparum.
1647 1566 1727 1628 Nam
1753 1568 1833 1648 quod

472 1675 642 1733 unravynnr
664 1653 785 1726 attinet,
809 1653 862 1714 illa
885 1653 929 1715 sic
949 1663 1044 1715 totsm
1068 1654 1183 1716 Lunam
1209 1664 1344 1734 occupat,
1369 1662 1404 1716 ut
1422 1654 1550 1716 circulus
1574 1657 1747 1733 λιπαυγοιας,
1773 1657 1831 1719 etsi

470 1742 610 1820 praecisa
633 1742 816 1803 concedatur
839 1742 988 1821 oppositio
1004 1743 1068 1804 sine
1082 1743 1225 1813 tenebris,
1249 1750 1413 1804 evanescat
1436 1752 1612 1821 comparata
1627 1744 1666 1805 ad
1685 1745 1831 1825 reliquam

471 1830 665 1893 diametrumc
691 1830 719 1890 in
744 1828 982 1909 oppositionibus
1006 1850 1077 1893 vero
1101 1850 1158 1892 non
1184 1831 1288 1893 solidis
1311 1831 1471 1909 potissima
1493 1839 1580 1910 parte
1604 1831 1690 1907 latet,
1716 1841 1831 1914 etqua

470 1941 624 1998 oveanyerq
657 1919 816 1993 cohaeret,
848 1938 953 1998 parum
981 1922 1019 1981 ab
1053 1920 1105 1981 illa
1137 1918 1247 1981 differt.
1299 1919 1369 1981 Etsi
1401 1938 1472 1979 vero
1505 1920 1556 1980 lux
1586 1918 1667 1982 Solis
1699 1921 1768 2000 plus
1799 1923 1830 1983 in

470 2007 712 2069 extremitatibus
732 2008 836 2069 Lunae
860 2008 1022 2087 spargitur,
1046 2016 1079 2069 at
1103 2007 1236 2069 vicissim
1256 2008 1323 2087 plus
1346 2009 1475 2069 densata
1498 2027 1566 2068 sese
1585 2008 1696 2088 ingerit
1717 2011 1831 2072 nostris

470 2096 563 2157 oculis
591 2097 621 2156 in
655 2095 893 2174 oppositionibus
926 2098 1061 2176 quidem3
1095 2105 1126 2157 et
1155 2097 1272 2176 quidem
1304 2097 1410 2158 eodem
1443 2097 1567 2176 angulo,
1601 2115 1659 2176 quo
1683 2098 1712 2159 in
1745 2099 1829 2159 illam

470 2185 616 2265 majorem
640 2184 825 2264 superficiem
845 2185 1041 2247 distribuitur.
1080 2183 1282 2248 Confirmatur
1301 2185 1357 2245 hoc
1378 2185 1564 2265 experientia
1582 2185 1679 2247 minus
1698 2187 1829 2249 lallibili.

470 2274 585 2335 Lumen
609 2273 688 2335 enim
712 2274 817 2335 Lunae
839 2274 946 2352 plenae
970 2274 999 2336 in
1024 2276 1182 2336 obscuram
1213 2293 1363 2335 cameram
1398 2272 1601 2336 intromissum
1625 2294 1659 2336 eo
1691 2276 1827 2351 artificio,

470 2362 548 2442 quod
572 2381 663 2441 supra
686 2362 785 2440 capite
810 2362 941 2423 secundo
970 2362 1131 2442 descripsi,
1166 2363 1322 2424 clariorem
1346 2362 1376 2424 in
1400 2362 1468 2424 albo
1501 2363 1673 2441 pavimento
1707 2364 1830 2427 limbum

469 2458 688 2530 repraesentat,
713 2469 802 2529 quam
816 2450 955 2524 medium,
978 2460 1103 2531 propter
1115 2452 1251 2514 maculas
1269 2452 1399 2514 medium
1422 2449 1602 2513 obtinentes.
1642 2450 1731 2522 Quod
1755 2473 1828 2515 vero

471 2538 598 2601 intuenti
621 2540 710 2599 Luna
730 2538 761 2600 in
784 2538 882 2601 medio
910 2539 1019 2602 clarior
1046 2540 1189 2615 cernitur,
1223 2540 1341 2602 videtur
1369 2559 1436 2601 esse
1468 2539 1551 2601 visua
1574 2540 1709 2616 affectio,
1742 2561 1829 2623 quem

471 2627 500 2688 in
523 2635 659 2690 centrum
684 2627 829 2689 directum
853 2628 953 2689 clarae
976 2637 1080 2707 partes
1109 2628 1307 2691 circumstant
1329 2628 1472 2708 undique,
1502 2628 1601 2709 quisi
1626 2628 1776 2710 dirigatur
1799 2631 1828 2692 in

469 2716 644 2795 marginem,
664 2716 729 2795 jam
752 2735 790 2777 ex
814 2718 911 2777 altera
933 2726 1020 2796 parte
1046 2718 1195 2779 deseritur
1214 2717 1396 2792 aclaritate,
1421 2716 1576 2798 ingerente
1596 2736 1664 2779 sese
1688 2720 1828 2782 caemleo

471 2805 546 2865 coeli
570 2805 680 2866 colore.

556 2894 601 2954 At
623 2893 711 2954 Luna
738 2894 803 2973 jam
827 2894 1021 2955 decrescente
1045 2902 1098 2954 aut
1129 2893 1260 2955 nondum
1287 2894 1391 2973 plena,
1426 2893 1515 2972 plane
1542 2895 1646 2956 valent
1677 2895 1828 2958 adductae

470 3000 598 3056 causae,
635 2989 802 3044 attestante
833 3000 947 3062 quoque
980 2982 1176 3062 experientia.
1222 2982 1337 3044 Lumen
1362 2983 1458 3055 enim,
1490 2983 1567 3061 quod
1599 2983 1771 3045 interiorem
1797 2993 1829 3046 et

468 3089 573 3131 cavam
597 3090 650 3131 sen
673 3070 794 3149 gibbam
818 3071 883 3150 ejus
913 3072 1022 3133 lineam
1054 3072 1209 3146 efformet,
1243 3071 1331 3133 valde
1362 3070 1460 3131 debile
1485 3078 1518 3131 et
1544 3072 1668 3133 dilutum
1692 3079 1757 3147 est,
1792 3094 1827 3135 eo

468 3159 546 3239 quod
570 3178 707 3239 sparsum
730 3178 785 3239 per
808 3162 932 3221 multam
963 3159 1149 3238 superficiem
1178 3159 1324 3239 majorem
1341 3160 1372 3222 in
1395 3159 1510 3221 visione
1535 3160 1676 3240 angulum
1700 3172 1830 3243 occupet

469 3248 499 3309 in
524 3248 580 3310 hoc
602 3248 663 3310 situ
688 3266 777 3328 qnam
801 3248 830 3310 in
854 3248 1065 3311 illustratione.

833 3384 863 3451 8.
910 3388 963 3452 De
988 3389 1103 3452 lineis
1126 3388 1299 3470 phasium
1322 3388 1461 3450 Lunae.

556 3512 711 3574 Docuerat
735 3510 933 3592 Albategnius
957 3513 1107 3575 delineare
1127 3533 1165 3575 ex
1184 3510 1313 3592 cognitis
1332 3511 1462 3572 motibus
1486 3511 1680 3591 longitudinis
1700 3520 1732 3574 et
1751 3513 1826 3576 lati-

467 3602 580 3666 tudinis
604 3599 735 3683 speciem
758 3602 912 3663 nascentis
935 3603 1050 3663 Lunae.
1096 3603 1174 3664 Eum
1202 3602 1321 3663 modum
1344 3618 1448 3679 parum
1472 3619 1540 3661 esse
1568 3610 1700 3676 certum,
1735 3622 1829 3682 supra

467 3691 582 3753 vidisti.
630 3687 745 3760 Quodsi
777 3698 807 3751 te
838 3709 910 3752 cura
938 3692 1073 3752 incessat
1100 3690 1236 3753 certioris
1268 3689 1402 3769 picturae
1437 3690 1622 3770 (quanquam
1652 3690 1729 3751 hanc
1753 3712 1773 3752 a
1797 3701 1827 3754 tc

468 3781 535 3861 ipso
558 3780 662 3858 petes)
687 3785 718 3838 et
732 3797 807 3858 quae
823 3799 880 3841 non
905 3780 1037 3841 falcatae
1057 3780 1153 3842 solum
1167 3779 1272 3841 Lunae
1287 3778 1341 3839 sed
1361 3777 1453 3839 etiam
1476 3777 1622 3857 gibbosas
1646 3780 1826 3843 conveniat:

467 3888 542 3950 opus
566 3866 620 3929 tibi
645 3866 703 3928 erit
725 3869 896 3946 cognitione
920 3869 1080 3945 linearum,
1111 3868 1217 3950 quibus
1246 3868 1368 3928 schema
1390 3867 1495 3929 Lunae
1528 3867 1715 3947 aspectabile
1739 3869 1827 3931 clau-

466 3959 564 4020 datur.
611 3956 658 4017 De
683 3955 781 4017 altera
811 3958 929 4036 quidem
954 3965 985 4018 et
1005 3976 1081 4037 quae
1105 3956 1209 4020 Solem
1238 3955 1376 4036 respicit,
1405 3962 1540 4030 constat,
1571 3956 1650 4035 quod
1673 3955 1714 4017 sit
1737 3977 1827 4019 arcus

467 4046 570 4109 circuli
599 4044 743 4106 visionis:
769 4052 802 4105 at
830 4064 905 4125 quae
934 4064 1039 4107 versus
1069 4046 1239 4127 oppositum
1262 4043 1344 4106 Solis
1375 4051 1532 4123 spectant,
1562 4064 1620 4105 non
1644 4054 1715 4106 sunt
1738 4066 1827 4108 arcus

467 4135 580 4197 circuli.
629 4132 754 4194 Vitellio
778 4134 830 4195 lib.
856 4135 912 4196 IV.
942 4154 1025 4214 prop.
1042 4133 1095 4198 25.
1125 4136 1155 4197 in
1179 4152 1287 4213 genere
1311 4132 1505 4212 irregularem
1529 4132 1606 4194 dixit
1629 4152 1696 4194 esse
1721 4135 1827 4196 Lunae

467 4223 607 4303 gibbum;
631 4239 719 4300 prop.
744 4241 815 4284 vero
840 4220 891 4285 77.
917 4224 1062 4285 falcatam
1085 4224 1217 4303 speciem
1242 4222 1373 4284 affirmat
1396 4222 1510 4284 dnobus
1539 4222 1625 4301 quasi
1654 4224 1827 4304 aequalium

468 4309 643 4373 circulorum
667 4312 795 4373 arcubus
819 4312 976 4374 contineri.
1024 4311 1109 4375 Scito
1133 4312 1239 4391 igitur,
1269 4319 1425 4391 utramque
1454 4329 1521 4371 esse
1550 4330 1652 4373 arcum
1680 4312 1827 4373 sectionis

468 4399 599 4474 conisae,
624 4417 700 4477 quae
724 4399 840 4480 ellipsis
862 4402 980 4474 dicitur,
1006 4403 1084 4483 quod
1099 4402 1285 4465 Aristoteles
1308 4400 1442 4462 sectione
1462 4396 1511 4462 15.
1531 4399 1627 4480 probl.
1644 4395 1673 4462 6.
1699 4400 1827 4474 monuit,

468 4507 523 4568 ego
547 4488 591 4549 sic
614 4487 718 4566 probo.

555 4576 668 4638 Definit
681 4577 861 4655 Apollonius
882 4578 1069 4657 superficiem
1088 4579 1222 4640 eonieam
1237 4579 1313 4639 hanc
1328 4596 1405 4650 esse,
1431 4576 1666 4656 quandocunque
1682 4577 1826 4640 circulum

466 4666 546 4728 linea
578 4665 679 4745 aliqua
712 4685 748 4726 ex
781 4666 880 4746 aliquo
915 4676 1026 4746 puncto
1060 4669 1132 4738 (non
1164 4668 1192 4729 in
1226 4666 1348 4746 planum
1381 4665 1444 4744 ejus
1477 4664 1580 4726 circuli
1618 4666 1826 4728 continuatum

466 4756 634 4828 incidente)
658 4774 737 4815 nexa
767 4755 973 4825 immobiliter,
1008 4757 1144 4818 circumit
1177 4757 1275 4818 altera
1304 4775 1340 4815 ex
1369 4761 1470 4834 parte,
1496 4754 1681 4833 superficiem
1705 4775 1823 4828 ereans,

466 4847 560 4906 donec
584 4843 691 4904 redeat
714 4843 752 4903 ad
777 4843 806 4903 id
836 4845 937 4906 circuli
967 4855 1110 4923 punctum
1134 4846 1211 4906 unde
1235 4852 1378 4925 coeperat
1401 4842 1523 4906 moveri.
1570 4841 1640 4904 Jam
1662 4862 1735 4906 vero
1759 4853 1824 4908 ter·

465 4933 561 4994 minus
586 4931 814 4994 illuminationis
833 4934 936 4995 Lunae
961 4933 1089 4994 circulus
1114 4941 1171 5006 est,
1195 4942 1337 5013 utsupra
1361 4932 1494 4993 dictum:
1519 4932 1601 4993 visus
1625 4951 1696 4993 vero
1721 4942 1826 4995 noster

466 5022 558 5082 lrabet
581 5021 729 5081 rationem
754 5021 889 5101 requisiti
913 5023 1026 5101 puncti.
1073 5021 1141 5082 Non
1165 5022 1244 5083 enim
1267 5023 1296 5083 in
1319 5021 1443 5099 planum
1466 5019 1567 5082 circuli
1596 5020 1825 5084 illuminationis

466 5109 673 5171 continuatum
696 5108 801 5172 incidit
819 5127 872 5189 per
890 5119 988 5172 totum
1011 5128 1156 5187 mensem,
1180 5120 1390 5191 praeterquam
1409 5110 1490 5172 circa
1509 5116 1665 5189 utramque
1689 5111 1825 5190 quadra-
