4584 6192
797 1295 1300 1397 PROOEMIUM

985 1545 1089 1553 ,σῃ-.-4
1096 1544 1116 1550 -.

470 1633 721 1770 Quotiescunque
745 1709 840 1751 novae
865 1690 894 1750 in
918 1690 1002 1751 coelo
1026 1689 1133 1750 stellae
1149 1694 1329 1766 conspectae
1349 1696 1445 1763 erant,
1470 1708 1557 1769 quum
1576 1698 1608 1751 et
1626 1698 1728 1752 astro·

371 1781 453 1843 nomi
478 1779 586 1858 aliique
614 1780 749 1840 homines
777 1796 876 1839 rerum
904 1777 1079 1839 coelestium
1109 1777 1280 1856 cognitione
1310 1796 1367 1838 uon
1396 1778 1506 1839 initiati
1534 1780 1729 1843 vehementer

369 1877 635 1942 commoverentur,
660 1870 818 1929 multorum
843 1868 961 1945 ingenia
985 1867 1195 1928 excitabantur
1219 1868 1257 1927 ad
1281 1885 1345 1927 rem
1368 1886 1491 1942 novam,
1522 1868 1585 1929 sive
1609 1876 1728 1930 cometa

369 1959 421 2019 ille
454 1966 521 2018 erat
553 1957 617 2017 sive
650 1976 681 2017 re
714 1976 786 2017 vera
818 1975 897 2016 nova
933 1956 1040 2028 stella,
1080 1954 1164 2016 libris
1202 1955 1406 2034 inquirendam
1444 1964 1475 2016 et
1506 1956 1726 2018 illustrandam.

369 2047 543 2127 Tychonem
567 2046 685 2126 quidem
708 2046 828 2118 scimus
854 2064 932 2105 nova
956 2044 1083 2104 maxime
1108 2063 1186 2104 anno
1213 2041 1296 2105 1572
1327 2053 1490 2124 conspecta
1518 2046 1610 2106 stella
1640 2046 1726 2107 exci-

369 2144 468 2196 tatum
492 2153 569 2208 esse,
596 2143 628 2194 nt
650 2141 746 2195 totum
771 2153 804 2194 se
828 2135 916 2194 daret
938 2134 1021 2193 coelo
1045 2133 1253 2210 cognoscendo
1273 2141 1304 2192 et
1322 2134 1445 2194 fixarum
1461 2134 1617 2196 stellarum
1636 2135 1728 2195 tabu-

369 2225 431 2285 lam
456 2233 487 2283 et
511 2223 658 2284 rationem
692 2222 913 2296 conscriberet,
947 2241 982 2281 ne
1014 2222 1142 2299 posthac
1175 2230 1209 2281 ut
1240 2227 1304 2281 tum
1334 2242 1383 2282 res
1415 2223 1444 2282 in
1474 2222 1592 2284 dubium
1627 2223 1729 2284 vocari

373 2322 497 2391 posset,
531 2319 630 2372 utrum
654 2313 745 2372 stella
773 2311 1006 2389 quandocunque
1031 2310 1059 2370 in
1084 2317 1277 2388 conspectum
1308 2311 1450 2385 veniens,
1484 2330 1515 2371 re
1546 2329 1620 2372 vera
1650 2330 1730 2373 nova

371 2409 455 2463 esset
479 2420 516 2460 an
540 2401 578 2461 iis
602 2420 677 2479 quae
702 2400 812 2460 dudum
836 2407 1018 2479 apparerent
1042 2400 1275 2460 adnumeranda.

460 2490 568 2568 Itaque
592 2489 697 2550 mirum
722 2507 778 2548 non
804 2497 869 2561 est,
904 2488 981 2567 quod
1005 2486 1154 2566 Keplerus
1179 2506 1294 2567 quoque
1318 2506 1425 2565 sparso
1449 2505 1544 2548 novae
1568 2488 1676 2549 stellae
1700 2488 1731 2550 in

371 2585 564 2657 conspectum
589 2577 679 2637 datae
703 2596 829 2650 rumore,
855 2596 916 2637 rem
940 2577 1060 2655 penitus
1084 2576 1255 2655 perspicere
1280 2596 1365 2637 sunm
1388 2594 1456 2637 esse
1481 2576 1585 2643 duxit,
1619 2584 1668 2652 et,
1702 2577 1729 2638 si

371 2668 442 2747 quid
466 2674 550 2727 esset
573 2666 650 2739 novi,
677 2665 706 2726 id
730 2666 757 2725 in
783 2685 867 2726 snum
891 2666 1074 2745 aliorumque
1098 2685 1183 2726 nsum
1209 2674 1383 2726 convertere
1398 2664 1524 2727 studuit.
1560 2664 1631 2726 Jam
1655 2684 1731 2744 quae

372 2756 533 2833 diligenter
557 2751 618 2814 rem
642 2754 776 2815 rimando
801 2755 951 2832 cognovit,
978 2754 1034 2814 hoc
1059 2755 1133 2814 libro
1159 2773 1236 2814 anno
1264 2750 1359 2815 1606.
1392 2754 1511 2831 Pragae
1535 2760 1568 2814 et
1590 2755 1729 2815 Franko-

372 2844 443 2905 furti
468 2843 549 2905 edito
574 2843 791 2921 complectitur,
817 2863 853 2903 ea
878 2862 956 2913 vero,
982 2862 1057 2920 quae
1082 2844 1120 2902 ad
1144 2842 1226 2921 vulgi
1249 2852 1370 2921 captum
1384 2842 1520 2902 sufficere
1540 2842 1730 2915 videbantur,

372 2931 557 2993 Germanica
584 2932 686 3009 lingna
712 2932 817 3009 paucis
845 2932 973 3010 pagellis
1002 2931 1174 3010 conscripta
1203 2951 1280 2991 anno
1311 2930 1464 3009 superiore
1490 2930 1729 3009 „Prognostico“

371 3021 536 3101 subjungit.
584 3026 681 3092 (Comp.
699 3029 755 3077 Vol.
773 3029 793 3077 1.
813 3045 835 3091 p.
856 3026 908 3076 47³
927 3028 972 3088 ss.)

461 3108 612 3188 Adjnnxit
643 3110 719 3169 libro
753 3129 840 3188 quem
869 3111 933 3188 jam
966 3110 1090 3171 dicimus
1124 3106 1362 3187 disquisitionem
1401 3107 1438 3168 de
1475 3105 1536 3167 alia
1573 3107 1664 3168 stella
1700 3107 1730 3169 in

373 3198 491 3280 Cygno,
515 3216 613 3276 qnam,
637 3198 787 3258 nescimus
812 3201 922 3277 quade
943 3219 1045 3271 cansa,
1070 3198 1252 3276 interposuit
1275 3196 1419 3274 singulari
1444 3196 1619 3274 inscriptam
1643 3196 1732 3258 titulo

373 3286 526 3367 capitibus
550 3283 602 3346 27.
624 3294 656 3347 et
675 3283 727 3347 28.
754 3287 820 3347 libri
845 3288 881 3347 de
897 3285 996 3348 Stella
1020 3287 1049 3347 in
1065 3286 1271 3364 Serpentario.
1311 3286 1368 3345 Illa
1391 3306 1410 3345 a
1433 3285 1544 3364 pagina
1560 3281 1733 3349 148-168

372 3378 514 3443 deducta,
539 3375 626 3434 finem
659 3375 733 3435 facit
766 3376 962 3453 disputationi
996 3379 1033 3437 de
1057 3374 1157 3436 Stella
1188 3375 1218 3435 in
1243 3374 1439 3453 Serpentario
1473 3377 1518 3453 (p.
1547 3369 1730 3449 169-212,

372 3484 439 3543 cap.
465 3460 642 3535 28—30.),
677 3483 753 3542 quae
787 3473 818 3524 et
850 3465 918 3546 ipsa
950 3484 1058 3526 novum
1091 3464 1211 3525 titulum
1246 3482 1425 3542 causamque
1458 3462 1597 3524 translati
1630 3463 1733 3540 Praga

371 3552 605 3616 Francofnrtum
629 3552 696 3624 loci,
723 3553 772 3613 nbi
798 3554 878 3633 typis
903 3555 1123 3615 exscriberetur
1156 3554 1285 3625 libellus,
1313 3560 1499 3630 „temporum
1523 3550 1730 3612 difficultatem

371 3649 404 3703 et
428 3639 619 3718 angustiam“
645 3641 746 3702 refert.

461 3729 539 3789 Huic
562 3728 641 3808 parti
666 3730 754 3790 alteri
778 3730 948 3791 adnectitur
972 3740 1003 3791 et
1025 3732 1090 3810 ipse
1113 3726 1234 3807 proprio
1258 3727 1346 3788 titulo
1376 3726 1537 3804 insignitus
1565 3744 1731 3805 novumque

370 3817 551 3899 paginarum
573 3837 728 3879 nnmerum
752 3819 885 3880 reserens
910 3819 1028 3880 libellus
1053 3820 1112 3887 ille,
1138 3816 1239 3896 quiin
1265 3817 1362 3877 fronte
1387 3817 1480 3877 totius
1495 3813 1594 3894 operis
1614 3815 1732 3893 positus

371 3907 564 3970 inscribitur:
592 3907 656 3979 „de
682 3905 831 3967 Christi
855 3927 942 3969 vero
968 3927 1062 3969 anno
1086 3904 1293 3967 natalitio“
1320 3905 1473 3977 (Francos.
1503 3899 1618 3976 1606),
1645 3923 1731 3983 quem

371 3996 492 4076 quidem
517 3994 658 4067 libellum,
684 4015 750 4056 cum
773 3997 846 4057 nihil
870 3996 958 4075 plane
983 4015 1136 4057 commune
1161 3994 1274 4055 habeat
1292 4014 1358 4055 cnm
1374 3994 1449 4056 libro
1469 3995 1505 4055 de
1521 3993 1620 4055 Stella
1633 3994 1731 4067 Nova,

369 4085 442 4147 huic
466 4102 525 4143 non
549 4083 728 4161 adjecimus,
752 4104 818 4145 cnm
843 4085 910 4146 aliis
935 4085 1058 4163 Kepleri
1083 4084 1166 4145 libris
1191 4084 1408 4161 chronologicis
1441 4083 1599 4144 edendnm.
1648 4081 1731 4157 ,Oc-

370 4173 526 4235 casionem
551 4172 677 4245 trahit,“
703 4173 776 4234 dicit
793 4174 953 4252 Keplerns,
980 4193 1038 4248 „ex
1060 4192 1130 4252 pag.
1153 4169 1223 4235 135.
1248 4171 1454 4243 (conclusione
1469 4172 1579 4252 capitis
1592 4173 1731 4244 XXVI.)

371 4270 405 4323 et
429 4260 556 4323 seorsim
581 4261 766 4323 excuditur.“

462 4350 727 4428 Argumentum
751 4358 852 4411 antem
875 4349 943 4411 libri
966 4349 1023 4410 hoc
1047 4357 1109 4411 est:

464 4436 539 4517 Cap.
565 4438 588 4500 l.
621 4438 730 4513 refert,
765 4440 912 4518 quomodo
945 4439 1072 4518 primum
1105 4438 1198 4499 stella
1231 4437 1271 4498 sit
1304 4439 1466 4499 observata
1496 4439 1604 4518 quiqne
1633 4437 1733 4501 nuncii

370 4528 489 4589 auctori
529 4526 615 4587 allati
653 4526 715 4587 sint
754 4548 772 4587 a
806 4528 932 4588 diversis
966 4527 1222 4589 observatoribus.
1282 4525 1382 4588 Stella
1418 4527 1588 4606 apparebat
1625 4534 1731 4587 exacte

368 4616 521 4689 rotunda,
556 4615 637 4676 nullo
660 4616 741 4677 crine
765 4617 920 4695 projecto,
955 4616 1170 4678 scintillatione
1194 4615 1382 4688 clarissima,
1418 4616 1567 4677 coloribus
1590 4615 1730 4678 variatis.

368 4704 582 4782 Magnitudine
608 4705 803 4784 aequiparare
828 4705 986 4765 videbatur
1008 4705 1116 4767 Jnvem
1144 4705 1192 4765 vel
1217 4703 1378 4767 Venerem.
1426 4704 1452 4765 E
1476 4712 1641 4784 conspectu
1665 4704 1731 4765 dis-

368 4792 468 4856 cessit
490 4794 569 4855 inter
584 4790 746 4855 Octobrem
772 4794 841 4854 anni
861 4789 942 4856 1605
968 4805 999 4858 et
1021 4795 1216 4856 Februarium
1239 4793 1309 4854 anni
1328 4789 1423 4856 1606.
1452 4825 1490 4837 -
1516 4792 1592 4873 Cap.
1608 4793 1647 4855 11.
1664 4812 1731 4874 sqq.

368 4882 506 4962 explicat
520 4882 671 4961 Keplerns
696 4883 881 4959 astrologica
905 4885 1070 4961 quaedam,
1105 4903 1162 4944 non
1187 4891 1304 4943 tanturn
1328 4892 1362 4945 ut
1385 4882 1558 4945 satisfaciat
1583 4882 1732 4945 voluntati

368 4970 546 5051 legentium,
573 4971 620 5050 qni
644 4968 684 5031 ab
709 4979 880 5033 astronomo
905 4973 996 5033 etiam
1020 4972 1205 5050 astrologica
1228 4973 1427 5051 postularent,
1453 4973 1589 5034 sedeam
1603 4971 1732 5033 maxime

367 5061 410 5123 ob
444 5078 586 5133 causam,
621 5061 700 5139 qnod
733 5069 851 5140 tempus
885 5063 1025 5142 locusque
1057 5062 1167 5124 stellae
1200 5071 1380 5141 conspectae
1413 5061 1519 5125 incidit
1550 5062 1581 5124 in
1612 5069 1731 5145 tempus

424 5162 515 5213 raptui
529 5164 604 5212 Opera.
626 5165 654 5205 11.
935 5200 940 5208 ,
1485 5164 1518 5217 37
