4584 6192
811 569 823 592 ’
940 612 1173 665 cxxvi-cm.
1646 613 1734 681 aaa

374 785 497 863 punctis
521 785 713 850 incidentiae.
759 788 838 851 Sunt
861 789 939 851 enim
963 790 993 852 hi
1022 797 1184 870 tangentes
1201 791 1363 870 ‘paralleli
1410 790 1512 862 Quare
1536 801 1567 854 et
1590 792 1733 856 retractio

375 873 435 934 erit
458 875 573 948 eadem,
599 885 632 937 et
645 878 768 939 refracti
787 898 825 938 ex
844 898 967 958 corpore
991 879 1083 940 denso
1098 879 1127 940 in
1147 880 1269 959 plagam
1294 887 1450 960 utramque
1475 891 1561 943 eruut
1584 882 1732 961 paralleli,

375 970 410 1023 ut
423 961 491 1037 BG,
506 962 574 1026 ΕΗ.
612 966 728 1027 Eadem
751 966 843 1045 igitur
866 968 1054 1045 divergentia
1078 976 1131 1028 aut
1154 969 1371 1047 convergentia
1385 969 1443 1031 ΕΗ
1461 971 1634 1031 exeuntium
1655 989 1732 1050 quae

376 1048 433 1112 GB
457 1051 706 1130 ingredientium:
732 1057 908 1135 quantisper
931 1057 1050 1135 quidem
1063 1056 1127 1130 BE,
1145 1054 1197 1119 CF
1220 1056 1302 1118 intra
1326 1076 1433 1136 corpus
1457 1059 1596 1136 paralleli
1611 1058 1732 1121 fuerint.

465 1139 614 1205 CXXIX.
661 1143 888 1222 Propositio.
936 1145 1027 1206 Radii
1051 1145 1136 1206 unius
1160 1145 1263 1224 puncti
1288 1145 1318 1206 in
1338 1146 1449 1208 lentem
1464 1146 1553 1208 simul
1567 1166 1733 1209 convexam

375 1237 408 1290 et
431 1248 537 1291 cavam
562 1233 665 1292 eodem
689 1232 797 1293 circulo
823 1232 1005 1307 incidentes,
1031 1233 1056 1293 si
1080 1244 1222 1312 punctum
1247 1235 1440 1314 longinquum
1465 1234 1567 1308 fuerit,
1601 1236 1733 1297 transita

359 1318 457 1379 ·leute
481 1329 684 1399 convergunt,
718 1321 743 1381 si
772 1321 965 1401 propinquius
989 1323 1135 1382 diametro
1161 1322 1278 1396 circuli,
1310 1323 1469 1402 divergunt
1491 1324 1619 1401 amplius
1643 1344 1732 1404 quam

374 1406 415 1467 ab
439 1407 563 1485 origine.
596 1457 601 1470 .

464 1495 571 1557 Puncti
596 1497 673 1558 enim
699 1496 849 1576 longinqui
879 1498 953 1559 radii
983 1508 1053 1559 sunt
1081 1499 1219 1577 paralleli
1248 1518 1301 1577 per
1324 1499 1446 1561 XXlll.
1494 1498 1637 1560 Paralleli
1661 1518 1732 1560 vero

373 1584 404 1643 in
428 1603 592 1646 convexum
617 1585 736 1645 densius
753 1586 918 1647 incidentes
933 1605 987 1665 per
1001 1588 1155 1649 XXXIV.
1178 1596 1362 1664 convergunt
1378 1588 1457 1648 intra
1473 1607 1580 1667 corpus
1597 1589 1730 1650 densum.

463 1671 540 1732 Esto
565 1682 596 1733 ut
621 1672 651 1734 G
675 1674 715 1733 sit
740 1675 931 1751 longinquum
955 1684 1095 1753 punctum
1122 1686 1152 1735 et
1178 1675 1248 1749 GB,
1276 1674 1331 1736 GC
1357 1676 1508 1753 paralleli,
1534 1686 1562 1736 et
1588 1675 1654 1750 ΒΕ,
1681 1674 1733 1738 OF

373 1772 568 1840 convergunt.
616 1761 682 1822 Erit
715 1762 806 1838 igitur
828 1762 881 1823 EF
911 1765 1028 1824 brevior
1057 1784 1144 1843 quam
1170 1763 1233 1825 BC.
1281 1764 1405 1824 Rectior
1430 1764 1519 1843 igitur

373 1849 539 1910 incidentia
562 1851 655 1929 ipsius
674 1850 727 1911 BE
753 1852 781 1912 in
799 1852 849 1911 EF
873 1871 962 1931 quam
987 1853 1014 1912 in
1030 1852 1095 1914 BC.
1138 1854 1238 1913 Minor
1261 1853 1352 1931 igitur
1376 1854 1518 1914 retractio

372 1938 403 1998 iu
434 1937 460 1997 E
495 1958 583 2017 quam
614 1940 642 1999 in
674 1940 709 1999 B.
763 1939 863 2010 Quare
897 1941 991 2019 major
1024 1943 1151 2020 angulus
1187 1940 1270 2003 GBE
1301 1961 1390 2019 quam
1424 1941 1517 2002 ΒΕΗ.

371 2027 442 2086 Non
467 2027 556 2105 igitur
582 2026 637 2088 GB
663 2037 694 2086 et
712 2029 768 2089 Ell
791 2030 966 2108 parallelae.
1004 2030 1048 2091 At
1073 2028 1140 2102 GB,
1163 2028 1217 2090 GC
1242 2042 1391 2107 ponuntur
1415 2030 1518 2108 paral·
1600 2067 1604 2086 .

373 2114 460 2175 lelae.
501 2116 583 2195 Ergo
607 2116 673 2189 ΕΗ,
694 2119 746 2178 ΕΑ
772 2118 894 2177 refracti
919 2128 1103 2197 convergunt
1127 2120 1305 2196 tandemque
1331 2128 1516 2179 concurrent.

372 2300 461 2352 erunt
494 2294 585 2371 igitur
619 2292 690 2366 (ΞΒ,
727 2294 782 2356 GC
814 2295 889 2356 radii
924 2296 1124 2374 divergeutes.
1178 2294 1228 2356 Sic
1259 2305 1358 2355 autem
1391 2296 1518 2373 ingressi

371 2400 539 2443 convexum
560 2382 680 2443 densius
705 2384 799 2444 minus
819 2384 936 2463 quidem
962 2384 1127 2463 divergent,
1155 2385 1208 2445 sed
1229 2394 1327 2445 tamen
1350 2384 1516 2464 divergeut,
1613 2407 1615 2418 ·

374 2488 429 2549 per
452 2470 619 2533 XXXVH.
1627 2525 1631 2550 1

463 2556 538 2620 Cum
563 2559 654 2637 igitur
678 2559 838 2637 divergant
855 2561 919 2633 BE,
937 2558 988 2621 CF
1011 2580 1117 2621 versus
1141 2579 1246 2621 cavum
1272 2561 1404 2638 corporis
1430 2560 1516 2621 densi
1613 2549 1639 2600 ='⁴'

372 2647 530 2708 terminum
561 2648 597 2721 E,
632 2650 662 2716 F,
700 2650 794 2727 major
827 2649 884 2709 erit
913 2650 976 2711 EF.
999 2670 1088 2729 quam
1120 2649 1184 2712 BC.
1237 2648 1393 2727 Obliquior
1426 2648 1517 2726 igitur
1615 2669 1617 2675 ¹

372 2737 535 2797 incidentia
549 2738 602 2798 BE
627 2737 696 2797 inE
722 2758 808 2816 quam
835 2738 862 2797 iu
881 2741 917 2819 B,
944 2739 1037 2817 major
1061 2738 1152 2817 igitur·
1176 2738 1318 2799 refractio
1344 2737 1402 2797 illic
1428 2757 1516 2815 quam
1618 2791 1621 2806 ,

372 2825 431 2884 liic.
478 2826 577 2886 Minor
601 2826 692 2904 igitur
716 2827 842 2904 angulus
864 2825 956 2900 GBE,
981 2828 1075 2906 major
1094 2827 1188 2900 BEH,
1215 2846 1271 2886 non
1296 2826 1388 2904 igitur
1410 2826 1514 2904 paral-

372 2914 451 2975 lelae
468 2912 522 2976 GB
539 2923 570 2974 et
584 2915 648 2987 EH,
675 2916 728 2975 sed
744 2915 828 2994 quasi
849 2925 1062 2977 concurrentes
1085 2915 1163 2976 inter
1178 2936 1220 2988 se,
1238 2915 1263 2974 si
1281 2915 1516 2993 producerentur

370 3022 478 3064 versus
502 3003 540 3063 H.
560 3009 565 3018 ’
587 3004 658 3064 Plus
687 3004 778 3083 igitur
806 3003 965 3083 divergnnt
988 3026 1006 3065 a
1030 3025 1062 3064 se
1092 2998 1192 3064 inutuo
1222 3003 1343 3064 refracti
1367 3002 1434 3077 ΕΗ,
1460 3003 1515 3065 FA

371 3111 461 3172 quam
485 3091 629 3171 primitivi
655 3090 720 3165 GB,
748 3090 815 3153 GC.

464 3179 594 3242 CXXX.
632 3181 853 3259 Propositio.
900 3180 933 3241 Si
958 3182 1074 3241 cavitas
1099 3201 1136 3241 ex
1161 3180 1265 3259 majori
1290 3180 1400 3241 circulo
1426 3179 1516 3241 luerit

370 3289 462 3350 quam
478 3270 662 3343 convexitas,
687 3259 764 3330 radii
779 3271 880 3348 puncti
899 3270 1049 3349 longinqui
1070 3271 1200 3349 trajecta
1215 3270 1294 3329 lente
1311 3274 1513 3347 convergunt:
1638 3284 1662 3325 a

369 3360 440 3437 plus
465 3359 583 3438 quidem
606 3360 674 3430 (seu
697 3366 769 3436 post
791 3360 910 3420 brevius
935 3359 1126 3419 intervallum
1157 3378 1244 3438 quam
1269 3358 1294 3418 si
1319 3357 1415 3418 solum
1439 3376 1514 3418 con-

370 3467 479 3508 vexum
504 3449 600 3520 esset)
625 3449 649 3507 si
674 3447 816 3508 caritatis
847 3448 972 3508 circulus
1002 3448 1098 3527 major·
1132 3448 1222 3508 fuerit
1245 3448 1335 3526 triplo
1370 3446 1472 3506 circuli
1505 3446 1728 3521 convexitatis;

369 3537 469 3597 miuus
496 3555 564 3597 vero
590 3538 636 3609 (et
659 3546 730 3615 post
753 3538 847 3616 majus
873 3537 1079 3610 intervallum)
1104 3536 1129 3596 si
1155 3536 1250 3597 minor
1274 3536 1364 3614 triplo
1391 3535 1490 3595 suerit.

1018 3625 1079 3686 Seu

462 3713 588 3776 Caritas
612 3713 734 3791 majoris
759 3713 860 3774 circuli
886 3714 1034 3792 derogans
1064 3712 1248 3774 convexitati
1273 3710 1396 3771 minoris
1424 3716 1565 3789 praestat
1588 3708 1728 3769 effectum

370 3802 574 3866 convexitatis
606 3803 708 3863 circuli
742 3804 829 3862 valde
861 3804 969 3882 anagni.
1021 3803 1146 3863 Dicatur
1178 3800 1369 3861 rueniscus.
1425 3798 1620 3878 ,lequipollet
1654 3797 1728 3858 lenti

369 3912 445 3973 pure
470 3911 632 3952 convexae.

462 3980 530 4042 Sint
564 3979 630 4053 CF,
663 3977 716 4039 BE
748 3979 869 4038 refracti
904 3979 983 4039 iutra
1017 3999 1124 4057 corpus
1158 3977 1267 4056 allapsi
1300 3999 1318 4037 a
1350 3982 1460 4055 puncto
1495 3974 1524 4036 G
1555 3972 1727 4052 longinquo.

371 4070 566 4148 Convergent
590 4069 680 4147 igitur
704 4086 807 4127 versus
832 4067 885 4127 EF
908 4086 960 4146 per
984 4067 1134 4135 XXXlV,
1160 4068 1256 4127 minor
1280 4065 1369 4145 igitur
1393 4063 1451 4125 erit
1471 4063 1525 4123 EF
1549 4081 1638 4142 quam
1661 4062 1727 4126 BC.

369 4162 417 4223 At
440 4159 528 4219 simul
554 4168 583 4218 et
607 4156 735 4217 circulus
759 4156 823 4233 ejus
848 4156 952 4234 major.
993 4156 1088 4234 Igitur
1101 4156 1156 4218 BE
1181 4156 1291 4216 rectius
1310 4154 1381 4214 inE
1407 4153 1518 4213 incidet
1542 4171 1629 4231 quam
1645 4151 1675 4212 in
1690 4154 1728 4215 B.

370 4249 472 4310 Minor·
497 4247 597 4326 itaque
622 4245 763 4306 retractio
789 4245 816 4303 in
841 4244 867 4303 E
892 4264 979 4323 quam
1005 4246 1032 4304 in
1057 4247 1092 4306 B.
1140 4245 1240 4304 Minor
1264 4243 1355 4321 igitur
1383 4242 1509 4319 angulus
1532 4238 1616 4302 ΒΕΗ
1641 4259 1730 4320 quam

368 4334 467 4400 EBG.
515 4336 582 4398 Non
615 4343 685 4395 snut
717 4333 807 4410 igitur
839 4333 915 4393 inter
939 4354 972 4393 se
1002 4333 1140 4412 paralleli
1164 4333 1220 4394 llE
1245 4342 1275 4393 et
1298 4330 1372 4405 BG,
1402 4330 1455 4391 sed
1485 4329 1623 4410 producti
1654 4349 1727 4391 con-

369 4433 536 4498 currerent,
562 4434 593 4485 et
616 4424 659 4484 sic
683 4421 749 4496 ΕΗ,
774 4423 829 4482 FH
853 4421 930 4483 inter
954 4443 986 4484 se
1011 4431 1194 4500 convergent
1217 4441 1323 4481 versus
1346 4421 1384 4482 H.
1472 4439 1480 4451 ·

462 4512 513 4575 Sit
540 4514 606 4591 jam
631 4517 661 4573 A
684 4519 819 4572 centrum
844 4510 947 4571 circuli
974 4510 1038 4593 BC,
1064 4522 1094 4572 et
1119 4509 1175 4572 ΟΠ
1208 4510 1301 4589 tripla
1331 4510 1369 4570 ad
1395 4507 1462 4569 CA.
1508 4506 1551 4566 Et
1580 4506 1621 4567 sit
1650 4504 1730 4566 infra

368 4604 399 4664 H
423 4611 566 4682 punctum
589 4601 629 4662 R.
678 4598 793 4669 Quodsi
825 4597 877 4660 BC
907 4601 973 4661 sola
1002 4601 1105 4671 luerit,
1135 4607 1319 4677 couvergent
1347 4598 1401 4659 BE
1430 4605 1461 4656 ct
1493 4593 1546 4656 CF
1568 4594 1598 4654 in
1622 4595 1652 4655 H
1674 4612 1729 4673 per

369 4685 526 4756 XXXIV.
574 4689 623 4750 Sit
648 4689 714 4768 jam
748 4688 841 4768 ipsius
870 4687 923 4748 EF
953 4689 1056 4749 circuli
1089 4696 1225 4749 centrum
1248 4687 1287 4748 R.
1333 4686 1376 4747 Et
1399 4686 1489 4746 ducta
1512 4682 1569 4744 ER
1597 4701 1727 4763 perpen-
1842 4677 1849 4690 ⁸

369 4780 508 4853 diculari,
531 4779 585 4841 BE
610 4779 648 4838 ab
672 4777 730 4838 ER
753 4777 934 4856 refringatur
957 4797 1010 4857 per
1033 4778 1071 4838 Il.
1098 4785 1128 4837 ct
1158 4796 1248 4856 supra
1271 4775 1301 4836 H
1325 4794 1391 4835 cum
1417 4773 1473 4836 CH
1496 4778 1661 4845 concurret,
1686 4771 1729 4833 sit

367 4869 397 4932 in
423 4870 459 4932 P.
506 4869 588 4946 Ergo
612 4866 666 4928 ΕΡ
690 4873 721 4926 et
744 4867 794 4926 FP
818 4865 914 4945 magis
939 4874 1123 4946 convergunt
1151 4872 1240 4945 quain
1262 4862 1326 4938 BE,
1352 4861 1422 4924 CF:
1449 4871 1481 4923 et
1504 4860 1556 4924 ΟΡ
1580 4860 1729 4923 distantia

367 4977 534 5021 concursus
559 4957 584 5017 P
607 4955 704 5017 minor
727 4964 774 5015 cst
798 4974 886 5035 quarn
911 4952 976 5017 CH.

460 5045 592 5108 Rursum
622 5044 716 5125 ipsius
739 5043 792 5104 EF
824 5042 928 5105 circuli
960 5052 1094 5109 centrum
1117 5044 1159 5106 sit
1189 5059 1280 5121 supra
1302 5041 1341 5118 H,
1366 5047 1441 5119 puta
1464 5039 1494 5100 in
1518 5039 1556 5113 P,
1582 5043 1613 5099 et
1636 5037 1729 5099 ducta

364 5133 612 5220 perpendiculari
643 5133 712 5207 ΕΡ,
745 5131 846 5195 radius
873 5132 929 5196 BE
960 5131 1140 5215 refringetnr
1172 5132 1202 5195 iu
1231 5129 1259 5193 E
1289 5150 1309 5192 a
1338 5125 1578 5211 perpendiculari
1607 5124 1727 5212 longine

1453 5226 1515 5288 dt*
