4584 6192
1033 588 1064 640 as
1075 588 1162 640 sam
1179 587 1258 640 aava.
1755 584 1820 654 603

467 760 666 811 &momando
693 761 765 812 llaec
782 763 918 826 praecipua
936 770 962 814 ot
979 763 1133 816 nobilissima
1151 771 1189 816 ert
1208 765 1357 830 astrologiae
1375 778 1440 828 pars.
1466 765 1550 814 Prima
1565 775 1624 829 pars
1642 779 1673 814 ex
1690 766 1740 815 situ
1758 767 1820 817 coeli

466 832 603 889 domomm
624 834 765 897 aspectibus
783 835 874 884 mutuis
894 841 919 883 et
937 836 1055 886 similibus
1073 838 1156 886 multis
1181 838 1304 902 figmentis
1329 843 1495 899 conspurcata
1512 843 1563 895 est,
1588 836 1675 901 quihus
1692 837 1755 888 iorte
1774 852 1820 903 ego

465 904 548 952 minus
566 905 645 953 tribuo
664 918 738 969 quam
756 911 792 962 tn,
811 905 869 955 licet
887 907 1009 955 interdum
1029 921 1060 955 ea
1078 909 1172 957 enixius
1192 908 1323 957 delendam
1340 914 1369 956 ιιι
1387 908 1477 957 raritas
1495 907 1607 969 patefiat.

558 974 598 1024 De
617 990 695 1024 causa
713 976 862 1025 diversitatis
880 976 966 1025 hiemis
995 978 1059 1026 inter
1078 976 1155 1027 1605.
1175 986 1201 1028 οι
1223 977 1296 1027 1606.
1315 979 1340 1026 in
1358 975 1431 1027 Nora
1449 977 1529 1027 Stella
1553 978 1676 1043 quaedam
1705 978 1821 1029 addidisti

466 1042 535 1109 (sap.
555 1044 694 1107 XXVIII.)¹
731 1048 854 1096 Videntur
874 1062 905 1096 ea
923 1063 972 1096 non
991 1048 1119 1098 dissentire
1138 1064 1155 1098 a
1172 1051 1276 1099 maone.
1314 1052 1348 1097 st
1366 1049 1423 1113 quid
1442 1049 1509 1099 dices
1527 1048 1559 1098 de
1577 1051 1714 1113 praeterita
1730 1049 1820 1107 hieme,

468 1128 534 1181 quae
551 1117 629 1166 multo
647 1120 730 1167 mitior
747 1118 815 1167 luit?
833 1119 887 1183 Ego
906 1133 962 1167 eam
980 1120 1059 1168 refero
1078 1120 1111 1169 ad
1128 1120 1215 1169 Norae
1234 1119 1326 1170 Stellae
1345 1120 1470 1170 effectum.

557 1188 610 1253 Ego
629 1190 723 1253 scripsi,
743 1190 808 1239 hauc
826 1190 924 1239 stellam
942 1203 1030 1253 pacem
1049 1191 1189 1255 significare
1206 1198 1232 1240 et
1244 1191 1378 1240 mirabilem
1397 1191 1558 1240 mutationem
1576 1192 1601 1240 in
1617 1193 1735 1255 imperio;
1755 1197 1822 1242 certe

422 1259 425 1264 '
465 1257 510 1307 illa
528 1273 588 1322 prae
607 1261 684 1309 oculis
704 1266 749 1309 est.
787 1261 906 1324 Exagitm
932 1261 1005 1314 illud.
1034 1263 1098 1324 quod
1117 1264 1228 1311 Arietem
1246 1265 1270 1310 in
1289 1268 1343 1311 ortu
1361 1277 1404 1326 pro
1423 1263 1557 1312 Germania
1574 1276 1664 1325 ponam
1690 1264 1821 1314 occidente

467 1327 526 1379 Sole
545 1337 655 1394 temporo
680 1334 773 1395 primae
802 1334 961 1395 apparitionis
980 1332 1084 1390 Norae,
1104 1342 1130 1382 et
1148 1335 1231 1390 dices,
1251 1334 1315 1381 idem
1334 1335 1359 1382 in
1377 1334 1489 1382 omuibus
1514 1333 1573 1383 loeis
1591 1349 1640 1382 non
1659 1332 1729 1391 fieri,
1755 1340 1823 1384 certe

467 1400 607 1466 ubicunque
625 1409 685 1451 tunc
703 1404 819 1465 temporis
833 1404 873 1451 Sol
894 1404 1030 1460 occidebat,
1050 1405 1091 1453 ubi
1105 1407 1175 1453 Aries
1195 1405 1325 1453 oriebatur.
1352 1404 1435 1463 Quare
1454 1404 1594 1468 diligentius
1606 1403 1670 1453 haec
1688 1405 1821 1468 perpende,

467 1478 494 1519 st
511 1473 593 1521 minus
611 1472 741 1522 offenderis
759 1474 965 1536 praedictionibus
984 1477 1052 1523 meis.
1092 1475 1211 1535 Querelas
1229 1477 1330 1523 instituo
1349 1491 1398 1523 uon
1417 1476 1447 1523 de
1466 1477 1551 1524 ricinis
1570 1474 1707 1533 Hellandis,
1726 1476 1770 1525 sed
1790 1475 1821 1524 de

467 1544 543 1591 totius
562 1544 661 1607 imperii
680 1552 756 1593 statu.
770 1570 805 1580 -
823 1546 895 1594 Facis
909 1547 933 1593 in
946 1545 1018 1594 Nora
1031 1546 1109 1611 Stella
1121 1548 1271 1595 mentionem
1285 1546 1360 1594 libelli
1372 1547 1478 1596 Luciani
1490 1547 1521 1595 de
1534 1545 1667 1610 astrologia
1680 1542 1747 1609 (cap.
1761 1544 1822 1607 V.);

468 1628 560 1677 quaero
580 1629 612 1664 an
633 1616 781 1678 peculiarem
800 1616 909 1664 libellum
929 1617 1031 1665 ediderit
1050 1624 1076 1666 οι
1093 1619 1133 1667 nbi
1152 1619 1285 1680 impressus
1303 1611 1357 1667 sit?

557 1685 586 1734 ln
606 1688 763 1749 responsione
782 1686 944 1749 Keplerus
963 1685 999 1747 (d.
1017 1687 1039 1734 1.
1054 1691 1117 1753 Aug.
1134 1686 1222 1751 1607),
1241 1688 1349 1737 noudum
1361 1687 1399 1736 his
1418 1688 1526 1751 acceptis
1543 1687 1716 1750 posterioribus
1734 1687 1820 1743 literis,

467 1763 502 1814 ad
521 1767 613 1828 priores
631 1767 773 1829 respiciens,
792 1768 827 1815 sio
847 1769 985 1816 exorditur:
1008 1759 1128 1820 Literas
1153 1760 1284 1820 Fabricii
1312 1760 1368 1820 mei
1400 1756 1506 1840 20J30.
1530 1758 1666 1819 Januarii
1691 1758 1820 1837 scriptas

469 1845 556 1907 initio
585 1848 690 1909 Martii
719 1869 784 1909 cum
816 1850 1012 1928 recepissem,
1047 1849 1179 1927 percurri
1213 1849 1330 1927 raptim.
1376 1848 1443 1908 Heu
1467 1867 1514 1908 me
1547 1847 1703 1919 miserum,
1739 1848 1822 1909 nulla

468 1932 604 2004 Saturni,
630 1936 818 2012 uullaJovis,
845 1940 926 1998 nulla
940 1937 1047 1997 Martis
1072 1937 1243 1999 observatio
1268 1937 1323 1997 hoc
1347 1938 1442 1997 anno!
1466 1940 1511 1997 At
1534 1955 1589 2015 ege
1605 1936 1633 1996 in
1649 1936 1824 1997 Fabricium·

469 2025 635 2102 respiciens
659 2026 833 2099 stertebam,
859 2026 1081 2105 praetermissis
1106 2027 1213 2100 stellis,
1238 2026 1415 2105 praesertim
1439 2044 1504 2086 cum
1532 2025 1731 2090 instrumenta
1753 2044 1822 2085 urea

471 2111 547 2172 duos
571 2124 699 2192 poscant
722 2115 943 2188 observatores,
970 2132 1025 2193 ego
1046 2134 1116 2175 vero
1141 2116 1195 2175 sim
1217 2116 1308 2177 solus.
1346 2115 1509 2175 Praeterea
1532 2132 1587 2173 nec
1612 2113 1720 2191 legisti,
1746 2131 1822 2193 quae

471 2201 509 2260 de
535 2200 636 2263 Stella
660 2204 755 2284 deque
779 2203 896 2265 Stellae
920 2203 1128 2283 praedicatore
1152 2203 1291 2264 Fabricio
1320 2203 1440 2282 scripsi,
1466 2221 1520 2262 uec
1544 2221 1600 2281 ego
1625 2201 1655 2262 in
1678 2221 1822 2281 praeseus

467 2291 655 2369 exemplaria
679 2311 754 2371 qaae
778 2293 894 2353 mittam
919 2292 1025 2352 habeo.
1064 2292 1109 2351 De
1125 2292 1248 2371 reliquis
1268 2291 1493 2370 quaestionibus
1517 2290 1655 2352 alias...
1680 2289 1822 2369 Respon-

469 2379 548 2440 debo
581 2382 762 2440 successive.
812 2382 889 2441 Vale
922 2391 951 2441 et
981 2381 1208 2441 observationes
1239 2378 1382 2451 Saturni,
1414 2379 1521 2454 lovis,
1553 2378 1694 2441 Mercurii
1726 2380 1821 2441 mitte.

467 2466 507 2515 Ex
526 2470 685 2531 responsione
703 2469 844 2518 Fabricii
863 2470 886 2517 d.
906 2470 930 2517 d.
950 2467 992 2517 27.
1012 2469 1083 2517 Febr.
1104 2484 1124 2515 r.
1143 2475 1175 2517 st.
1197 2466 1281 2525 1608,
1303 2469 1367 2517 haec
1394 2474 1492 2517 tantum
1518 2466 1566 2516 huo
1591 2468 1722 2517 referenda
1748 2473 1823 2515 annts

470 2536 553 2595 Scias,
572 2554 612 2588 me
630 2540 714 2589 literas
733 2548 789 2588 tuas
808 2555 859 2589 uua
878 2556 933 2589 cum
952 2541 1012 2589 libro
1032 2540 1062 2589 de
1080 2539 1152 2589 Nora
1165 2538 1245 2589 Stella
1262 2542 1287 2588 in
1299 2542 1412 2603 Augusto
1429 2538 1591 2602 praeterlapsi
1609 2539 1668 2587 anni
1680 2538 1823 2604 llamburgo

431 2612 434 2617 '
469 2612 607 2673 accepisse.
644 2613 680 2659 At
697 2611 782 2660 librum
803 2611 972 2661 Cancellarius
991 2612 1057 2674 apud
1075 2626 1102 2660 se
1121 2613 1222 2661 retinuit
1241 2617 1266 2660 et
1283 2625 1402 2675 generoso
1424 2616 1506 2659 nostro
1525 2610 1631 2658 Domino
1649 2609 1824 2675 perlegendum

469 2681 555 2737 dedit,
574 2695 591 2730 a
608 2697 656 2746 quo
684 2683 791 2731 nondum
819 2682 911 2732 hahere
939 2684 1014 2745 potui.
1057 2683 1159 2732 Interim
1184 2690 1269 2731 tamen
1293 2683 1325 2730 ab
1352 2682 1400 2729 alio
1425 2680 1550 2744 exemplar
1576 2686 1702 2730 mutuatus
1727 2696 1781 2730 snm
1799 2685 1826 2730 et

470 2754 578 2801 cursorie
596 2753 704 2819 perlegi,
734 2754 812 2803 donec
834 2768 916 2802 meum
936 2753 1061 2815 exemplar
1079 2768 1206 2815 accepero.
1245 2756 1299 2817 Ago
1318 2753 1362 2801 tibi
1380 2766 1423 2816 pro
1450 2752 1523 2809 libro,
1543 2751 1651 2802 Uranico
1670 2766 1704 2801 sc.
1724 2764 1824 2801 munere

468 2824 529 2872 mihi
547 2825 619 2889 longe
639 2825 786 2888 gratissimo,
806 2831 832 2872 et
849 2840 892 2888 pro
911 2826 993 2873 animo
1011 2825 1130 2873 benevolo
1146 2827 1267 2873 maximas
1286 2826 1394 2889 gratias,
1420 2824 1564 2887 praesertim
1583 2822 1647 2885 quod
1665 2822 1825 2872 honorificam

470 2895 521 2943 urei
540 2896 564 2943 in
584 2910 613 2945 eo
632 2895 693 2944 libro
711 2896 861 2944 mentionem
880 2896 975 2945 leceris.
1007 2894 1059 2959 Ego
1078 2896 1149 2944 simili
1169 2897 1299 2945 occasione
1318 2894 1450 2959 aliquando
1468 2909 1508 2944 ure
1527 2900 1625 2959 gratrun
1643 2893 1823 2943 demonstrabo.

562 2964 601 3015 De
621 2974 767 3016 cometae
785 2968 884 3029 proximi
904 2966 1056 3030 apparitione
1075 2973 1100 3016 te
1118 2967 1193 3029 probe
1212 2968 1354 3030 cognovisse
1376 2979 1533 3030 nequaquam
1557 2966 1649 3014 dubito.
1687 2963 1824 3029 consigna·

470 3050 556 3087 reram
576 3038 670 3101 aliquas
690 3052 759 3086 meas
772 3039 797 3085 iu
811 3052 839 3086 eo
858 3038 956 3087 habitas
976 3037 1165 3092 observationes,
1185 3052 1247 3101 quas
1265 3045 1349 3087 tamen
1362 3051 1428 3086 nunc
1446 3038 1503 3087 auxi
1521 3036 1635 3101 pluribus.
1655 3042 1684 3084 nt
1696 3037 1721 3084 in
1733 3035 1827 3085 scheda

470 3109 565 3158 ridebis
585 3106 660 3169 (haec
678 3110 772 3158 scheda
791 3108 880 3169 deest).
919 3109 972 3172 Ego
992 3111 1095 3171 primum
1116 3106 1157 3156 17.
1177 3107 1220 3156 27.
1240 3107 1308 3172 Sept.
1328 3111 1450 3157 matutino
1476 3116 1585 3171 ternpore
1603 3107 1671 3156 illum
1697 3107 1826 3156 observare

470 3180 572 3242 iuoepi;
602 3180 687 3228 dicunt
704 3181 772 3228 illum
789 3184 842 3240 jam
862 3188 912 3227 tum
933 3187 991 3229 ante
1014 3177 1045 3227 14
1064 3182 1120 3229 circ.
1141 3180 1193 3228 dies
1212 3180 1243 3228 ab
1271 3180 1391 3243 aliquibus
1409 3181 1487 3227 risum
1505 3180 1597 3235 luisse,
1624 3178 1668 3226 sed
1687 3177 1746 3226 nibil
1766 3177 1827 3228 corti

470 3251 531 3299 mihi
552 3257 657 3299 constat.
696 3252 732 3299 Tu
752 3254 772 3300 si
792 3251 850 3314 qnid
868 3251 945 3299 habes
965 3251 995 3299 de
1015 3254 1066 3312 ejus
1086 3252 1164 3314 prima
1183 3252 1345 3313 apparitione,
1368 3265 1459 3316 quaeso
1478 3263 1534 3298 cum
1552 3249 1760 3299 obserrationibus
1777 3250 1827 3297 tuis

471 3322 532 3371 mihi
552 3324 726 3371 communices.
754 3321 937 3371 constitueram
955 3323 980 3370 in
993 3322 1133 3379 Decembri,
1153 3322 1250 3370 calculo
1268 3323 1404 3372 subducere
1423 3322 1556 3372 cometicas
1574 3321 1764 3377 observationes,
1783 3319 1827 3369 sed

473 3394 604 3457 prolapsus
622 3407 675 3441 sum
695 3408 737 3456 per
756 3394 848 3457 aliquot
866 3394 959 3442 dierum
979 3396 1108 3443 continuas
1136 3393 1314 3443 calculationes
1332 3395 1358 3441 iu
1376 3401 1474 3442 tautam
1496 3393 1589 3442 cerebri
1614 3392 1781 3448 debilitatem,
1798 3397 1828 3440 ut

471 3466 572 3512 omnino
592 3465 671 3513 abeo
700 3472 809 3527 tempore
838 3465 996 3513 abstinuerim
1016 3466 1047 3513 ab
1066 3466 1172 3527 operosis
1201 3463 1412 3514 calculationibus.
1456 3463 1587 3528 Exemplar
1609 3464 1658 3513 mei
1685 3462 1828 3512 calendarii

473 3538 554 3584 mitto.
592 3535 728 3599 Prognoses
748 3535 908 3598 praeterlapsi
927 3542 953 3583 et
971 3535 1042 3599 hujm
1064 3538 1122 3584 anni
1142 3543 1199 3584 tuas
1217 3536 1288 3585 aride
1308 3543 1430 3599 exspecto.

565 3605 615 3654 Sub
633 3607 708 3656 finem
735 3606 822 3654 irarum
849 3607 974 3654 literamm
1001 3609 1121 3670 promittit
1145 3606 1288 3663 Fabricius,
1309 3608 1434 3670 „proxima
1461 3606 1591 3654 occasione
1618 3604 1715 3652 mittam
1743 3615 1827 3652 omues

471 3678 655 3727 observationes
684 3680 833 3741 superiorum
862 3684 887 3727 ot
905 3676 1048 3734 Mercurii“,
1075 3687 1101 3728 et
1127 3678 1242 3727 Mercurii
1268 3681 1334 3727 misit
1361 3678 1384 3725 d.
1405 3676 1429 3722 2.
1451 3674 1492 3724 12.
1513 3676 1569 3724 Oct.
1590 3671 1666 3723 1608,
1687 3671 1747 3734 (rid.
1769 3674 1826 3737 Opt.

468 3764 493 3812 p.
522 3745 601 3809 107),
630 3763 677 3798 ιιοο
703 3764 769 3804 ιιοιι,
798 3751 905 3796 monitus
933 3763 949 3797 a
975 3749 1101 3812 Keplero,
1130 3748 1224 3799 Stellae
1251 3763 1330 3797 norae
1358 3754 1384 3796 et
1409 3747 1494 3804 loris,
1522 3759 1584 3811 quas
1612 3745 1725 3807 adjunxit
1751 3744 1827 3794 literis

471 3820 495 3867 d.
519 3817 559 3867 12.
581 3818 622 3866 22.
643 3819 717 3868 Μοιι.
740 3816 816 3867 1609.
838 3820 915 3876 datis,
938 3821 1048 3869 addens:
1074 3835 1121 3884 quo
1140 3819 1239 3882 saepius
1257 3820 1397 3883 scripseris,
1422 3833 1450 3866 eo
1470 3817 1610 3882 diligentius
1629 3817 1654 3864 in
1674 3814 1825 3879 contempla-

471 3891 580 3939 tionibus
600 3889 713 3940 Ilranicis
732 3891 889 3955 progredior;
909 3891 1041 3940 destitutus
1059 3906 1116 3940 rero
1134 3890 1225 3940 haereo
1244 3892 1269 3939 in
1288 3890 1396 3953 latebris.

469 3960 631 4011 Norastella
650 3962 817 4010 distatabor.
838 3962 958 4022 comuV
986 3998 993 4010 .
1031 3957 1107 4010 .2t⁰
1121 3960 1164 4011 36
1201 3962 1247 4011 Ριο
1260 3963 1367 4012 statione
1379 3960 1402 4020 ‘lt
1419 3955 1458 4007 19.
1472 3956 1534 4008 Dec.
1547 3963 1603 4020 post
1621 3969 1736 4006 occasum
1750 3954 1827 4005 Solia:

761 4033 870 4082 maudib.
892 4033 945 4082 Ceti
984 4067 990 4080 .
1028 4031 1161 4082 ,12.962.
1373 4031 1501 4092 tabor.
1521 4028 1657 4088 comu‘V.
1695 4022 1826 4076 .li⁰⁴³‘

763 4104 877 4166 praeced.
891 4120 957 4168 genu
972 4104 1035 4168 Oph.
1056 4101 1097 4151 te.
1118 4103 1162 4154 51.
1448 4101 1480 4149 ab
1497 4100 1655 4149 Aldebaran.
1693 4096 1762 4148 .28.
1782 4095 1826 4149 42.

763 4175 906 4224 Aldebaran
943 4210 949 4223 .
988 4212 993 4223 .
1032 4173 1100 4224 .3e.
1119 4174 1162 4224 54.
1349 4174 1389 4222 die
1408 4171 1451 4221 27.
1470 4170 1532 4221 Deo.
1551 4170 1664 4234 Vesperi.

467 4245 518 4294 Pro
539 4238 566 4305 00
586 4242 650 4293 Solis
669 4244 769 4294 etloris
784 4243 860 4294 1600.
881 4244 921 4294 23.
937 4246 1003 4302 Oct..
1024 4260 1079 4294 cam
1093 4245 1162 4295 Mara
1374 4244 1443 4305 ‘liet
1460 4242 1601 4291 Aldebaran
1650 4275 1657 4289 .
1694 4237 1762 4289 ,26
1783 4237 1827 4288 47.

592 4316 665 4379 paulo
685 4297 868 4366 ante‘medium
888 4318 950 4367 coeli
969 4324 1051 4367 esset:
1270 4313 1345 4365 1600.
1366 4314 1391 4364 4.
1411 4316 1469 4365 Jau.
1488 4313 1549 4362 hora
1568 4311 1593 4361 7.
1613 4313 1761 4375 vespertina.

697 4387 903 4451 ilacapella.
942 4425 948 4437 .
1057 4385 1098 4435 42.
1122 4389 1162 4437 15,
1375 4386 1397 4447 'll
1418 4385 1602 4436 etAldebaran
1651 4418 1658 4431 .
1695 4380 1765 4432 .28.
1785 4379 1827 4429 21.

738 4460 815 4517 ,bon
836 4475 912 4508 cornu
932 4460 956 4521 Υ
987 4496 992 4508 .
1032 4455 1100 4508 .14.
1124 4458 1163 4507 12.
1427 4492 1440 4515 „
1461 4458 1510 4506 bor.
1531 4454 1652 4518 cornu's
1694 4451 1763 4502 .11.
1783 4449 1828 4500 42.

561 4527 592 4577 Iu
611 4529 666 4577 aliis
684 4537 782 4593 propter
809 4531 971 4580 obscuritates
1000 4532 1129 4580 continuas
1152 4528 1213 4578 nihil
1241 4527 1367 4579 commode
1393 4534 1520 4591 praestare
1538 4527 1615 4590 potui.
1653 4524 1755 4574 Ceteras
1773 4521 1828 4571 misi

467 4599 595 4649 antesin
615 4600 724 4650 Octobri.
761 4600 883 4651 Saturnus
902 4602 944 4651 diu
963 4603 1076 4659 delituit;
1095 4602 1203 4651 nondum
1222 4600 1280 4648 ridi.
1309 4598 1445 4648 Mercurius
1463 4613 1529 4647 nuuc
1547 4599 1573 4647 in
1591 4596 1643 4646 dies
1661 4594 1774 4658 prodibit.

784 4698 883 4756 Nora,
904 4697 1077 4748 corollarii
1095 4698 1171 4748 loco.
1209 4694 1306 4760 (Comp.
1325 4695 1382 4745 Vol.
1401 4696 1422 4753 1,
1442 4692 1514 4756 604.)

564 4776 625 4827 Cum
644 4778 669 4828 d.
689 4777 748 4827 seb.
770 4772 799 4844 ό
818 4779 841 4840 'li
861 4787 886 4827 et
905 4777 930 4838 ο*
949 4779 1057 4827 futuram
1075 4779 1238 4834 observarem,
1258 4776 1420 4827 animadverti
1437 4778 1463 4825 in
1482 4775 1558 4825 (lete
1576 4773 1675 4823 stellam
1693 4771 1828 4829 insolitam,

469 4862 550 4916 quarn
567 4849 652 4898 statim
671 4849 805 4900 observari.
843 4849 905 4899 Cum
922 4851 948 4898 in
966 4850 1039 4914 globo
1062 4845 1206 4912 quaererem
1231 4848 1378 4902 distantias,
1402 4847 1451 4895 ridi
1474 4860 1519 4896 aas
1543 4846 1673 4895 convenire
1696 4843 1729 4893 ad
1747 4842 1830 4893 locum

470 4920 563 4971 stellae
581 4920 607 4968 in
625 4920 698 4985 globo
717 4927 861 4977 annotatae,
880 4934 954 4985 quam
973 4934 1038 4969 anno
1057 4916 1100 4967 96.
1118 4920 1145 4968 in
1163 4921 1228 4984 Aug.
1249 4925 1275 4968 et
1292 4918 1361 4981 Sept
1382 4918 1517 4972 observari,
1537 4930 1601 4981 quae
1620 4916 1653 4965 ab
1671 4929 1700 4967 eo
1719 4921 1830 4977 tempora

471 5005 491 5041 a
508 5006 551 5040 me
569 4992 623 5040 risa
640 5006 690 5040 non
709 4998 770 5041 erat
808 4991 871 5040 Res
897 4992 983 5040 mira.
1021 4989 1109 5040 Testor
1127 4989 1209 5040 Deum
1227 5005 1272 5039 me.
1285 4991 1322 5039 ita
1339 4990 1377 5037 bis
1395 4988 1494 5038 dirersis
1522 4987 1670 5050 temporibus
1696 4984 1786 5035 vidisse
1804 4990 1831 5035 st

470 5062 628 5118 obsecrasse.
648 5069 674 5111 et
691 5063 755 5126 quod
773 5062 922 5119 notandum,
945 5061 1042 5124 Jupiter
1058 5061 1110 5110 iere
1129 5061 1163 5111 ad
1181 5060 1286 5110 eundem
1309 5059 1390 5108 locum
1408 5064 1569 5122 pervenerat,
1591 5059 1617 5105 in
1635 5069 1683 5121 quo
1701 5070 1768 5106 anno
1786 5051 1829 5104 00.

471 5138 540 5184 arat.
576 5131 632 5182 Non
650 5146 749 5197 possum
773 5134 835 5183 satis
853 5135 935 5183 mussi
955 5132 1003 5183 Dei
1022 5130 1105 5196 Opera
1123 5131 1282 5188 edmunde,
1300 5136 1327 5182 et
1344 5129 1413 5180 rides
1434 5130 1492 5180 hino
1509 5131 1544 5179 nri
1561 5127 1679 5193 Keplers,
1697 5141 1780 5179 meam
1798 5125 1830 5177 de
