4584 6192
724 1290 797 1346 Cslx
816 1306 867 1346 seu
887 1290 972 1346 'l'ulus
1035 1332 1284 1350 ......
1325 1284 1371 1352 48.
1416 1285 1445 1350 8

468 1390 596 1455 Qustnor
613 1388 798 1446 informium
789 1407 819 1446 m
843 1390 960 1446 rhombo
984 1391 1020 1446 ad
1046 1390 1187 1448 humerum
1213 1392 1281 1448 dex·

508 1476 582 1528 unm
600 1468 793 1530 boredbsima
842 1510 1283 1530 ..........
1324 1464 1370 1528 25.
1398 1461 1445 1528 40.
1536 1463 1660 1532 280.

467 1550 622 1608 mmm
640 1550 716 1624 pse
742 1588 1281 1611 ............
1322 1544 1369 1608 25.
1415 1546 1444 1609 o.
1535 1543 1583 1611 ao.
1606 1469 1715 1620 ul..
1775 1517 1802 1613 s]

465 1629 607 1688 Posterior
644 1670 1282 1691 ..............
1323 1625 1370 1690 26.
1397 1625 1444 1690 55.
1535 1623 1585 1690 20.
1607 1623 1659 1691 28,
1685 1675 1700 1701 ,,

466 1711 563 1770 ludius
594 1749 1282 1772 ...............
1323 1705 1371 1782 25.
1398 1705 1445 1769 45.
1535 1705 1584 1768 24.
1607 1707 1659 1772 45.
1685 1755 1700 1780 ,,

465 1785 1700 1882 numium,

395 1889 1280 2030 ·4’·..ῗ“.“.....·...·..ῑ·.·.ῑ·.ῑῑῑῑῑῑ
1342 1880 1701 2039 sufflet:

466 2041 1035 2124 Postpedemdsxtmmsooiouoras.
1078 2044 1368 2107 ......20
1414 2043 1505 2113 7.οὶ“
1557 2043 1700 2120 luz,

466 2147 562 2206 urium
588 2148 760 2206 minimarum
778 2145 862 2206 inter
890 2147 1016 2205 ultimam
1042 2153 1074 2204 et
1100 2148 1281 2289 penultimum
1498 2175 1501 2180 ·

461 2227 779 2303 'oaudsoSorpentia
800 2229 1040 2302 pruooedsna..
1081 2270 1088 2289 .
1129 2221 1370 2288 ...2
1418 2221 1445 2285 5.
1469 2218 1505 2293 ὅ
1535 2220 1584 2285 24.
1607 2221 1660 2287 25.
1684 2269 1699 2297 ,

467 2307 563 2366 bledla
595 2349 1283 2371 ...............
1341 2308 1370 2367 4.
1416 2305 1445 2367 5.
1535 2301 1584 2365 22
1607 2303 1661 2367 42
1684 2351 1700 2378 .,

468 2391 614 2447 Postrema
638 2427 1282 2450 ..............
1342 2387 1370 2448 0.
1396 2384 1444 2446 45.
1535 2381 1584 2447 24.
1607 2381 1660 2447 52.
1684 2431 1700 2458 ,,
1775 2389 1800 2450 d.

465 2463 1738 2557 ΜΤΓΉ
1773 2487 1799 2549 u

736 2607 1279 2627 ............
1320 2561 1505 2630 252551
1555 2562 1712 2629 054...
1773 2567 1799 2628 4.

468 2685 531 2741 Huo
550 2683 625 2742 refer
643 2683 779 2750 tabulam,
801 2683 831 2740 iu
850 2699 907 2756 qna
924 2683 1002 2747 AEQ
1021 2689 1201 2756 aequaturum
1224 2689 1318 2751 notat,
1339 2682 1386 2740 Ec
1405 2682 1577 2756 eclipticam:
1598 2704 1619 2741 ο
1638 2691 1671 2742 οι
1691 2705 1707 2746 s
1727 2687 1816 2746 flatu·

547 2781 628 2830 num·
647 2770 745 2835 ηοιι
760 2765 873 2829 lovem
898 2765 1066 2834 ollmtem5
1087 2766 1113 2820 N
1130 2765 1251 2821 Noram·
1272 2764 1324 2820 boo
1344 2763 1511 2831 dissuimiue,
1531 2769 1565 2822 ut
1583 2785 1605 2821 a
1622 2771 1691 2838 otq
1698 2765 1816 2834 ,dud

548 2844 639 2911 raoui,
660 2844 811 2918 designent
830 2844 893 2900 loos
911 2843 1024 2901 Saturni
1044 2850 1075 2901 et
1092 2843 1169 2900 Jorls
1190 2843 1395 2916 ooqiunotorom
1415 2843 1459 2900 dle
1478 2804 1556 2906 7447.
1568 2789 1740 2906 Doosmlsris
1758 2846 1816 2906 ui

551 2921 635 2992 4605.
662 2943 730 2994 ομ
736 2946 781 2992 ,o
812 2924 968 2998 siquidoent
992 2927 1076 2982 situm
1099 2925 1221 2991 Saturni,
1246 2925 1322 2982 Joris
1348 2932 1379 2982 et
1402 2923 1502 2982 nores
1526 2923 1571 2982 dls
1600 2923 1651 2986 50.
1672 2927 1753 3002 Sept.
1776 2927 1815 2986 rol

551 3000 598 3062 40.
619 3005 681 3064 θοι.
708 3023 761 3080 quo
783 3006 827 3060 dia
846 3005 959 3080 Proque
984 3005 1100 3077 primum
1125 3006 1187 3061 risa
1210 3011 1256 3062 est
1273 3007 1355 3063 Novo
1373 3005 1471 3063 Stella
1510 3006 1651 3080 Reliquae
1676 3017 1774 3067 οοοιιο
1789 3013 1815 3066 οι

549 3101 650 3142 ourvao
669 3085 762 3142 lineas
781 3086 868 3157 paulo
887 3102 974 3158 supra
993 3092 1059 3142 runt
1078 3086 1247 3158 explioutue.
1275 3085 1426 3143 Stellarum
1445 3102 1511 3144 sero
1532 3096 1695 3148 suturarum
1714 3089 1814 3148 m

548 3172 648 3238 patant
666 3183 705 3224 ox
723 3165 873 3240 imaginum
892 3166 1028 3235 membris,
1050 3166 1148 3240 qulbus
1168 3166 1322 3224 mburent

1048 3433 1232 3447 ω

1026 3671 1145 3772 Caput
1171 3669 1254 3747 XV.

467 3855 525 3919 Do
546 3849 615 3918 loeo
636 3849 730 3936 hojum
751 3851 868 3915 oldaia
888 3850 924 3915 is
944 3851 1057 3914 maadi
1078 3849 1244 3924 diametro,
1267 3869 1323 3914 osas
1340 3849 1380 3914 ds
1401 3849 1555 3916 mamea
1577 3853 1649 3936 ἠν
1671 3877 1695 3920 o
1718 3861 1805 3922 oasin

987 3939 1108 4003 Tmou
1129 3938 1293 4005 dictastis.

558 4092 625 4166 Quo
655 4090 829 4172 diligentius
857 4087 936 4152 huno
965 4089 1064 4152 locum
1092 4090 1224 4154 excoluit
1253 4109 1384 4154 summus
1413 4089 1464 4154 ille
1494 4098 1694 4160 astronomus
1718 4092 1803 4180 Tytll

469 4183 616 4257 Braheus,
638 4182 696 4244 hoo
718 4180 839 4243 brevius
860 4197 908 4242 mo
930 4178 999 4241 hino
1023 4198 1079 4260 ego
1100 4188 1206 4261 potero
1229 4180 1379 4261 expedire.

556 4271 707 4352 Principio
730 4269 951 4345 demonstrabo,
975 4269 1058 4332 sidus
1080 4269 1138 4331 hoc
1162 4269 1255 4332 fuisse
1271 4289 1329 4333 non
1345 4277 1461 4332 tantum
1484 4288 1576 4351 supra
1591 4271 1704 4339 Lunae
1721 4273 1805 4338 orben

470 4324 659 4437 collocatum,
683 4361 737 4424 sed
758 4380 796 4422 ne
818 4359 885 4441 ipso
908 4358 1027 4440 quidem
1050 4357 1122 4421 Sole
1144 4358 1349 4441 propinquius.

556 4449 785 4516 Demonstratio
814 4445 914 4510 facilis
942 4456 999 4511 est
1046 4447 1121 4512 Cum
1151 4448 1229 4510 enim
1257 4456 1370 4511 motum
1397 4466 1500 4510 verum
1526 4448 1645 4515 nullum
1668 4450 1805 4523 4444414,

471 4539 498 4605 si
519 4538 714 4623 propinquius
736 4538 846 4601 fuisset
866 4537 934 4619 ipsa
955 4537 1051 4613 Luna,
1074 4537 1143 4620 plus
1166 4537 1264 4600 locum
1287 4537 1342 4600 sub
1364 4535 1487 4600 zodiaoo
1510 4549 1716 4620 apparentem
1737 4558 1806 4606 oom-

467 4637 617 4694 mutasset
638 4647 728 4712 quam
749 4629 850 4692 Luna:
880 4627 980 4709 itaque
1010 4626 1118 4690 saltem
1141 4627 1181 4689 ad
1203 4627 1301 4690 visum
1322 4645 1376 4708 per
1399 4626 1619 4709 aliquantulum
1642 4633 1725 4696 ooeli
1746 4647 1806 4715 spt-

469 4719 544 4783 tium
559 4721 726 4783 discurrere
749 4716 949 4799 apparuisset,
973 4715 1030 4778 etsi
1054 4735 1086 4779 re
1102 4735 1175 4780 vera
1188 4716 1354 4799 quiescens.
1377 4716 1469 4780 Lucis
1487 4735 1581 4779 causa
1597 4721 1706 4802 oapiat
1727 4721 1807 4784 leotor

467 4810 558 4893 paulo
580 4806 746 4891 imperitior
768 4806 889 4890 aliquod
910 4806 1093 4887 exemplum3
1117 4807 1176 4870 etsi
1198 4806 1317 4889 quidem
1339 4804 1371 4867 in
1394 4805 1513 4886 Optiois
1535 4825 1603 4889 oap.
1618 4810 1679 4876 lx
1705 4807 1806 4875 dosui-

468 4917 537 4961 uam
559 4897 759 4982 parallaxium
782 4897 825 4959 sio
848 4895 1018 4977 explicasse
1041 4895 1155 4972 videor,
1179 4903 1214 4959 ut
1229 4895 1304 4958 nihil
1320 4894 1485 4958 desiderari
1498 4897 1609 4976 possit
1648 4899 1703 4965 Sit
1720 4911 1806 4965 tamon

469 5003 607 5052 erassum
630 4995 662 5052 et
687 4984 838 5069 palpabile
863 4985 1030 5066 exemplum
1052 4984 1124 5047 hoa:
1155 4993 1224 5046 tene
1248 4992 1338 5068 caput
1364 4984 1534 5059 immotum,
1558 4988 1670 5053 oculos
1694 4984 1806 5054 alternis

469 5074 590 5154 claude,
621 5084 726 5160 aperto
748 5093 854 5138 nasum
881 5075 1004 5157 inspice.
1052 5073 1086 5138 Si
1110 5074 1217 5137 dextro
1240 5075 1424 5156 inspexeris,
1456 5074 1497 5137 ad
1518 5074 1682 5143 sinistram
1702 5088 1805 5162 purten

469 5163 540 5230 libri
568 5175 621 5231 aut
648 5164 813 5249 pavimenti
841 5183 934 5228 nasus
963 5162 1128 5227 videbitur:
1163 5163 1211 5228 sin
1241 5164 1365 5228 sinistro
1393 5163 1562 5247 inspexeris
1587 5169 1696 5248 oculo,
1725 5182 1804 5232 nasm
