4584 6192
2012 568 2176 633 Caput
2214 568 2300 618 ιν.
2342 568 2392 618 9.
3425 562 3554 629 217

843 744 959 824 ipsi
1005 744 1064 805 D
1112 744 1404 822 subjectis
1454 745 1683 805 existat
1729 745 1996 806 ebullitio
2047 728 2250 827 aliqua
2297 766 2634 808 crassorum
2685 764 2970 824 vaporum
3019 744 3349 824 superficiei
3402 744 3555 808 irre-

846 833 1101 912 gularis,
1152 853 1308 911 quae
1357 834 1442 894 sic
1493 844 1691 894 tamen
1741 834 1992 907 habeat,
2057 844 2124 895 ut
2170 836 2472 897 mediante
2523 836 2810 896 materiae
2872 833 3205 912 pellucidae
3253 832 3555 894 densitate

845 923 1042 1002 possit
1085 922 1420 1000 refringere
1453 922 1564 984 CD
1613 922 1842 983 radium
1876 922 2038 984 Solis
2079 945 2152 984 ex
2200 926 2446 985 aethere
2488 925 2672 985 libero
2721 923 3141 984 advenientem
3181 940 3288 1000 per
3324 918 3401 983 4⁰
3435 918 3556 983 14¹.

844 1012 974 1073 Hoc
1019 1010 1305 1073 existimo
1355 1011 1739 1073 Cleomedem
1802 1013 2093 1087 voluisse,
2164 1015 2301 1075 dum
2362 1021 2673 1092 comparat
2720 1019 2921 1073 aerem
2989 1029 3347 1089 vaporosum
3394 1010 3560 1072 circa

845 1100 1212 1162 horizontem
1260 1120 1474 1181 aquae,
1532 1101 1588 1161 in
1650 1120 1826 1179 quam
1888 1102 2170 1163 denarius
2219 1103 2481 1181 injectus
2530 1103 2629 1163 sit.
2733 1101 2906 1163 Sicut
2962 1099 3118 1161 enim
3176 1098 3297 1160 illic
3354 1099 3558 1160 oculus

843 1196 1017 1250 extra
1062 1188 1326 1250 medium
1378 1189 1622 1250 densius
1673 1190 2077 1264 constituitur,
2131 1191 2220 1252 ita
2258 1192 2442 1252 etiam
2481 1190 2579 1252 hic
2613 1189 2969 1252 Cleomedes
3019 1189 3280 1249 collocat
3326 1188 3558 1250 oculum

845 1278 1228 1339 observantis
1279 1278 1336 1339 in
1387 1285 1524 1339 aere
1584 1287 1757 1339 extra
1815 1279 2174 1340 crassiorem
2228 1281 2392 1340 illum
2448 1298 2750 1360 vaporem.
2847 1278 2996 1340 Cum
3048 1296 3191 1355 ergo
3241 1277 3364 1337 sint
3410 1276 3558 1338 recti

846 1366 1036 1440 DBA,
1088 1364 1284 1441 BOA,
1338 1375 1401 1426 et
1451 1367 1651 1440 DAB,
1721 1367 1893 1429 DAC
1964 1370 2249 1447 aequales
2311 1377 2373 1430 et
2439 1369 2689 1448 quilibet
2736 1361 2858 1448 279
2881 1365 2922 1439 ⁰,
2987 1366 3081 1427 hic
3120 1367 3249 1444 jam
3316 1366 3559 1443 propius

848 1456 1113 1516 venimus
1163 1456 1240 1515 ad
1289 1457 1548 1534 priorem
1617 1457 2082 1517 dimensionem:
2153 1469 2286 1519 erat
2350 1459 2503 1519 euim
2557 1457 2609 1516 in
2676 1455 3065 1515 communiter
3131 1454 3560 1533 apparentibus

846 1543 1313 1606 retract-ionibus
1388 1546 1640 1623 angulus
1706 1546 1878 1606 BAD
1936 1542 2029 1608 2⁰.
2135 1546 2313 1616 Quod
2375 1547 2425 1606 si
2490 1545 2581 1606 cni
2650 1546 2972 1606 etiamnum
3032 1542 3309 1603 videatur
3377 1542 3561 1604 nimia

853 1632 1111 1695 altitudo
1160 1632 1217 1693 D
1266 1634 1474 1711 puncti
1532 1654 1639 1694 seu
1702 1653 2021 1712 vaporum,
2090 1635 2398 1715 duplicata
2459 1634 2818 1695 refractione
2885 1632 3206 1692 etiamnum
3266 1631 3561 1694 humiliari

849 1730 1052 1801 potest
1102 1739 1311 1799 vapor.
1407 1721 1686 1801 Eligatur
1732 1724 1888 1783 enim
1938 1725 1993 1783 in
2042 1724 2149 1784 ΕΒ
2205 1734 2491 1804 punctum
2548 1724 2827 1784 humilius
2877 1721 2962 1795 G,
3015 1729 3077 1781 et
3118 1742 3154 1780 a
3202 1719 3260 1780 G
3309 1721 3564 1781 ducatur

852 1811 1209 1889 contingens
1259 1811 1505 1870 Terram
1559 1809 1706 1885 GH,
1767 1812 1855 1871 sic
1919 1824 1984 1873 ut
2041 1823 2211 1874 secet
2270 1821 2472 1874 aerem
2522 1813 2576 1872 in
2628 1814 2682 1872 H
2739 1811 2937 1891 ibique
2992 1810 3372 1889 refringatur.
3465 1808 3562 1870 Ex

850 1901 904 1960 Η
954 1899 1136 1977 igitur
1182 1899 1429 1959 tandem
1494 1900 1746 1960 ducatur
1792 1902 1883 1961 HI
1929 1903 2256 1979 parallelos
2316 1903 2428 1981 ipsi
2478 1901 2601 1961 EF.
2696 1901 2833 1961 Erit
2886 1898 3170 1960 refractio
3228 1897 3457 1958 usitata
3501 1897 3559 1959 in

851 1990 923 2061 H,
976 1996 1119 2066 post
1174 1987 1476 2048 inusitata
1523 1990 1580 2049 in
1633 1988 1710 2049 G.
1806 1989 1872 2050 Si
1931 1999 2128 2052 tamen
2186 1991 2554 2071 perpendaS,
2607 1990 2875 2049 Batavos
2932 2005 3223 2048 conversa
3285 1983 3562 2048 facie'ad

854 2076 1161 2138 meridiem
1231 2077 1574 2155 respexisse
1642 2097 1851 2138 versus
1911 2088 2280 2151 montosam,
2351 2080 2636 2140 silvosam
2700 2089 2761 2138 et
2815 2077 3148 2155 praealtam
3197 2075 3560 2149 Tartariam,

858 2166 1011 2227 unde
1076 2165 1420 2226 devolvitur
1485 2167 1699 2227 fluvius
1749 2166 1914 2249 Ohy,
1969 2170 2053 2229 sic
2104 2177 2170 2228 ut
2214 2169 2322 2229 BF.
2385 2168 2725 2246 porrigatur
2778 2184 2887 2245 per
2942 2165 3263 2242 sexaginta
3327 2163 3566 2227 circiter

853 2254 1136 2316 milliaria
1182 2254 1241 2314 in
1291 2255 1396 2315 illa
1443 2256 1903 2356 mediterranea,
1953 2260 2212 2318 tortasse
2262 2277 2376 2318 non
2429 2257 2544 2316 erit
2592 2256 2699 2317 tibi
2760 2253 3125 2326 incredibile,
3176 2261 3458 2331 punctum
3508 2253 3563 2314 Ε

851 2343 906 2404 in
970 2343 1286 2422 superficie
1354 2345 1511 2404 aeris
1590 2352 1906 2424 tantopere
1984 2366 2161 2425 super
2225 2344 2333 2407 BC
2416 2364 2638 2424 aequor
2713 2342 2959 2421 hospitii
3023 2343 3393 2402 Batavorum
3459 2343 3562 2405 illo

850 2439 1148 2496 momento
1197 2432 1498 2494 sublatum
1548 2434 1766 2495 fuisse:
1818 2435 1890 2496 de
1940 2456 2057 2515 qua
2103 2434 2534 2538 inaequalitate
2582 2434 2739 2495 infra
2784 2433 2975 2511 plura.

1024 2521 1207 2583 Alter
1254 2522 1465 2582 modus
1511 2523 1793 2584 consistit
1836 2523 1890 2584 in
1942 2525 2412 2603 repercussione,
2465 2525 2630 2584 facta
2667 2522 2764 2581 vel
2806 2541 2842 2580 a
2880 2519 3034 2580 nube
3076 2520 3172 2589 (ut
3204 2517 3564 2584 Cleomedes

849 2611 1006 2680 vult)
1052 2611 1246 2671 densa
1293 2618 1358 2671 et
1403 2612 1720 2690 aequabili,
1770 2614 1885 2684 vel,
1941 2621 2006 2673 ut
2052 2633 2191 2692 ego,
2244 2636 2281 2674 a
2329 2612 2635 2691 superiore
2696 2608 3005 2689 superficie
3064 2608 3222 2669 aeris
3272 2629 3380 2672 nos
3429 2630 3563 2673 am-

850 2699 1107 2772 hiemis,
1155 2706 1223 2760 ut
1271 2699 1322 2760 si
1371 2700 1459 2759 IH
1521 2701 1946 2779 refringeretur
1994 2702 2049 2763 in
2098 2702 2255 2777 HG,
2324 2711 2387 2761 et.
2436 2702 2491 2761 iu
2557 2707 2777 2778 puncto
2828 2696 2884 2758 G
2951 2698 3284 2776 superficiei
3352 2719 3562 2775 cavae,

850 2806 998 2868 quae
1045 2806 1156 2867 per
1204 2786 1262 2848 G
1310 2788 1564 2861 transit,
1627 2799 2105 2869 repercuteretur
2152 2791 2211 2852 in
2257 2792 2331 2851 B.
2428 2791 2496 2850 Id
2545 2788 2671 2850 fieri
2729 2795 2935 2866 potest
2979 2806 3089 2865 per
3138 2787 3305 2866 leges
3355 2808 3563 2870 reper-

849 2877 1169 2951 cusserias,
1220 2877 1269 2938 si
1323 2874 1453 2952 CD,
1503 2878 1613 2938 DB
1662 2880 1911 2940 eandem
1960 2881 2340 2961 sphaericam
2400 2877 2771 2958 superficiem
2819 2883 3099 2954 tangant.
3193 2877 3324 2938 Nec
3370 2885 3568 2941 metus

850 2975 961 3041 est,
1013 2975 1079 3027 ut
1126 2966 1472 3045 superficies
1522 2967 1642 3027 ista
1690 2968 1892 3028 radios
1955 2971 2366 3041 transmittat,
2430 2975 2753 3048 propterea
2800 2966 2956 3044 quod
3005 2972 3147 3042 post
3196 2967 3567 3044 superficiem

848 3073 1176 3116 convexam
1223 3054 1390 3116 illam
1437 3064 1713 3118 occurrat
1759 3058 1949 3118 rarius
1999 3059 2278 3119 medium.
2375 3058 2668 3118 Videmus
2716 3054 2868 3114 enim
2920 3054 2977 3113 in
3028 3052 3202 3113 vitris
3253 3061 3568 3137 utramque

850 3143 1255 3225 superficiem,
1325 3152 1389 3204 et
1457 3145 1814 3206 exteriorem
1879 3147 1955 3206 ad
2017 3147 2230 3208 faciem
2284 3155 2346 3207 et
2409 3145 2751 3207 interiorem
2820 3143 2878 3203 in
2942 3142 3123 3202 fundo
3186 3153 3569 3222 repercutere

849 3232 1075 3307 radios,
1145 3233 1298 3293 adeo
1345 3241 1414 3293 ut
1474 3235 1780 3312 speculum
1847 3235 2099 3296 vitreum
2149 3235 2277 3297 Soli
2336 3234 2673 3314 oppositum
2724 3232 2802 3291 ad
2872 3230 3115 3291 tertiam
3166 3241 3229 3291 et.
3293 3242 3567 3313 quartam

848 3321 1162 3400 perveniat
1225 3323 1756 3400 repercussionem.
1871 3323 1969 3385 Sit
2032 3325 2286 3399 vitrum,
2366 3325 2534 3403 cujus
2610 3321 2886 3400 superior
2964 3321 3309 3397 superficies
3376 3320 3565 3396 ABG,

854 3410 1099 3471 inferior
1127 3409 1259 3482 ΕΙ),
1313 3430 1430 3489 qua
1476 3414 1780 3490 speculum
1831 3411 2077 3473 inducta
2124 3433 2372 3474 cerussa
2418 3423 2547 3474 ter-
2941 3450 3047 3515 Fig.
3090 3449 3178 3499 76.

853 3500 1127 3561 minatur.
1202 3498 1287 3559 Et
1331 3499 1413 3559 sit
1450 3499 1554 3560 Sol
1596 3501 1651 3560 in
1683 3502 1750 3573 F,
1802 3501 2127 3562 incidentia
2162 3501 2285 3575 FC,
2339 3522 2545 3581 reper-
2699 3511 2710 3526 ‘
2903 3543 2949 3589 ff
3000 3539 3022 3568 x
3062 3537 3099 3581 ς,

852 3588 1050 3649 cussio
1116 3588 1300 3666 igitur
1365 3585 1481 3650 OG
1546 3590 1622 3649 ad
1689 3592 1938 3669 angulos
2006 3592 2310 3670 aequales,
2424 3590 2547 3651 Sed
2626 3567 2818 3677 112³}-

852 3676 991 3756 quia
1034 3676 1396 3757 pellucidum
1437 3686 1535 3737 est
1583 3679 1819 3750 vitrum,
1868 3698 2008 3756 pars
2049 3681 2362 3758 potissima
2396 3679 2547 3740 radii
2701 3673 2750 3749 Ἃ,
2846 3705 2866 3733 κ
3471 3654 3568 3732 fr

852 3766 1087 3827 Solaria
1151 3766 1378 3826 transit
1441 3768 1813 3845 superficiem
1868 3768 1924 3827 in
1977 3766 2024 3830 O
2084 3777 2146 3829 et
2206 3768 2548 3848 refringitur
3002 3761 3026 3797 ⁷
3171 3833 3175 3837 .
3419 3793 3423 3797 ·

850 3855 909 3915 in
957 3852 1090 3929 CD,
1140 3872 1324 3934 quare
1372 3873 1514 3933 pars
1563 3856 1821 3929 residua,
1874 3877 2024 3937 quae
2069 3877 2175 3937 per
2205 3856 2319 3920 CG
2368 3877 2545 3937 spar-
2814 3845 2882 3950 N
3183 3849 3187 3853 ’
3227 3929 3231 3933 ¹
3315 3929 3319 3933 Ι

852 3944 1039 4021 gitur,
1103 3952 1199 4005 est
1259 3943 1455 4004 tenuis
1514 3945 1848 4007 admodum.
1943 3946 2128 4007 Porro
2180 3945 2291 4007 CD
2339 3966 2545 4025 reper-
2602 3989 2787 3997 —a-af
2862 3945 3071 4041 ‚RQ
3107 3930 3331 4001 '¹³³²

855 4032 1075 4093 cutitur
1124 4053 1161 4092 a
1206 4031 1263 4094 D
1324 4041 1546 4111 puncto
1606 4033 1842 4095 fortiter
1899 4036 2068 4114 (quia
2124 4036 2431 4113 speculum
2490 4036 2546 4096 in
2610 4089 2618 4093 -
2686 4089 2699 4093 .,

849 4120 909 4181 D
955 4120 1341 4182 terminatum
1399 4122 1524 4194 est)
1585 4131 1648 4183 et
1705 4124 1782 4183 ad
1841 4125 2093 4201 angulos
2157 4126 2442 4204 aequales
2491 4126 2546 4185 in

850 4208 995 4282 DB,
1064 4209 1262 4288 ibique
1330 4210 1565 4271 scilicet
1613 4211 1670 4271 in
1717 4211 1769 4271 B
1838 4212 2046 4272 exiens
2109 4213 2167 4273 in
2237 4221 2438 4274 aerem
2506 4216 2854 4295 refringitur
2919 4215 2973 4275 in
3024 4215 3168 4284 BH,
3234 4220 3413 4292 atque
3477 4211 3573 4274 hic

851 4299 1056 4359 radius
1103 4297 1219 4358 BH
1287 4298 1647 4360 fortissimus
1714 4307 1825 4360 est.
1919 4300 2185 4362 Rursum
2242 4302 2384 4381 quia
2440 4302 2549 4364 DB
2617 4305 2879 4365 occurrit
2943 4302 3277 4381 superficiei
3343 4301 3574 4381 politae

852 4386 935 4459 B,
1001 4386 1226 4466 partim
1289 4387 1429 4459 (sed
1496 4387 1804 4461 debiliter)
1874 4390 2278 4468 repercutitur
2329 4392 2404 4452 ad
2473 4393 2725 4471 angulos
2793 4392 3081 4471 aequales
3140 4391 3197 4451 in
3247 4391 3395 4461 ΒΕ,
3455 4409 3571 4450 non

851 4475 1137 4537 obstante
1186 4477 1345 4554 quod
1393 4496 1575 4557 supra
1619 4477 1671 4537 B
1722 4484 1828 4538 aer
1884 4479 2192 4558 sequitur3
2259 4487 2322 4539 et
2368 4481 2426 4540 in
2476 4482 2526 4541 E
2578 4502 2807 4544 rursum
2876 4480 3114 4541 fortiter
3176 4477 3574 4557 repercutitur

853 4564 914 4624 in
958 4564 1074 4626 EA
1123 4565 1289 4625 etin
1339 4565 1398 4626 A
1459 4566 1666 4626 exiens
1715 4566 1769 4626 iu
1838 4574 2039 4628 a‘erem
2107 4569 2454 4647 refringitur
2516 4571 2570 4630 in
2624 4569 2750 4643 A1;
2823 4580 2883 4630 at
2949 4569 3044 4630 hic
3110 4567 3288 4628 valde
3354 4564 3573 4626 debilis

852 4661 968 4724 est,
1016 4652 1158 4733 quia
1202 4672 1347 4733 pars
1394 4654 1508 4732 ipsi
1558 4655 1823 4715 decessit
1872 4656 1930 4716 in
1981 4654 2059 4730 C,
2109 4658 2294 4718 multo
2356 4677 2495 4719 vero
2555 4660 2747 4737 major
2802 4659 2855 4719 in
2904 4660 2987 4732 B,
3052 4675 3297 4736 quarum
3357 4655 3466 4715 illa
3514 4652 3572 4714 in

855 4737 1006 4812 CG,
1051 4742 1204 4803 haec
1253 4742 1311 4802 in
1359 4742 1473 4802 ΒΗ
1537 4744 1962 4822 spargebatur,
2037 4752 2103 4806 ut
2147 4746 2325 4805 valde
2395 4755 2748 4809 attenuatus
2796 4748 2879 4807 sit
2929 4747 2985 4807 in
3036 4747 3146 4806 AI.
3241 4743 3323 4804 Et
3368 4751 3572 4803 tamen

853 4827 1040 4892 etiam
1086 4830 1145 4892 in
1193 4831 1255 4892 A
1302 4831 1529 4910 aliquid
1578 4833 1651 4892 de
1698 4832 1814 4894 EA
1863 4834 2260 4912 repercutitur
2306 4834 2367 4896 in
2406 4837 2537 4897 AM
2585 4844 2647 4897 et
2694 4855 2768 4895 ex
2798 4837 2862 4896 M
2913 4836 2966 4896 in
3016 4835 3143 4895 MK
3192 4831 3572 4909 refringitur-

857 4937 975 4997 que
1028 4920 1084 4980 in
1133 4919 1268 4980 KL.
1366 4917 1490 4981 Sed
1549 4921 1682 4999 jam
1738 4921 1833 4981 hic
1900 4930 2148 5001 quartus
2215 4924 2420 4986 radius
2487 4944 2623 4985 raro
2683 4933 2889 5002 potest
2953 4924 3287 4984 cerni'nec
3350 4919 3465 4980 nisi
3511 4919 3572 4980 in

857 5008 1241 5071 tenebricosa
1286 5008 1422 5069 loca
1468 5009 1760 5083 vibratuS,
1812 5011 1887 5072 ob
1922 5012 2166 5073 nimiam
2205 5014 2333 5092 ejus
2386 5013 2765 5075 tenuitatem.
2842 5013 2932 5072 Eo
2980 5012 3163 5090 igitur
3211 5009 3409 5080 modo,
3457 5024 3573 5087 quo

856 5095 1118 5162 radiiin
1167 5097 1326 5190 vitro
1372 5097 1856 5178 repercutiuntur
1903 5121 1941 5160 a
1987 5101 2295 5180 superiore
2356 5102 2669 5182 superficie
2734 5100 3005 5182 quamvis
3051 5119 3168 5161 non
3227 5097 3572 5174 terminata,

2823 4073 3039 4145 —ff‘
3075 4105 3107 4145 P.
3207 4093 3258 4145 n
