4584 6192
467 596 532 665 592
893 596 994 647 literae
1012 596 1115 661 Keplerl
1134 594 1285 661 elloromque
1302 602 1406 647 mutuae

471 772 528 841 ¹¹1„
550 781 577 827 st
597 770 651 839 ¹l„.
688 771 737 822 Ubi
755 772 831 838 igitur
848 770 888 821 bio
906 772 991 838 triga?
1009 773 1048 823 rel
1066 774 1086 822 si
1104 773 1195 837 trigarn
1213 785 1268 823 esse
1287 771 1425 832 mutandis,
1447 772 1537 823 saltem
1555 772 1678 823 concedes
1696 774 1752 837 elus
1771 788 1832 824 cou-

467 849 646 899 siderationem
663 857 755 894 ranam
773 858 827 894 esse
847 849 873 893 et
890 845 1009 894 inutilem.
1047 844 1141 894 Verum
1159 843 1199 893 hie
1218 844 1297 893 obiter
1314 844 1373 893 mihi
1391 846 1506 901 occurrit.
1525 843 1590 909 quod
1608 859 1639 893 ex
1656 850 1682 894 te
1700 858 1832 909 quaeram

468 934 523 970 eum
542 918 639 967 rideam
657 923 684 966 te
703 929 760 964 oum
777 914 953 965 recentioribus
972 916 1072 965 musicis
1090 915 1173 964 ditono
1193 915 1253 965 dare
1271 916 1453 978 proportionem
1472 911 1522 979 9,,
1541 929 1606 980 quae
1624 916 1783 979 componitur
1800 931 1833 967 ex

470 985 501 1052 ¹1,
522 996 548 1039 et
568 984 621 1050 'lm
642 988 736 1036 duobus
754 986 849 1036 scilicet
868 988 940 1044 tonis,
961 986 1038 1036 altero
1065 988 1159 1049 mejore
1185 986 1262 1035 altero
1281 987 1389 1040 minore,
1414 988 1467 1051 quis
1485 988 1518 1035 sit
1535 1001 1594 1035 usus
1612 987 1665 1034 toni
1682 987 1787 1036 minens
1805 995 1833 1038 et

467 1074 532 1125 quae
551 1063 604 1123 eius
622 1059 695 1108 sedes
713 1058 739 1106 iu
757 1056 827 1106 reela
848 1059 945 1108 musica
962 1066 1008 1107 aut
1025 1057 1173 1107 diastemate
1199 1056 1341 1120 diapuou?
1359 1056 1425 1107 Nam
1444 1066 1471 1107 et
1488 1056 1619 1108 Ssrerinns
1637 1058 1744 1107 Boetius
1762 1058 1830 1109 hune

467 1134 575 1198 ignorat,
596 1136 622 1180 st
640 1144 685 1194 ego
703 1129 729 1176 iu
752 1129 849 1178 musica
865 1128 916 1177 sire
944 1129 1023 1178 vocali
1041 1130 1092 1178 sire
1119 1128 1300 1179 iustrumentali
1323 1142 1372 1177 non
1395 1143 1495 1192 possum
1522 1142 1658 1193 agnoscere
1686 1129 1734 1177 nisi
1752 1143 1831 1180 naun

468 1208 563 1259 teum.
582 1215 671 1262 nempe
688 1201 815 1261 malorem.
853 1198 913 1248 Esto
941 1201 1007 1250 enim
1034 1199 1158 1250 diastema
1180 1200 1299 1263 diapason
1319 1213 1335 1248 a
1353 1202 1444 1250 Famut
1472 1199 1505 1250 ad
1523 1200 1560 1249 (le
1587 1200 1623 1248 sol
1641 1215 1669 1250 re
1687 1205 1716 1248 ut
1736 1197 1829 1265 (comp.

469 1271 527 1323 Vol.
547 1272 567 1330 Ι,
586 1288 610 1336 p.
630 1266 712 1331 2003
730 1269 771 1319 hic
789 1270 854 1319 inter
871 1270 897 1318 Γ
912 1277 938 1319 ιι
954 1272 978 1320 Δ
996 1285 1022 1320 re
1040 1270 1196 1320 intervallum
1214 1276 1253 1320 est
1270 1270 1343 1318 nnius
1361 1272 1422 1328 toni.
1441 1286 1489 1321 nec
1507 1285 1579 1320 secus
1597 1272 1662 1320 iuter
1682 1272 1702 1319 Δ
1722 1286 1750 1320 re
1769 1272 1828 1323 etB

467 1345 516 1402 mi,
534 1345 595 1393 item
618 1343 684 1391 iuter
703 1338 722 1389 C
741 1346 768 1390 et
785 1340 825 1397 1),
845 1340 935 1391 deinde
953 1344 1017 1391 inter
1034 1340 1058 1389 D
1078 1348 1104 1391 st
1122 1341 1155 1401 E,
1182 1348 1256 1405 atque
1280 1342 1378 1390 demum
1396 1343 1461 1392 inter
1478 1342 1498 1391 T
1517 1350 1544 1391 et
1561 1341 1591 1390 0.
1629 1342 1678 1391 Hic
1697 1341 1772 1392 velim
1788 1356 1829 1392 me

469 1415 569 1476 doceas,
587 1413 628 1477 qni
647 1427 678 1462 ex
696 1412 749 1460 istis
767 1413 817 1460 aiut
835 1412 887 1460 toni
905 1415 1019 1475 majores,
1039 1414 1078 1477 qui
1098 1414 1212 1461 minores.
1238 1415 1317 1461 Aures
1337 1414 1402 1462 enim
1420 1427 1492 1463 meae
1510 1412 1649 1462 hebetiores
1667 1419 1737 1469 sunt,
1755 1427 1829 1478 quam

467 1494 498 1535 ut
508 1486 603 1548 possint
614 1485 679 1533 inter
691 1498 733 1532 eos
752 1482 901 1541 dinumero,
920 1484 965 1533 sed
978 1498 1062 1534 omnes
1081 1485 1217 1533 aestimant
1235 1485 1360 1547 aequales
1387 1484 1491 1546 Oportet
1502 1491 1587 1534 autem
1600 1498 1655 1533 esse
1673 1485 1828 1549 inaequales,

468 1557 489 1606 si
507 1556 585 1605 ditoni
602 1555 725 1618 proportio
743 1554 847 1602 sumitur
860 1549 903 1617 9,.
929 1554 995 1604 item
1014 1555 1170 1604 diatessaron
1191 1549 1222 1617 Ἰ,
1243 1570 1273 1603 ex
1291 1553 1408 1619 diapente
1430 1550 1458 1617 Ἰ,
1480 1555 1591 1604 ablatum
1609 1554 1726 1618 relinquit
1743 1562 1828 1605 tonum

469 1622 502 1691 ⁸l,
521 1630 651 1689 majorem,
669 1625 765 1674 scilicet
783 1626 824 1688 qui
843 1624 982 1688 duplicatus
1000 1627 1179 1690 proportionem
1198 1625 1270 1675 offert
1290 1619 1365 1689 “lm
1385 1641 1429 1675 sen
1447 1623 1479 1674 81
1502 1627 1533 1675 ad
1553 1622 1595 1682 61,
1614 1628 1735 1688 majorem
1753 1640 1828 1691 quam

468 1698 517 1749 iert
533 1698 596 1747 ratio
615 1697 692 1745 ditoni
712 1694 727 1742 5
748 1694 779 1745 ad
798 1692 823 1743 4.
859 1695 908 1745 Hie
928 1711 974 1761 ego
992 1712 1032 1746 me
1051 1698 1172 1746 extricare
1190 1711 1295 1759 nequeo,
1314 1703 1342 1745 tu
1359 1710 1452 1760 quaeso
1470 1711 1510 1745 me
1529 1697 1615 1745 libera.

556 1768 667 1818 Transeo
685 1780 751 1815 nunc
770 1766 802 1815 ad
821 1766 879 1815 alia.
918 1766 1009 1818 Stellas
1027 1769 1089 1818 iacis
1107 1768 1199 1817 similes
1217 1767 1322 1816 Telluris
1347 1769 1430 1832 eisque
1456 1768 1542 1817 tribuis
1566 1767 1695 1824 humores,
1725 1766 1827 1818 exbala-

468 1842 567 1896 tlones,
596 1839 691 1902 pluvias
711 1843 737 1887 et
755 1843 882 1887 creaturas
908 1840 1036 1896 virentes,
1064 1854 1165 1902 quornm
1191 1845 1305 1888 nentrum
1330 1839 1423 1902 probo,
1451 1845 1577 1902 utusque
1595 1838 1658 1894 hoc.
1686 1839 1754 1902 quod
1772 1854 1828 1889 eum

470 1911 606 1975 (lopernico
625 1908 747 1958 Tellurem
772 1909 851 1957 instar
877 1908 994 1972 planetae
1013 1911 1069 1959 terri
1088 1911 1133 1958 ais.
1170 1908 1232 1958 Mihi
1250 1909 1396 1971 probabilior
1422 1911 1518 1959 ridetur
1545 1910 1671 1959 sententia
1689 1908 1722 1958 R.
1743 1909 1827 1969 Ursi,

470 1982 534 2047 quod
553 1980 631 2031 Terra
648 1981 673 2029 in
692 1984 778 2029 centro
796 1980 962 2030 universitatis
979 1982 1061 2044 posita
1079 1989 1148 2029 motu
1166 1974 1299 2042 δινησεως
1323 1980 1431 2043 qnotidie
1455 1980 1532 2030 semel
1557 1986 1724 2030 convertatur.
1762 1980 1779 2030 J
1785 1997 1827 2030 or·

469 2052 580 2103 danum
599 2051 737 2100 Brunum
755 2051 839 2114 prunis
865 2057 957 2101 tostum
976 2053 1074 2107 scribis,
1102 2052 1167 2114 qnod
1194 2050 1304 2116 intelligo
1327 2051 1396 2101 illum
1424 2058 1560 2102 crematum
1579 2065 1652 2107 assez
1679 2064 1775 2115 quaeso
1794 2065 1826 2101 an

470 2131 566 2175 eertum
583 2122 631 2173 hoc
649 2123 683 2170 sit
700 2130 727 2171 et
753 2120 851 2185 quaudo
870 2129 916 2171 ant
941 2136 1018 2185 quare
1037 2123 1060 2171 ei
1085 2122 1109 2171 id
1129 2123 1264 2179 acciderit,
1292 2122 1332 2172 iac
1349 2129 1377 2171 ut
1395 2124 1481 2173 sciam.
1517 2121 1620 2171 Miseret
1645 2136 1686 2171 me
1713 2122 1826 2172 bominis

469 2194 572 2258 insuper
590 2199 688 2258 gratum
702 2192 760 2242 mihi
773 2193 871 2250 leceris,
890 2195 911 2242 si
924 2208 954 2242 ex
966 2193 1090 2256 Tychonis
1109 2208 1201 2259 genero
1219 2194 1376 2257 quaesiveris,
1396 2200 1423 2243 et
1434 2201 1522 2258 postea
1533 2208 1573 2242 me
1590 2193 1723 2243 certiorem
1739 2193 1828 2252 teneris

468 2266 500 2317 de
518 2265 634 2314 Thoma
651 2264 788 2313 Tinolrio
806 2262 1008 2330 Flensbnrgensi,
1030 2265 1126 2315 medico
1145 2270 1172 2314 et
1189 2265 1325 2329 professore
1343 2265 1521 2314 mathematico
1538 2263 1690 2320 Haruiensi,
1710 2278 1743 2313 an
1763 2265 1828 2314 diem

470 2337 565 2398 obierit,
584 2350 616 2385 au
636 2337 698 2385 torte
721 2334 805 2385 sedem
823 2334 977 2385 mutaverit?
1002 2334 1098 2397 Metuo,
1115 2351 1148 2386 ue
1166 2342 1275 2384 mortuus
1293 2337 1339 2393 sit,
1364 2351 1419 2385 cum
1437 2341 1536 2399 practer
1554 2334 1761 2384 consuetudinem
1777 2337 1829 2398 jam

468 2408 566 2472 integro
585 2406 704 2456 decennio
723 2404 784 2455 nihil
802 2407 835 2456 ad
852 2421 893 2456 me
910 2407 1038 2457 literarum
1057 2406 1160 2467 dederit,
1180 2407 1216 2455 vir
1227 2405 1299 2455 valde
1318 2406 1405 2456 doctus
1424 2406 1519 2456 etmihi
1539 2406 1687 2455 carissimus.
1708 2404 1828 2471 (Reliqua

468 2478 585 2544 leguntur
611 2484 696 2527 annot
715 2474 758 2526 35.
787 2484 814 2526 et
840 2478 866 2526 in
893 2479 970 2541 prael.
999 2478 1032 2527 ad
1060 2474 1198 2541 Opticam)
1234 2477 1399 2541 Keplerns
1426 2477 1551 2541 respondit
1569 2476 1593 2526 d
1614 2475 1639 2525 b.
1659 2477 1720 2541 Apr.
1742 2475 1828 2526 16⁰8:

469 2549 644 2630 Specimina
671 2548 874 2629 experientiae
899 2549 936 2609 de
960 2550 1133 2629 aspectibus
1158 2549 1344 2613 secundariis
1368 2549 1497 2628 plurima
1519 2549 1591 2608 dare
1614 2566 1750 2626 possem,
1774 2548 1827 2611 sed

469 2658 528 2700 nou
563 2645 654 2699 vacat
685 2635 855 2698 describere
888 2638 1115 2699 observationes
1147 2657 1241 2699 meas.
1297 2638 1385 2699 Anno
1419 2638 1538 2718 quidem
1573 2631 1675 2710 1000,
1710 2656 1779 2699 oum
1810 2657 1829 2698 a

470 2724 524 2791 23.
555 2725 669 2805 Aprilis
699 2724 727 2786 in
761 2722 792 2786 2.
823 2725 898 2805 Maji
932 2726 1003 2805 styli
1036 2726 1105 2788 novi
1139 2726 1238 2788 nullus
1270 2733 1354 2786 esset
1386 2746 1424 2787 ex
1456 2725 1606 2805 primariis
1640 2726 1827 2804 aspectibus,

471 2815 604 2896 quintilis
628 2832 700 2874 vero
724 2809 754 2891 h,
779 2812 809 2887 ll
832 2814 861 2874 in
885 2814 1007 2894 Magino
1033 2815 1223 2877 exhiberetur
1250 2812 1277 2876 1.
1297 2815 1384 2894 Maji,
1409 2813 1619 2894 copiosissima
1642 2815 1695 2876 nix
1718 2813 1828 2876 cecidit

471 2913 503 2967 et
521 2904 640 2982 Pragae
664 2910 695 2963 et
713 2902 743 2963 in
758 2899 862 2984 Styria
885 2901 914 2963 in
939 2903 1052 2983 nuptiis
1066 2902 1259 2976 Ferdinandi,
1285 2911 1315 2965 et
1338 2904 1503 2965 hastiludia
1526 2902 1674 2981 impedita
1698 2903 1827 2965 fuerunt

471 2991 618 3057 consulto
651 2992 735 3053 coelo
768 2991 921 3052 inventum
953 3000 1002 3053 est
1034 2992 1138 3053 iisdem
1170 2993 1274 3053 diebus
1305 2991 1385 3054 inter
1411 2988 1502 3070 5,ss
1534 3011 1602 3053 csse
1631 2988 1701 3053 72⁰.
1752 2991 1829 3055 Nam

471 3081 599 3143 studiosi
620 3079 770 3162 Tychonis
794 3080 822 3141 in
846 3099 945 3141 meam
968 3081 1099 3159 gratiam
1122 3081 1286 3160 periculum
1305 3082 1439 3142 fecerunt
1463 3080 1629 3159 quadrante
1645 3080 1826 3160 Tychouieo.

471 3170 559 3233 Talia
582 3170 677 3229 multa
699 3170 832 3248 proferre
855 3188 979 3249 possum
1012 3170 1160 3249 exempla.
1207 3168 1268 3232 Sed
1292 3178 1385 3231 nota:
1419 3169 1492 3230 nihil
1516 3168 1693 3247 aspectibus
1718 3170 1827 3241 tribuo,

471 3258 528 3320 nisi
551 3258 581 3319 in
603 3277 712 3337 genere
743 3257 1019 3318 commotionem
1042 3266 1188 3335 naturae,
1220 3278 1296 3339 qnae
1321 3258 1417 3337 gignit
1439 3264 1585 3318 meteora.
1633 3255 1726 3327 Quod
1749 3256 1826 3318 enim

471 3347 500 3408 in
525 3346 661 3424 exemplo
685 3346 736 3406 nix
759 3345 825 3420 suit,
850 3346 879 3405 in
904 3346 964 3406 alio
987 3354 1090 3427 potest
1113 3367 1181 3409 esse
1205 3349 1306 3426 pluvia
1330 3356 1361 3408 et
1384 3346 1514 3407 similia:
1538 3353 1642 3428 potest
1666 3354 1700 3406 et
1723 3354 1828 3407 ventus

471 3454 540 3497 esse
564 3435 678 3508 siccus,
703 3443 807 3514 potest
831 3433 952 3495 humida
976 3456 1043 3496 esse
1075 3436 1247 3507 exhalatio,
1278 3435 1375 3515 qualis
1400 3436 1436 3495 de
1461 3435 1508 3494 die
1537 3434 1713 3512 resplendet
1736 3434 1830 3495 instar

470 3524 596 3586 nebulae
621 3523 739 3584 humilis
765 3531 795 3583 et
818 3523 883 3583 luce
908 3521 988 3584 Solis
1013 3523 1108 3599 clara,
1138 3526 1321 3606 praenuncia
1349 3524 1545 3584 chasmatum.
1594 3523 1640 3583 De
1665 3524 1828 3584 semisexto

470 3612 640 3692 recipiendo
664 3611 867 3673 necessariam
890 3612 976 3673 addis
1001 3614 1191 3674 cautionem:
1216 3614 1281 3693 jam
1311 3613 1425 3691 pridem
1448 3612 1478 3672 iu
1502 3612 1549 3673 his
1574 3610 1724 3673 desudavi
1747 3612 1828 3692 cogi-

470 3701 646 3763 tationibus.
694 3699 820 3763 Summa
842 3720 975 3762 mearum
999 3703 1235 3782 speculationum
1260 3702 1334 3763 haec
1353 3711 1420 3761 est:
1445 3700 1575 3761 musicae
1600 3709 1632 3760 et
1656 3701 1829 3778 aspectibus

470 3809 624 3852 commune
649 3790 706 3850 hoc
731 3808 807 3861 esse,
833 3790 911 3868 qnod
936 3798 968 3851 ut
992 3810 1126 3871 quaeque
1150 3811 1221 3871 pars
1240 3789 1343 3851 circuli
1367 3790 1641 3869 geometricoteroc
1664 3798 1827 3861 resecatur,

472 3880 570 3940 sicet
602 3886 740 3939 naturam
772 3877 908 3938 stimulat
941 3878 1065 3954 lortius,
1104 3888 1259 3960 aspectum
1296 3879 1506 3950 conformans,
1543 3885 1575 3939 et
1602 3897 1695 3940 aures
1731 3885 1830 3939 moret

472 3966 657 4040 evidentius,
689 3966 875 4027 harmoniam
906 3969 1103 4029 constituens.
1161 3969 1267 4047 ltaque
1298 3976 1331 4028 ut
1362 3967 1391 4027 in
1425 3967 1539 4028 musica
1578 3959 1611 4048 ¹l,
1646 3976 1697 4028 est
1728 3968 1830 4029 sortior

470 4076 558 4136 qnam
589 4048 622 4136 Ἰ,
651 4055 736 4134 (quia
769 4054 876 4116 divisio
910 4056 1012 4117 circuli
1036 4056 1065 4117 in
1090 4055 1111 4119 8
1136 4064 1184 4117 est
1212 4076 1268 4117 uno
1302 4056 1396 4135 gradu
1426 4055 1567 4116 remotior
1591 4056 1620 4115 in
1646 4057 1830 4134 geometrica

468 4143 707 4227 pulchritudine,
738 4163 828 4224 quam
861 4143 968 4205 divisio
993 4145 1020 4206 in
1045 4143 1096 4217 4),
1130 4146 1173 4206 sic
1198 4146 1288 4206 etiam
1312 4146 1342 4205 in
1374 4143 1540 4222 astrologia
1562 4139 1625 4205 90ο
1654 4144 1830 4207 validiorem

473 4234 548 4295 dent
572 4240 735 4310 aspectum,
761 4251 851 4311 qnam
874 4229 944 4294 45⁰.
993 4232 1054 4294 Sed
1080 4234 1146 4313 jam
1174 4254 1247 4296 suae
1281 4241 1445 4313 sequnntur
1475 4231 1641 4311 quamlibet
1675 4233 1830 4296 scientiam

468 4321 682 4404 proprietates.
729 4322 764 4382 In
788 4321 904 4382 musica
927 4340 985 4382 nou
1010 4330 1128 4384 tanturn
1159 4324 1315 4384 considero
1344 4330 1461 4402 partem
1489 4319 1521 4393 1,
1546 4329 1578 4383 et
1601 4328 1700 4382 totum
1724 4319 1756 4396 4,
1780 4322 1830 4385 sed

468 4410 561 4473 etiam
584 4410 735 4471 residuum
751 4407 781 4472 3.
821 4408 923 4471 Causa
947 4410 1092 4486 haereat,
1118 4411 1188 4491 quia
1207 4413 1296 4473 datur
1319 4410 1482 4491 duplicatio
1506 4409 1705 4488 longitudinis
1728 4412 1830 4491 cujus·

469 4501 544 4562 libet
567 4500 696 4560 chordae
720 4499 748 4558 in
774 4498 928 4560 infinitum.
967 4497 1048 4569 Quia
1071 4500 1151 4561 enim
1178 4494 1207 4581 ¹s,
1239 4508 1394 4572 consonat,
1420 4507 1543 4577 ergoet
1566 4493 1615 4579 ²l„
1640 4500 1694 4560 ubi
1717 4500 1746 4575 1,
1766 4495 1830 4574 2,1

468 4597 539 4650 suut
566 4588 595 4649 in
630 4586 722 4667 dupla
755 4587 914 4659 continua,
948 4596 981 4648 ut
1010 4589 1057 4648 ita
1089 4608 1214 4650 necesse
1248 4589 1290 4650 sit
1319 4583 1352 4670 ³s,
1380 4606 1555 4649 consonare.
1604 4588 1638 4648 ln
1665 4589 1831 4669 astrologia

468 4697 538 4738 vero
563 4696 620 4737 non
645 4676 717 4737 licet
740 4676 810 4737 mihi
836 4676 987 4756 duplicare
1011 4687 1130 4757 partem
1154 4678 1337 4750 utramlibet,
1364 4676 1491 4737 circulus
1516 4676 1593 4736 euim
1608 4694 1664 4755 per
1689 4688 1829 4757 aspectus

468 4764 645 4827 dividendus
670 4783 787 4844 semper
811 4764 890 4825 idem
914 4774 971 4827 eet.
1019 4764 1108 4836 Quod
1132 4767 1224 4845 igitur
1247 4768 1304 4827 duo
1328 4766 1469 4846 planetae
1494 4764 1646 4826 distantes
1672 4786 1730 4846 per
1753 4762 1831 4829 270⁰

468 4862 646 4935 operantur,
671 4853 702 4913 id
726 4872 783 4915 non
816 4854 931 4916 faciunt
954 4854 991 4915 ob
1020 4855 1095 4930 hoc,
1121 4856 1192 4935 quia
1221 4851 1322 4936 Ἢ,
1361 4862 1409 4914 est
1440 4853 1637 4933 quadruplum
1663 4856 1701 4917 de
1731 4852 1828 4939 ”hm

467 4962 537 5004 nam
561 4941 627 5004 270
650 4960 707 5001 non
733 4951 781 5004 est
802 4942 920 5022 integer
949 4943 1093 5019 circulus,
1124 4945 1178 5004 sed
1203 4944 1240 5004 ob
1264 4944 1335 5017 hoc,
1361 4943 1429 5023 quia
1458 4942 1611 5004 residuum
1635 4938 1681 5008 90
1706 4944 1746 5008 de
1769 4939 1828 5007 27⁰

468 5040 610 5109 estpars
634 5030 727 5092 totins
751 5030 854 5093 circuli
878 5031 1061 5111 geometrice
1085 5040 1214 5095 resecta.
1252 5032 1294 5093 Et
1313 5033 1357 5094 sic
1381 5031 1532 5093 residuum
1556 5031 1612 5092 hoo
1636 5030 1705 5097 270
1731 5035 1769 5097 de
1791 5027 1827 5097 91)

467 5119 540 5182 nihil
561 5118 635 5181 facit
653 5137 708 5197 per
721 5137 766 5192 se,
790 5120 845 5182 sed
863 5128 982 5183 tantum
1005 5128 1127 5201 propter
1142 5119 1196 5185 90.
1234 5121 1392 5183 Breviter:
1418 5121 1457 5183 ad
1472 5121 1654 5200 quadratum
1678 5124 1825 5187 efficacem
