4584 6192
1067 587 1225 669 aloru.
1760 585 1826 660 tot

468 770 615 834 vindicari
636 772 724 853 igneo
747 774 877 855 trigono,
901 776 982 841 intra
1004 778 1083 862 quod
1106 797 1287 861 congressus
1310 777 1495 861 superiorum
1522 771 1596 837 nulli
1618 771 1693 836 flant
1715 770 1774 836 111ῠί
1796 769 1826 834 in

468 860 577 940 igneis.
622 861 719 944 Atqui
748 864 805 925 hoo
835 865 894 927 etsi
922 887 1000 929 anno
1031 864 1131 944 1603,
1165 865 1259 934 1623.
1283 870 1327 933 sio
1351 869 1458 942 habet,
1490 884 1568 928 auno
1597 871 1699 923 tamen
1730 855 1826 925 1843·

469 948 581 1011 variat.
636 950 720 1014 Tunc
751 952 831 1014 euim
863 957 962 1017 media
994 957 1164 1037 conjunctio
1195 958 1225 1020 iu
1248 958 1298 1036 Υ,
1319 978 1392 1021 vera
1424 965 1525 1020 autem
1555 954 1585 1017 iu
1617 946 1734 1026 26⁰3(
1767 957 1827 1024 0⁸⁸·

469 1038 729 1118 retrogradatione
743 1042 884 1121 planetas
893 1045 923 1106 in
933 1047 1085 1108 anteriora

469 1127 625 1200 manenter
653 1147 823 1210 quanquam
850 1151 905 1211 per
931 1153 964 1195 se
992 1136 1085 1197 etiam

469 1216 508 1280 ob
532 1234 641 1278 causas
665 1225 797 1280 motuum
815 1220 956 1303 physicas
974 1230 1007 1285 et
1026 1242 1083 1303 op-

468 1305 548 1368 tioas
563 1306 653 1386 (quas
663 1306 776 1388 antiqui
788 1309 911 1372 vocibus
926 1312 1084 1393 aequantia

468 1403 502 1456 et
524 1394 684 1456 eccentrici
712 1403 940 1476 expresserunt)
968 1397 989 1478 l}
1013 1422 1032 1461 a
1055 1406 1084 1473 ,ε’

469 1481 783 1557 insamae-muse
805 1494 887 1549 motu
911 1489 990 1551 tardi
1014 1495 1085 1551 suut

470 1580 503 1634 ot
516 1572 712 1652 aequationes
727 1573 840 1635 habent
854 1577 1083 1639 subtractorias.

469 1661 577 1741 ltsque
597 1661 697 1723 omnia
715 1661 776 1722 ista
791 1664 853 1725 lato
868 1667 955 1727 modo
974 1667 1085 1728 debent

469 1748 578 1827 accipi.
623 1749 703 1812 Nam
726 1751 752 1811 si
776 1760 907 1817 motuum
931 1764 1085 1835 spectetur

469 1838 585 1900 veritas
622 1857 787 1920 apparens,
830 1862 866 1903 ne
904 1844 1085 1923 triangulum

469 1925 589 2008 quidem
626 1926 685 1987 erit
716 1928 794 1990 iuter
827 1931 913 1992 binos
949 1933 1084 2012 proxime

469 2014 652 2095 praeteritos
667 2034 858 2095 congressus.
896 2021 986 2082 Anno
1005 2021 1084 2083 enirn

472 2100 568 2167 1583.
603 2104 770 2183 conjunctio
807 2109 864 2169 fuit
895 2110 924 2170 iu
953 2108 1019 2172 21ο
1045 2116 1084 2182 ll,

469 2210 548 2253 auno
575 2188 669 2255 1603.
695 2192 724 2254 in
748 2191 788 2256 8ο
805 2203 845 2267 ,Α
884 2198 1082 2259 lnterstitium

468 2281 562 2361 igitur
576 2301 634 2342 non
653 2278 742 2355 120⁰,
757 2285 805 2362 qui
816 2285 967 2363 perfectus
983 2288 1082 2367 trigo·

468 2388 526 2432 uus
550 2378 607 2446 est,
633 2389 687 2431 neo
712 2370 800 2445 117⁰,
824 2375 902 2454 quod
926 2384 974 2437 est
997 2376 1081 2440 ordi·

468 2458 554 2520 narie
564 2457 767 2523 intermedias
778 2464 1012 2542 conjunctiones,
1028 2467 1082 2528 sed

471 2541 1081 2633 102⁰,quadratopropiusquamtrigono

468 2646 504 2700 ut
527 2638 614 2702 vides
636 2637 666 2698 iu
690 2639 855 2702 schemate.

1055 2800 1241 2813 -ῌ

1014 3014 1134 3115 Caput
1161 3016 1262 3090 VIII.

468 3192 528 3255 De
548 3189 748 3273 suplicium
776 3192 888 3273 ipneae
918 3194 1038 3255 uiribus
1066 3190 1287 3257 naturalibus:
1316 3199 1346 3255 eo
1368 3193 1477 3277 priato
1507 3192 1548 3255 de
1577 3192 1831 3280 conjunctionum
1859 3227 1865 3240 ·

720 3280 874 3362 efficacia,
905 3290 1013 3345 contro
1037 3281 1133 3345 Joau.
1159 3282 1278 3347 Picum
1300 3279 1580 3346 Mirandulaaum.

559 3437 629 3499 Dixi
652 3437 813 3513 hactenus,
845 3458 939 3521 nequo
973 3442 1141 3504 naturalem
1173 3460 1241 3503 esse
1269 3440 1511 3503 distributionem
1538 3441 1653 3503 zodiaci
1682 3440 1713 3501 in
1741 3439 1830 3521 sigua

472 3524 531 3600 12,
557 3543 651 3607 neque
675 3536 851 3607 perpetuam
874 3530 922 3591 vel
952 3539 1125 3592 accuratam
1149 3530 1241 3600 hano,
1269 3549 1347 3611 quae
1375 3550 1394 3590 a
1416 3529 1547 3592 motibus
1574 3527 1758 3610 superiorum
1785 3529 1830 3602 ot,

469 3618 499 3677 iu
524 3614 718 3695 triplicitates
743 3623 871 3697 quatuor
894 3619 1116 3682 distinctionem
1132 3618 1279 3699 triumque
1294 3617 1471 3679 distantium
1487 3618 1712 3680 connexionem.
1752 3615 1828 3677 Dic·

469 3715 534 3766 tum
556 3704 658 3778 etiam,
683 3723 778 3785 neque
802 3705 896 3785 signis
911 3709 1115 3787 proprietates
1131 3708 1209 3768 ullas
1233 3724 1333 3766 eorum
1351 3705 1534 3780 animalium,
1561 3724 1658 3786 neque
1676 3703 1830 3783 signorum

467 3792 697 3873 triplicitatibus
714 3793 886 3873 qualitates
910 3815 1011 3857 eorum
1036 3797 1251 3858 elementorum
1274 3793 1389 3866 inesse,
1418 3787 1566 3875 aquibus
1590 3793 1830 3854 denominantur.

468 3880 557 3952 Quae
580 3881 680 3942 omnia
704 3900 769 3944 cum
793 3892 911 3944 centum
936 3885 1065 3965 auuplius
1089 3884 1176 3946 aunis
1200 3891 1270 3944 aute
1293 3901 1340 3943 me
1361 3882 1496 3944 docuerit
1509 3882 1643 3945 Joannes
1662 3881 1712 3943 ille
1726 3879 1829 3955 Picus,

466 3969 660 4032 Mirandulae
684 3989 785 4030 comes
809 3972 881 4043 (VI,
905 3968 1035 4045 4.15.);
1056 3974 1123 4053 jure
1147 3970 1243 4033 videri
1266 3970 1380 4051 possim
1402 3977 1487 4033 totus
1509 3970 1540 4033 in
1556 3971 1628 4053 ejus
1646 3969 1830 4033 senteutiam

467 4060 507 4121 de
530 4058 714 4137 astrologiae
739 4059 875 4120 vanitate
899 4062 1074 4123 concedere.

558 4146 605 4207 Ac
629 4166 666 4208 ne
696 4148 807 4208 multus
832 4147 902 4220 sim,
934 4149 1041 4228 rejecit
1070 4156 1175 4210 auctor
1204 4148 1254 4210 ille
1278 4148 1334 4221 (V,
1358 4145 1405 4222 5.)
1435 4147 1560 4209 effectus
1590 4145 1831 4227 conjunctionum

466 4254 646 4315 magnarum
669 4235 698 4296 in
723 4235 850 4297 solidum
860 4255 869 4310 ;
901 4238 1008 4316 rejecit
1038 4237 1109 4311 (Vl,
1133 4234 1249 4312 5-7.)
1273 4245 1415 4317 aspectus
1447 4253 1550 4299 omnes
1579 4234 1609 4297 in
1643 4235 1830 4311 universum

465 4322 594 4403 negavit
616 4324 689 4398 (VI,
709 4321 776 4397 15.)
799 4325 860 4386 vim
881 4326 970 4387 ullam
986 4326 1084 4388 inesse
1101 4325 1238 4407 trigonis,
1262 4344 1403 4408 quorsum
1427 4324 1519 4387 etiam
1534 4322 1636 4406 aliqua
1664 4344 1701 4388 ex
1724 4322 1782 4398 VI,
1797 4321 1829 4389 d.

465 4411 574 4475 referri
596 4421 734 4492 possunt.
782 4410 898 4483 Quibus
923 4415 1002 4476 inter
1025 4423 1128 4478 cetera
1160 4413 1328 4494 capitibus,
1361 4433 1430 4476 cum
1462 4413 1613 4475 diversum
1641 4411 1680 4475 ab
1708 4421 1830 4476 auctore

466 4500 609 4568 seutiam,
634 4500 767 4562 rationes
790 4501 856 4581 ejus
881 4505 1058 4583 expendam,
1083 4503 1166 4584 prius
1190 4512 1291 4565 tamen
1315 4501 1470 4584 explicata
1492 4520 1560 4564 mea
1575 4500 1831 4575 senteutiansm

465 4589 563 4652 saciet
586 4590 625 4651 ad
647 4607 792 4668 praeseus
817 4590 996 4654 institutum.

556 4675 686 4748 Quaerit
707 4677 798 4740 Picus
822 4678 878 4752 (V,
892 4677 939 4752 5.)
964 4699 1056 4762 quare
1080 4678 1195 4753 eredat,
1220 4677 1337 4758 majora
1360 4678 1461 4741 iacere
1479 4674 1644 4741 Saturnum
1667 4682 1699 4739 et
1711 4675 1829 4753 Iovem,

466 4785 533 4830 oum
557 4773 630 4829 sunt
661 4765 769 4842 simul,
803 4786 891 4849 quam
915 4788 980 4830 oum
1011 4775 1082 4830 sunt
1110 4766 1264 4846 separati?
1309 4765 1513 4847 Respondebo
1541 4785 1579 4827 ex
1606 4785 1675 4827 mea
1701 4784 1760 4829 uon
1792 4783 1832 4830 ex

466 4854 690 4935 astrologorum
718 4856 886 4918 sententia:
915 4875 990 4938 opus
1024 4854 1103 4940 quod
1133 4854 1336 4936 superioribus
1365 4854 1563 4920 adscribimus
1586 4852 1718 4935 junctis,
1751 4851 1832 4938 quod

465 4963 527 5007 non
560 4944 707 5025 competit
737 4944 903 5025 separatis,
940 4945 969 5007 id
1001 4963 1190 5028 nequaquam
1221 4943 1411 5025 planetarum
1443 4942 1576 5024 ipsorum
1608 4947 1659 5006 est
1694 4942 1831 5024 (praeter

465 5033 578 5096 nudam
613 5032 863 5096 illuminationem
901 5041 934 5096 et
969 5032 1232 5109 calefactionem),
1269 5031 1324 5095 sed
1355 5030 1452 5115 ipsius
1486 5037 1613 5094 naturae
1645 5029 1828 5095 sublunaris.

465 5118 585 5193 Quodsi
606 5121 664 5185 hoo
686 5139 762 5203 opus
775 5179 779 5187 ,
794 5121 870 5201 ipsis
892 5141 948 5204 per
970 5141 1003 5187 so
1026 5119 1158 5205 planetis
1189 5118 1386 5192 tribueretur,
1417 5111 1599 5201 respondere
1629 5117 1696 5202 quis
1722 5127 1828 5201 posset
