<?xml version="1.0" encoding="UTF-8"?>
<!DOCTYPE html PUBLIC "-//W3C//DTD XHTML 1.0 Transitional//EN"
    "http://www.w3.org/TR/xhtml1/DTD/xhtml1-transitional.dtd">
<html xmlns="http://www.w3.org/1999/xhtml" xml:lang="en" lang="en">
 <head>
  <title>
</title>
<meta http-equiv="Content-Type" content="text/html;charset=utf-8" />
  <meta name='ocr-system' content='tesseract 3.04.00' />
  <meta name='ocr-capabilities' content='ocr_page ocr_carea ocr_par ocr_line ocrx_word'/>
</head>
<body>
  <div class='ocr_page' id='page_1' title='image "./joanniskepleria02frisgoog_0131.png"; bbox 0 0 4584 6192; ppageno 0'>
   <div class='ocr_carea' id='block_1_1' title="bbox 558 573 1506 658">
    <p class='ocr_par' dir='ltr' id='par_1_1' title="bbox 558 573 1506 658">
     <span class='ocr_line' id='line_1_1' title="bbox 558 573 1506 658; baseline -0.016 -6"><span class='ocrx_word' id='word_1_1' title='bbox 558 585 619 658; x_wconf 75' lang='grc'>116</span> <span class='ocrx_word' id='word_1_2' title='bbox 971 588 1072 642; x_wconf 83' lang='lat' dir='ltr'>Literae</span> <span class='ocrx_word' id='word_1_3' title='bbox 1090 590 1192 655; x_wconf 80' lang='lat' dir='ltr'>Rapleri</span> <span class='ocrx_word' id='word_1_4' title='bbox 1210 590 1361 655; x_wconf 82' lang='lat' dir='ltr'>aliorumque</span> <span class='ocrx_word' id='word_1_5' title='bbox 1377 596 1478 639; x_wconf 78' lang='lat' dir='ltr'>mutuae</span> <span class='ocrx_word' id='word_1_6' title='bbox 1500 573 1506 582; x_wconf 82' lang='grc'><strong>’</strong></span> 
     </span>
    </p>
   </div>
   <div class='ocr_carea' id='block_1_2' title="bbox 552 763 1912 1364">
    <p class='ocr_par' dir='ltr' id='par_1_2' title="bbox 552 763 1912 1364">
     <span class='ocr_line' id='line_1_2' title="bbox 553 763 1911 848; baseline -0.006 -16"><span class='ocrx_word' id='word_1_7' title='bbox 553 769 603 832; x_wconf 93' lang='lat' dir='ltr'>din</span> <span class='ocrx_word' id='word_1_8' title='bbox 626 786 800 848; x_wconf 88' lang='lat' dir='ltr'>compressa</span> <span class='ocrx_word' id='word_1_9' title='bbox 819 767 887 829; x_wconf 92' lang='lat' dir='ltr'>bilis</span> <span class='ocrx_word' id='word_1_10' title='bbox 906 766 935 827; x_wconf 93' lang='lat' dir='ltr'>in</span> <span class='ocrx_word' id='word_1_11' title='bbox 955 767 1086 846; x_wconf 82' lang='lat' dir='ltr'><strong>aliquam</strong></span> <span class='ocrx_word' id='word_1_12' title='bbox 1110 766 1305 839; x_wconf 82' lang='lat' dir='ltr'>iracundiam,</span> <span class='ocrx_word' id='word_1_13' title='bbox 1330 773 1403 844; x_wconf 91' lang='lat' dir='ltr'>puto</span> <span class='ocrx_word' id='word_1_14' title='bbox 1422 783 1480 826; x_wconf 94' lang='lat' dir='ltr'>non</span> <span class='ocrx_word' id='word_1_15' title='bbox 1496 766 1586 827; x_wconf 90' lang='lat' dir='ltr'>aliam</span> <span class='ocrx_word' id='word_1_16' title='bbox 1605 763 1644 825; x_wconf 91' lang='lat' dir='ltr'>ab</span> <span class='ocrx_word' id='word_1_17' title='bbox 1663 782 1797 837; x_wconf 86' lang='lat' dir='ltr'>causam,</span> <span class='ocrx_word' id='word_1_18' title='bbox 1822 782 1911 843; x_wconf 90' lang='lat' dir='ltr'>qnam</span> 
     </span>
     <span class='ocr_line' id='line_1_3' title="bbox 553 852 1912 940; baseline -0.006 -20"><span class='ocrx_word' id='word_1_19' title='bbox 553 859 705 940; x_wconf 90' lang='lat' dir='ltr'>quianon</span> <span class='ocrx_word' id='word_1_20' title='bbox 734 856 895 936; x_wconf 81' lang='lat' dir='ltr'>respondi:</span> <span class='ocrx_word' id='word_1_21' title='bbox 928 863 962 916; x_wconf 92' lang='lat' dir='ltr'>ut</span> <span class='ocrx_word' id='word_1_22' title='bbox 995 855 1117 918; x_wconf 89' lang='lat' dir='ltr'>tandem</span> <span class='ocrx_word' id='word_1_23' title='bbox 1146 857 1195 917; x_wconf 91' lang='lat' dir='ltr'>vel</span> <span class='ocrx_word' id='word_1_24' title='bbox 1227 853 1358 917; x_wconf 89' lang='lat' dir='ltr'>stimulis</span> <span class='ocrx_word' id='word_1_25' title='bbox 1391 852 1546 915; x_wconf 90' lang='lat' dir='ltr'>verborum</span> <span class='ocrx_word' id='word_1_26' title='bbox 1579 852 1725 927; x_wconf 89' lang='lat' dir='ltr'>efficeres,</span> <span class='ocrx_word' id='word_1_27' title='bbox 1759 852 1841 932; x_wconf 91' lang='lat' dir='ltr'>quod</span> <span class='ocrx_word' id='word_1_28' title='bbox 1863 859 1912 914; x_wconf 89' lang='lat' dir='ltr'>tot</span> 
     </span>
     <span class='ocr_line' id='line_1_4' title="bbox 552 940 1911 1025; baseline -0.006 -16"><span class='ocrx_word' id='word_1_29' title='bbox 552 945 658 1009; x_wconf 84' lang='lat' dir='ltr'>amicis</span> <span class='ocrx_word' id='word_1_30' title='bbox 691 944 953 1025; x_wconf 84' lang='lat' dir='ltr'>provocationibus</span> <span class='ocrx_word' id='word_1_31' title='bbox 982 962 1041 1004; x_wconf 93' lang='lat' dir='ltr'>non</span> <span class='ocrx_word' id='word_1_32' title='bbox 1074 944 1303 1023; x_wconf 80' lang='lat' dir='ltr'>impetraveras.</span> <span class='ocrx_word' id='word_1_33' title='bbox 1351 940 1433 1021; x_wconf 85' lang='lat' dir='ltr'>Ergo</span> <span class='ocrx_word' id='word_1_34' title='bbox 1465 950 1577 1004; x_wconf 92' lang='lat' dir='ltr'>motum</span> <span class='ocrx_word' id='word_1_35' title='bbox 1609 940 1755 1015; x_wconf 88' lang='lat' dir='ltr'>Telluris,</span> <span class='ocrx_word' id='word_1_36' title='bbox 1789 959 1841 1002; x_wconf 89' lang='lat' dir='ltr'>cor</span> <span class='ocrx_word' id='word_1_37' title='bbox 1865 940 1911 1014; x_wconf 94' lang='lat' dir='ltr'>(ni</span> 
     </span>
     <span class='ocr_line' id='line_1_5' title="bbox 552 1030 1910 1112; baseline -0.006 -15"><span class='ocrx_word' id='word_1_38' title='bbox 552 1033 684 1109; x_wconf 77' lang='lat' dir='ltr'>falleris)</span> <span class='ocrx_word' id='word_1_39' title='bbox 709 1043 740 1096; x_wconf 93' lang='lat' dir='ltr'>et</span> <span class='ocrx_word' id='word_1_40' title='bbox 762 1032 891 1095; x_wconf 92' lang='lat' dir='ltr'>animam</span> <span class='ocrx_word' id='word_1_41' title='bbox 913 1052 1018 1106; x_wconf 89' lang='lat' dir='ltr'>meam,</span> <span class='ocrx_word' id='word_1_42' title='bbox 1044 1031 1180 1094; x_wconf 81' lang='lat' dir='ltr'>incursas</span> <span class='ocrx_word' id='word_1_43' title='bbox 1203 1051 1313 1112; x_wconf 90' lang='lat' dir='ltr'>magno</span> <span class='ocrx_word' id='word_1_44' title='bbox 1337 1030 1497 1106; x_wconf 87' lang='lat' dir='ltr'>molimine,</span> <span class='ocrx_word' id='word_1_45' title='bbox 1523 1030 1616 1091; x_wconf 90' lang='lat' dir='ltr'>verba</span> <span class='ocrx_word' id='word_1_46' title='bbox 1639 1049 1721 1104; x_wconf 90' lang='lat' dir='ltr'>mea,</span> <span class='ocrx_word' id='word_1_47' title='bbox 1746 1048 1910 1110; x_wconf 89' lang='lat' dir='ltr'>suppresso</span> 
     </span>
     <span class='ocr_line' id='line_1_6' title="bbox 552 1117 1911 1199; baseline -0.006 -13"><span class='ocrx_word' id='word_1_48' title='bbox 552 1132 654 1186; x_wconf 90' lang='lat' dir='ltr'>tamen</span> <span class='ocrx_word' id='word_1_49' title='bbox 678 1142 745 1185; x_wconf 90' lang='lat' dir='ltr'>mco</span> <span class='ocrx_word' id='word_1_50' title='bbox 768 1122 897 1190; x_wconf 88' lang='lat' dir='ltr'>nomine,</span> <span class='ocrx_word' id='word_1_51' title='bbox 921 1140 958 1181; x_wconf 81' lang='lat' dir='ltr'>en</span> <span class='ocrx_word' id='word_1_52' title='bbox 982 1118 1216 1183; x_wconf 83' lang='lat' dir='ltr'>Commentariis</span> <span class='ocrx_word' id='word_1_53' title='bbox 1241 1122 1277 1182; x_wconf 93' lang='lat' dir='ltr'>de</span> <span class='ocrx_word' id='word_1_54' title='bbox 1307 1119 1438 1181; x_wconf 93' lang='lat' dir='ltr'>motibus</span> <span class='ocrx_word' id='word_1_55' title='bbox 1461 1120 1571 1181; x_wconf 86' lang='lat' dir='ltr'>stellae</span> <span class='ocrx_word' id='word_1_56' title='bbox 1595 1119 1714 1193; x_wconf 89' lang='lat' dir='ltr'>Martis,</span> <span class='ocrx_word' id='word_1_57' title='bbox 1739 1118 1848 1199; x_wconf 91' lang='lat' dir='ltr'>quibus</span> <span class='ocrx_word' id='word_1_58' title='bbox 1871 1117 1911 1178; x_wconf 88' lang='lat' dir='ltr'>ad</span> 
     </span>
     <span class='ocr_line' id='line_1_7' title="bbox 553 1207 1910 1292; baseline -0.005 -17"><span class='ocrx_word' id='word_1_59' title='bbox 553 1211 754 1292; x_wconf 89' lang='lat' dir='ltr'>objectionem</span> <span class='ocrx_word' id='word_1_60' title='bbox 787 1211 937 1291; x_wconf 91' lang='lat' dir='ltr'>quandam</span> <span class='ocrx_word' id='word_1_61' title='bbox 968 1211 1153 1289; x_wconf 86' lang='lat' dir='ltr'>respondeo,</span> <span class='ocrx_word' id='word_1_62' title='bbox 1185 1210 1215 1271; x_wconf 91' lang='lat' dir='ltr'>in</span> <span class='ocrx_word' id='word_1_63' title='bbox 1247 1228 1369 1271; x_wconf 90' lang='lat' dir='ltr'>scenam</span> <span class='ocrx_word' id='word_1_64' title='bbox 1397 1208 1545 1288; x_wconf 90' lang='lat' dir='ltr'>producta</span> <span class='ocrx_word' id='word_1_65' title='bbox 1571 1210 1642 1289; x_wconf 81' lang='lat' dir='ltr'>J‘oco</span> <span class='ocrx_word' id='word_1_66' title='bbox 1666 1207 1818 1281; x_wconf 86' lang='lat' dir='ltr'>traducis,</span> <span class='ocrx_word' id='word_1_67' title='bbox 1852 1224 1910 1288; x_wconf 93' lang='lat' dir='ltr'>quo</span> 
     </span>
     <span class='ocr_line' id='line_1_8' title="bbox 553 1298 1195 1364; baseline -0.006 0"><span class='ocrx_word' id='word_1_68' title='bbox 553 1300 646 1364; x_wconf 88' lang='lat' dir='ltr'>etiam</span> <span class='ocrx_word' id='word_1_69' title='bbox 669 1309 807 1363; x_wconf 91' lang='lat' dir='ltr'>sanctum</span> <span class='ocrx_word' id='word_1_70' title='bbox 829 1298 887 1360; x_wconf 94' lang='lat' dir='ltr'>Dei</span> <span class='ocrx_word' id='word_1_71' title='bbox 911 1298 1006 1360; x_wconf 91' lang='lat' dir='ltr'>virum</span> <span class='ocrx_word' id='word_1_72' title='bbox 1029 1298 1195 1361; x_wconf 86' lang='lat' dir='ltr'>intexuisti.</span> 
     </span>
    </p>
   </div>
   <div class='ocr_carea' id='block_1_3' title="bbox 549 1401 1910 1665">
    <p class='ocr_par' dir='ltr' id='par_1_3' title="bbox 549 1401 1910 1665">
     <span class='ocr_line' id='line_1_9' title="bbox 641 1401 1910 1483; baseline -0.007 -14"><span class='ocrx_word' id='word_1_73' title='bbox 641 1407 777 1479; x_wconf 84' lang='lat' dir='ltr'>Possem,</span> <span class='ocrx_word' id='word_1_74' title='bbox 803 1405 828 1466; x_wconf 90' lang='lat' dir='ltr'>si</span> <span class='ocrx_word' id='word_1_75' title='bbox 852 1404 900 1483; x_wconf 91' lang='lat' dir='ltr'>pie</span> <span class='ocrx_word' id='word_1_76' title='bbox 929 1423 1064 1483; x_wconf 87' lang='lat' dir='ltr'>possem,</span> <span class='ocrx_word' id='word_1_77' title='bbox 1095 1404 1276 1465; x_wconf 92' lang='lat' dir='ltr'>contrarium</span> <span class='ocrx_word' id='word_1_78' title='bbox 1304 1401 1406 1480; x_wconf 90' lang='lat' dir='ltr'>jocum</span> <span class='ocrx_word' id='word_1_79' title='bbox 1431 1420 1584 1481; x_wconf 86' lang='lat' dir='ltr'>regerere,</span> <span class='ocrx_word' id='word_1_80' title='bbox 1618 1419 1684 1461; x_wconf 92' lang='lat' dir='ltr'>cum</span> <span class='ocrx_word' id='word_1_81' title='bbox 1708 1419 1767 1461; x_wconf 93' lang='lat' dir='ltr'>nou</span> <span class='ocrx_word' id='word_1_82' title='bbox 1791 1407 1910 1462; x_wconf 91' lang='lat' dir='ltr'>tantum</span> 
     </span>
     <span class='ocr_line' id='line_1_10' title="bbox 550 1489 1909 1573; baseline -0.008 -13"><span class='ocrx_word' id='word_1_83' title='bbox 550 1496 580 1560; x_wconf 89' lang='lat' dir='ltr'>in</span> <span class='ocrx_word' id='word_1_84' title='bbox 608 1503 691 1558; x_wconf 93' lang='lat' dir='ltr'>motu</span> <span class='ocrx_word' id='word_1_85' title='bbox 714 1496 846 1569; x_wconf 86' lang='lat' dir='ltr'>Terrae,</span> <span class='ocrx_word' id='word_1_86' title='bbox 881 1494 958 1573; x_wconf 92' lang='lat' dir='ltr'>quod</span> <span class='ocrx_word' id='word_1_87' title='bbox 991 1494 1057 1554; x_wconf 90' lang='lat' dir='ltr'>vult</span> <span class='ocrx_word' id='word_1_88' title='bbox 1083 1490 1285 1571; x_wconf 88' lang='lat' dir='ltr'>Copernicns,</span> <span class='ocrx_word' id='word_1_89' title='bbox 1320 1509 1426 1551; x_wconf 88' lang='lat' dir='ltr'>sensus</span> <span class='ocrx_word' id='word_1_90' title='bbox 1459 1490 1610 1551; x_wconf 89' lang='lat' dir='ltr'>oculomm</span> <span class='ocrx_word' id='word_1_91' title='bbox 1643 1489 1697 1560; x_wconf 91' lang='lat' dir='ltr'>(ad</span> <span class='ocrx_word' id='word_1_92' title='bbox 1730 1508 1816 1569; x_wconf 91' lang='lat' dir='ltr'>quem</span> <span class='ocrx_word' id='word_1_93' title='bbox 1850 1506 1909 1551; x_wconf 93' lang='lat' dir='ltr'>nou</span> 
     </span>
     <span class='ocr_line' id='line_1_11' title="bbox 549 1578 1910 1665; baseline -0.007 -18"><span class='ocrx_word' id='word_1_94' title='bbox 549 1585 699 1665; x_wconf 83' lang='lat' dir='ltr'>scriptura</span> <span class='ocrx_word' id='word_1_95' title='bbox 722 1591 850 1657; x_wconf 88' lang='lat' dir='ltr'>tantum,</span> <span class='ocrx_word' id='word_1_96' title='bbox 875 1583 929 1643; x_wconf 88' lang='lat' dir='ltr'>sed</span> <span class='ocrx_word' id='word_1_97' title='bbox 952 1582 1011 1661; x_wconf 91' lang='lat' dir='ltr'>ipsi</span> <span class='ocrx_word' id='word_1_98' title='bbox 1035 1581 1110 1642; x_wconf 88' lang='lat' dir='ltr'>adeo</span> <span class='ocrx_word' id='word_1_99' title='bbox 1135 1579 1299 1641; x_wconf 86' lang='lat' dir='ltr'>astronomi</span> <span class='ocrx_word' id='word_1_100' title='bbox 1323 1597 1492 1640; x_wconf 88' lang='lat' dir='ltr'>sermonem</span> <span class='ocrx_word' id='word_1_101' title='bbox 1516 1579 1736 1658; x_wconf 85' lang='lat' dir='ltr'>attemperant)</span> <span class='ocrx_word' id='word_1_102' title='bbox 1755 1599 1775 1638; x_wconf 90' lang='lat' dir='ltr'>a</span> <span class='ocrx_word' id='word_1_103' title='bbox 1790 1597 1821 1639; x_wconf 92' lang='lat' dir='ltr'>re</span> <span class='ocrx_word' id='word_1_104' title='bbox 1841 1578 1910 1656; x_wconf 94' lang='lat' dir='ltr'>ipsa</span> 
     </span>
    </p>
   </div>
   <div class='ocr_carea' id='block_1_4' title="bbox 547 1668 1911 1923">
    <p class='ocr_par' dir='ltr' id='par_1_4' title="bbox 547 1668 1911 1923">
     <span class='ocr_line' id='line_1_12' title="bbox 549 1668 1907 1749; baseline -0.004 -14"><span class='ocrx_word' id='word_1_105' title='bbox 549 1673 678 1743; x_wconf 90' lang='lat' dir='ltr'>dillerat,</span> <span class='ocrx_word' id='word_1_106' title='bbox 702 1671 880 1745; x_wconf 89' lang='lat' dir='ltr'>sedetiam,</span> <span class='ocrx_word' id='word_1_107' title='bbox 906 1671 984 1749; x_wconf 90' lang='lat' dir='ltr'>quod</span> <span class='ocrx_word' id='word_1_108' title='bbox 1008 1679 1042 1731; x_wconf 91' lang='lat' dir='ltr'>tu</span> <span class='ocrx_word' id='word_1_109' title='bbox 1066 1670 1184 1748; x_wconf 85' lang='lat' dir='ltr'>cogeris</span> <span class='ocrx_word' id='word_1_110' title='bbox 1208 1668 1306 1743; x_wconf 87' lang='lat' dir='ltr'>fateri,</span> <span class='ocrx_word' id='word_1_111' title='bbox 1334 1678 1377 1740; x_wconf 89' lang='lat' dir='ltr'>,in</span> <span class='ocrx_word' id='word_1_112' title='bbox 1406 1679 1493 1732; x_wconf 85' lang='lat' dir='ltr'>medio</span> <span class='ocrx_word' id='word_1_113' title='bbox 1514 1678 1599 1743; x_wconf 85' lang='lat' dir='ltr'>coeli,</span> <span class='ocrx_word' id='word_1_114' title='bbox 1627 1678 1655 1731; x_wconf 86' lang='lat' dir='ltr'>in</span> <span class='ocrx_word' id='word_1_115' title='bbox 1674 1677 1764 1747; x_wconf 81' lang='lat' dir='ltr'>plaga</span> <span class='ocrx_word' id='word_1_116' title='bbox 1791 1691 1907 1730; x_wconf 69' lang='lat' dir='ltr'>cccmus</span> 
     </span>
     <span class='ocr_line' id='line_1_13' title="bbox 547 1755 1905 1834; baseline -0.004 -18"><span class='ocrx_word' id='word_1_117' title='bbox 547 1779 599 1834; x_wconf 85' lang='lat' dir='ltr'>per</span> <span class='ocrx_word' id='word_1_118' title='bbox 627 1764 710 1816; x_wconf 90' lang='lat' dir='ltr'>urbes</span> <span class='ocrx_word' id='word_1_119' title='bbox 741 1770 771 1815; x_wconf 88' lang='lat' dir='ltr'>et</span> <span class='ocrx_word' id='word_1_120' title='bbox 799 1760 888 1815; x_wconf 86' lang='lat' dir='ltr'>valles</span> <span class='ocrx_word' id='word_1_121' title='bbox 909 1760 1089 1814; x_wconf 82' lang='lat' dir='ltr'>Palaestinae</span> <span class='ocrx_word' id='word_1_122' title='bbox 1120 1760 1272 1829; x_wconf 86' lang='lat' dir='ltr'>descripta,</span> <span class='ocrx_word' id='word_1_123' title='bbox 1305 1759 1332 1811; x_wconf 91' lang='lat' dir='ltr'>iu</span> <span class='ocrx_word' id='word_1_124' title='bbox 1362 1774 1429 1811; x_wconf 87' lang='lat' dir='ltr'>casn</span> <span class='ocrx_word' id='word_1_125' title='bbox 1459 1758 1575 1828; x_wconf 87' lang='lat' dir='ltr'>deniqne</span> <span class='ocrx_word' id='word_1_126' title='bbox 1603 1765 1633 1812; x_wconf 88' lang='lat' dir='ltr'>et</span> <span class='ocrx_word' id='word_1_127' title='bbox 1662 1774 1778 1811; x_wconf 87' lang='lat' dir='ltr'>ascensu</span> <span class='ocrx_word' id='word_1_128' title='bbox 1804 1755 1905 1820; x_wconf 83' lang='lat' dir='ltr'>Solis,“</span> 
     </span>
     <span class='ocr_line' id='line_1_14' title="bbox 550 1838 1911 1923; baseline -0.007 -20"><span class='ocrx_word' id='word_1_129' title='bbox 550 1860 626 1923; x_wconf 89' lang='lat' dir='ltr'>quae</span> <span class='ocrx_word' id='word_1_130' title='bbox 650 1840 751 1902; x_wconf 90' lang='lat' dir='ltr'>omnia</span> <span class='ocrx_word' id='word_1_131' title='bbox 774 1839 906 1900; x_wconf 93' lang='lat' dir='ltr'>suntad</span> <span class='ocrx_word' id='word_1_132' title='bbox 929 1840 1024 1899; x_wconf 90' lang='lat' dir='ltr'>visum</span> <span class='ocrx_word' id='word_1_133' title='bbox 1047 1839 1123 1899; x_wconf 92' lang='lat' dir='ltr'>certi</span> <span class='ocrx_word' id='word_1_134' title='bbox 1147 1838 1274 1899; x_wconf 90' lang='lat' dir='ltr'>hominis</span> <span class='ocrx_word' id='word_1_135' title='bbox 1289 1856 1369 1909; x_wconf 91' lang='lat' dir='ltr'>vera,</span> <span class='ocrx_word' id='word_1_136' title='bbox 1393 1856 1446 1916; x_wconf 91' lang='lat' dir='ltr'>per</span> <span class='ocrx_word' id='word_1_137' title='bbox 1465 1857 1498 1897; x_wconf 90' lang='lat' dir='ltr'>se</span> <span class='ocrx_word' id='word_1_138' title='bbox 1522 1856 1594 1898; x_wconf 88' lang='lat' dir='ltr'>vera</span> <span class='ocrx_word' id='word_1_139' title='bbox 1616 1856 1675 1897; x_wconf 91' lang='lat' dir='ltr'>uon</span> <span class='ocrx_word' id='word_1_140' title='bbox 1699 1845 1771 1898; x_wconf 87' lang='lat' dir='ltr'>sunt</span> <span class='ocrx_word' id='word_1_141' title='bbox 1792 1843 1911 1896; x_wconf 91' lang='lat' dir='ltr'>remota</span> 
     </span>
    </p>
   </div>
   <div class='ocr_carea' id='block_1_5' title="bbox 547 1925 1909 2185">
    <p class='ocr_par' dir='ltr' id='par_1_5' title="bbox 547 1925 1909 2185">
     <span class='ocr_line' id='line_1_15' title="bbox 549 1925 1909 2005; baseline -0.003 -13"><span class='ocrx_word' id='word_1_142' title='bbox 549 1929 791 1993; x_wconf 85' lang='lat' dir='ltr'>consideratione</span> <span class='ocrx_word' id='word_1_143' title='bbox 815 1928 906 1990; x_wconf 89' lang='lat' dir='ltr'>visus.</span> <span class='ocrx_word' id='word_1_144' title='bbox 954 1928 1062 1989; x_wconf 82' lang='lat' dir='ltr'>Nonne</span> <span class='ocrx_word' id='word_1_145' title='bbox 1086 1937 1119 1987; x_wconf 91' lang='lat' dir='ltr'>tu</span> <span class='ocrx_word' id='word_1_146' title='bbox 1143 1928 1209 2005; x_wconf 90' lang='lat' dir='ltr'>ipse</span> <span class='ocrx_word' id='word_1_147' title='bbox 1232 1926 1324 1987; x_wconf 90' lang='lat' dir='ltr'>tertia</span> <span class='ocrx_word' id='word_1_148' title='bbox 1346 1925 1468 2004; x_wconf 90' lang='lat' dir='ltr'>periodo</span> <span class='ocrx_word' id='word_1_149' title='bbox 1497 1925 1633 2004; x_wconf 90' lang='lat' dir='ltr'>superius</span> <span class='ocrx_word' id='word_1_150' title='bbox 1657 1943 1751 2003; x_wconf 87' lang='lat' dir='ltr'>negas</span> <span class='ocrx_word' id='word_1_151' title='bbox 1777 1935 1909 1996; x_wconf 79' lang='lat' dir='ltr'>,Terram</span> 
     </span>
     <span class='ocr_line' id='line_1_16' title="bbox 548 2013 1908 2096; baseline -0.007 -13"><span class='ocrx_word' id='word_1_152' title='bbox 548 2028 599 2084; x_wconf 84' lang='lat' dir='ltr'>niti</span> <span class='ocrx_word' id='word_1_153' title='bbox 627 2027 787 2093; x_wconf 84' lang='lat' dir='ltr'>columnis‚“</span> <span class='ocrx_word' id='word_1_154' title='bbox 814 2017 893 2096; x_wconf 93' lang='lat' dir='ltr'>quod</span> <span class='ocrx_word' id='word_1_155' title='bbox 923 2016 983 2077; x_wconf 87' lang='lat' dir='ltr'>scis</span> <span class='ocrx_word' id='word_1_156' title='bbox 1017 2015 1168 2077; x_wconf 89' lang='lat' dir='ltr'>affirmare</span> <span class='ocrx_word' id='word_1_157' title='bbox 1192 2013 1366 2093; x_wconf 89' lang='lat' dir='ltr'>Scripturas</span> <span class='ocrx_word' id='word_1_158' title='bbox 1395 2014 1433 2075; x_wconf 90' lang='lat' dir='ltr'>ad</span> <span class='ocrx_word' id='word_1_159' title='bbox 1468 2013 1611 2075; x_wconf 87' lang='lat' dir='ltr'>literam?</span> <span class='ocrx_word' id='word_1_160' title='bbox 1642 2014 1688 2074; x_wconf 90' lang='lat' dir='ltr'>At</span> <span class='ocrx_word' id='word_1_161' title='bbox 1715 2032 1774 2074; x_wconf 93' lang='lat' dir='ltr'>uon</span> <span class='ocrx_word' id='word_1_162' title='bbox 1806 2013 1908 2092; x_wconf 89' lang='lat' dir='ltr'>placet</span> 
     </span>
     <span class='ocr_line' id='line_1_17' title="bbox 547 2100 1908 2185; baseline -0.004 -17"><span class='ocrx_word' id='word_1_163' title='bbox 547 2105 621 2169; x_wconf 90' lang='lat' dir='ltr'>mibi</span> <span class='ocrx_word' id='word_1_164' title='bbox 645 2115 754 2178; x_wconf 89' lang='lat' dir='ltr'>tecum,</span> <span class='ocrx_word' id='word_1_165' title='bbox 779 2105 829 2185; x_wconf 92' lang='lat' dir='ltr'>qui</span> <span class='ocrx_word' id='word_1_166' title='bbox 853 2112 1043 2166; x_wconf 89' lang='lat' dir='ltr'>astronomus</span> <span class='ocrx_word' id='word_1_167' title='bbox 1058 2104 1185 2165; x_wconf 90' lang='lat' dir='ltr'>celebris</span> <span class='ocrx_word' id='word_1_168' title='bbox 1205 2123 1247 2177; x_wconf 90' lang='lat' dir='ltr'>es,</span> <span class='ocrx_word' id='word_1_169' title='bbox 1273 2104 1310 2163; x_wconf 92' lang='lat' dir='ltr'>de</span> <span class='ocrx_word' id='word_1_170' title='bbox 1330 2103 1533 2164; x_wconf 89' lang='lat' dir='ltr'>communibus</span> <span class='ocrx_word' id='word_1_171' title='bbox 1557 2102 1634 2176; x_wconf 91' lang='lat' dir='ltr'>istis,</span> <span class='ocrx_word' id='word_1_172' title='bbox 1660 2120 1737 2182; x_wconf 90' lang='lat' dir='ltr'>quae</span> <span class='ocrx_word' id='word_1_173' title='bbox 1757 2120 1794 2162; x_wconf 93' lang='lat' dir='ltr'>ne</span> <span class='ocrx_word' id='word_1_174' title='bbox 1818 2100 1908 2163; x_wconf 89' lang='lat' dir='ltr'>theo-</span> 
     </span>
    </p>
   </div>
   <div class='ocr_carea' id='block_1_6' title="bbox 547 2277 1908 2805">
    <p class='ocr_par' dir='ltr' id='par_1_6' title="bbox 547 2277 1908 2805">
     <span class='ocr_line' id='line_1_18' title="bbox 550 2277 1908 2364; baseline -0.004 -19"><span class='ocrx_word' id='word_1_175' title='bbox 550 2293 667 2345; x_wconf 82' lang='lat' dir='ltr'>tantum</span> <span class='ocrx_word' id='word_1_176' title='bbox 691 2283 760 2364; x_wconf 92' lang='lat' dir='ltr'>qnia</span> <span class='ocrx_word' id='word_1_177' title='bbox 792 2283 865 2344; x_wconf 89' lang='lat' dir='ltr'>nihil</span> <span class='ocrx_word' id='word_1_178' title='bbox 890 2301 946 2362; x_wconf 93' lang='lat' dir='ltr'>ego</span> <span class='ocrx_word' id='word_1_179' title='bbox 979 2300 1178 2361; x_wconf 89' lang='lat' dir='ltr'>responsurus</span> <span class='ocrx_word' id='word_1_180' title='bbox 1205 2300 1287 2353; x_wconf 90' lang='lat' dir='ltr'>snm,</span> <span class='ocrx_word' id='word_1_181' title='bbox 1321 2280 1374 2341; x_wconf 91' lang='lat' dir='ltr'>sed</span> <span class='ocrx_word' id='word_1_182' title='bbox 1408 2279 1498 2342; x_wconf 89' lang='lat' dir='ltr'>etiam</span> <span class='ocrx_word' id='word_1_183' title='bbox 1533 2280 1603 2361; x_wconf 92' lang='lat' dir='ltr'>quia</span> <span class='ocrx_word' id='word_1_184' title='bbox 1634 2279 1708 2340; x_wconf 89' lang='lat' dir='ltr'>nihil</span> <span class='ocrx_word' id='word_1_185' title='bbox 1732 2288 1764 2341; x_wconf 90' lang='lat' dir='ltr'>tu</span> <span class='ocrx_word' id='word_1_186' title='bbox 1788 2277 1908 2358; x_wconf 85' lang='lat' dir='ltr'>proficis</span> 
     </span>
     <span class='ocr_line' id='line_1_19' title="bbox 549 2366 1908 2452; baseline -0.004 -19"><span class='ocrx_word' id='word_1_187' title='bbox 549 2372 630 2452; x_wconf 90' lang='lat' dir='ltr'>apud</span> <span class='ocrx_word' id='word_1_188' title='bbox 653 2371 868 2452; x_wconf 90' lang='lat' dir='ltr'>philosophos,</span> <span class='ocrx_word' id='word_1_189' title='bbox 904 2371 952 2450; x_wconf 93' lang='lat' dir='ltr'>qui</span> <span class='ocrx_word' id='word_1_190' title='bbox 982 2370 1116 2451; x_wconf 89' lang='lat' dir='ltr'>plerique</span> <span class='ocrx_word' id='word_1_191' title='bbox 1139 2379 1211 2449; x_wconf 90' lang='lat' dir='ltr'>post</span> <span class='ocrx_word' id='word_1_192' title='bbox 1239 2370 1374 2431; x_wconf 90' lang='lat' dir='ltr'>sidereos</span> <span class='ocrx_word' id='word_1_193' title='bbox 1400 2366 1532 2431; x_wconf 90' lang='lat' dir='ltr'>Galilaei</span> <span class='ocrx_word' id='word_1_194' title='bbox 1562 2368 1685 2431; x_wconf 92' lang='lat' dir='ltr'>nuncios</span> <span class='ocrx_word' id='word_1_195' title='bbox 1709 2367 1908 2448; x_wconf 88' lang='lat' dir='ltr'>jamdudum</span> 
     </span>
     <span class='ocr_line' id='line_1_20' title="bbox 549 2456 1905 2542; baseline -0.004 -19"><span class='ocrx_word' id='word_1_196' title='bbox 549 2461 599 2535; x_wconf 91' lang='lat' dir='ltr'>(ut</span> <span class='ocrx_word' id='word_1_197' title='bbox 620 2479 715 2542; x_wconf 89' lang='lat' dir='ltr'>nuper</span> <span class='ocrx_word' id='word_1_198' title='bbox 738 2461 859 2540; x_wconf 89' lang='lat' dir='ltr'>qnidam</span> <span class='ocrx_word' id='word_1_199' title='bbox 882 2460 925 2520; x_wconf 88' lang='lat' dir='ltr'>tui</span> <span class='ocrx_word' id='word_1_200' title='bbox 949 2460 1054 2520; x_wconf 90' lang='lat' dir='ltr'>similis</span> <span class='ocrx_word' id='word_1_201' title='bbox 1069 2459 1347 2537; x_wconf 88' lang='lat' dir='ltr'>Antiennosigaens</span> <span class='ocrx_word' id='word_1_202' title='bbox 1367 2476 1436 2517; x_wconf 90' lang='lat' dir='ltr'>vere</span> <span class='ocrx_word' id='word_1_203' title='bbox 1460 2458 1597 2537; x_wconf 90' lang='lat' dir='ltr'>scripsit)</span> <span class='ocrx_word' id='word_1_204' title='bbox 1614 2456 1905 2536; x_wconf 83' lang='lat' dir='ltr'>Copernicotnriunt</span> 
     </span>
     <span class='ocr_line' id='line_1_21' title="bbox 547 2543 1907 2626; baseline -0.004 -13"><span class='ocrx_word' id='word_1_205' title='bbox 547 2548 611 2613; x_wconf 81' lang='lat' dir='ltr'>Adi</span> <span class='ocrx_word' id='word_1_206' title='bbox 635 2557 667 2610; x_wconf 94' lang='lat' dir='ltr'>et</span> <span class='ocrx_word' id='word_1_207' title='bbox 689 2548 759 2609; x_wconf 91' lang='lat' dir='ltr'>andi</span> <span class='ocrx_word' id='word_1_208' title='bbox 785 2547 999 2626; x_wconf 83' lang='lat' dir='ltr'>Copernicum,</span> <span class='ocrx_word' id='word_1_209' title='bbox 1032 2548 1208 2620; x_wconf 87' lang='lat' dir='ltr'>Rbeticum‚</span> <span class='ocrx_word' id='word_1_210' title='bbox 1242 2547 1446 2618; x_wconf 89' lang='lat' dir='ltr'>Maestlinum‚</span> <span class='ocrx_word' id='word_1_211' title='bbox 1480 2545 1643 2625; x_wconf 84' lang='lat' dir='ltr'>Origanum</span> <span class='ocrx_word' id='word_1_212' title='bbox 1667 2553 1699 2607; x_wconf 91' lang='lat' dir='ltr'>et</span> <span class='ocrx_word' id='word_1_213' title='bbox 1720 2564 1807 2607; x_wconf 89' lang='lat' dir='ltr'>meae</span> <span class='ocrx_word' id='word_1_214' title='bbox 1829 2543 1907 2624; x_wconf 80' lang='lat' dir='ltr'>Epi·</span> 
     </span>
     <span class='ocr_line' id='line_1_22' title="bbox 547 2633 1908 2716; baseline -0.004 -17"><span class='ocrx_word' id='word_1_215' title='bbox 547 2646 647 2699; x_wconf 91' lang='lat' dir='ltr'>tomes</span> <span class='ocrx_word' id='word_1_216' title='bbox 670 2637 884 2699; x_wconf 86' lang='lat' dir='ltr'>Astronomiae</span> <span class='ocrx_word' id='word_1_217' title='bbox 909 2636 1015 2697; x_wconf 89' lang='lat' dir='ltr'>librum</span> <span class='ocrx_word' id='word_1_218' title='bbox 1043 2637 1186 2715; x_wconf 89' lang='lat' dir='ltr'>primum,</span> <span class='ocrx_word' id='word_1_219' title='bbox 1212 2636 1238 2697; x_wconf 93' lang='lat' dir='ltr'>si</span> <span class='ocrx_word' id='word_1_220' title='bbox 1263 2635 1380 2715; x_wconf 89' lang='lat' dir='ltr'>quando</span> <span class='ocrx_word' id='word_1_221' title='bbox 1411 2634 1591 2714; x_wconf 88' lang='lat' dir='ltr'>bibliopolae</span> <span class='ocrx_word' id='word_1_222' title='bbox 1616 2636 1664 2716; x_wconf 91' lang='lat' dir='ltr'>qui</span> <span class='ocrx_word' id='word_1_223' title='bbox 1692 2643 1810 2697; x_wconf 90' lang='lat' dir='ltr'>sumtus</span> <span class='ocrx_word' id='word_1_224' title='bbox 1834 2633 1908 2695; x_wconf 83' lang='lat' dir='ltr'>lacit</span> 
     </span>
     <span class='ocr_line' id='line_1_23' title="bbox 548 2725 1734 2805; baseline 0 -18"><span class='ocrx_word' id='word_1_225' title='bbox 548 2725 711 2788; x_wconf 89' lang='lat' dir='ltr'>editionem</span> <span class='ocrx_word' id='word_1_226' title='bbox 734 2725 799 2805; x_wconf 89' lang='lat' dir='ltr'>ejus</span> <span class='ocrx_word' id='word_1_227' title='bbox 823 2734 974 2786; x_wconf 91' lang='lat' dir='ltr'>maturare</span> <span class='ocrx_word' id='word_1_228' title='bbox 997 2726 1145 2804; x_wconf 87' lang='lat' dir='ltr'>placuerit</span> <span class='ocrx_word' id='word_1_229' title='bbox 1168 2735 1280 2804; x_wconf 82' lang='lat' dir='ltr'>(prodiit</span> <span class='ocrx_word' id='word_1_230' title='bbox 1301 2752 1374 2789; x_wconf 89' lang='lat' dir='ltr'>anno</span> <span class='ocrx_word' id='word_1_231' title='bbox 1398 2734 1472 2788; x_wconf 88' lang='lat'>1617</span> <span class='ocrx_word' id='word_1_232' title='bbox 1494 2726 1734 2801; x_wconf 70' lang='lat' dir='ltr'>autumnalibus).</span> 
     </span>
    </p>
   </div>
   <div class='ocr_carea' id='block_1_7' title="bbox 546 2828 1907 3266">
    <p class='ocr_par' dir='ltr' id='par_1_7' title="bbox 546 2828 1907 3266">
     <span class='ocr_line' id='line_1_24' title="bbox 636 2828 1906 2911; baseline -0.001 -19"><span class='ocrx_word' id='word_1_233' title='bbox 636 2830 774 2911; x_wconf 91' lang='lat' dir='ltr'>Denique</span> <span class='ocrx_word' id='word_1_234' title='bbox 799 2832 835 2893; x_wconf 92' lang='lat' dir='ltr'>de</span> <span class='ocrx_word' id='word_1_235' title='bbox 860 2831 965 2893; x_wconf 81' lang='lat' dir='ltr'>fluxu</span> <span class='ocrx_word' id='word_1_236' title='bbox 991 2837 1026 2891; x_wconf 89' lang='lat' dir='ltr'>et</span> <span class='ocrx_word' id='word_1_237' title='bbox 1049 2831 1195 2892; x_wconf 85' lang='lat' dir='ltr'>refluxu</span> <span class='ocrx_word' id='word_1_238' title='bbox 1220 2831 1329 2892; x_wconf 91' lang='lat' dir='ltr'>maris</span> <span class='ocrx_word' id='word_1_239' title='bbox 1358 2849 1467 2891; x_wconf 92' lang='lat' dir='ltr'>novam</span> <span class='ocrx_word' id='word_1_240' title='bbox 1490 2830 1633 2910; x_wconf 90' lang='lat' dir='ltr'>proponis</span> <span class='ocrx_word' id='word_1_241' title='bbox 1662 2828 1852 2910; x_wconf 88' lang='lat' dir='ltr'>opinionem;</span> <span class='ocrx_word' id='word_1_242' title='bbox 1875 2828 1906 2891; x_wconf 93' lang='lat' dir='ltr'>in</span> 
     </span>
     <span class='ocr_line' id='line_1_25' title="bbox 547 2919 1904 3002; baseline -0.001 -21"><span class='ocrx_word' id='word_1_243' title='bbox 547 2937 607 3000; x_wconf 90' lang='lat' dir='ltr'>qna</span> <span class='ocrx_word' id='word_1_244' title='bbox 629 2919 719 2981; x_wconf 91' lang='lat' dir='ltr'>laudo</span> <span class='ocrx_word' id='word_1_245' title='bbox 750 2927 1018 3002; x_wconf 88' lang='lat' dir='ltr'>temperamentum</span> <span class='ocrx_word' id='word_1_246' title='bbox 1042 2939 1079 2980; x_wconf 83' lang='lat' dir='ltr'>ex</span> <span class='ocrx_word' id='word_1_247' title='bbox 1110 2920 1259 2981; x_wconf 88' lang='lat' dir='ltr'>modestia</span> <span class='ocrx_word' id='word_1_248' title='bbox 1287 2929 1318 2980; x_wconf 90' lang='lat' dir='ltr'>et</span> <span class='ocrx_word' id='word_1_249' title='bbox 1350 2919 1490 2980; x_wconf 83' lang='lat' dir='ltr'>libertate</span> <span class='ocrx_word' id='word_1_250' title='bbox 1523 2919 1746 2999; x_wconf 86' lang='lat' dir='ltr'>philosophica,</span> <span class='ocrx_word' id='word_1_251' title='bbox 1781 2937 1904 2999; x_wconf 90' lang='lat' dir='ltr'>quarum</span> 
     </span>
     <span class='ocr_line' id='line_1_26' title="bbox 547 3007 1905 3088; baseline -0.001 -18"><span class='ocrx_word' id='word_1_252' title='bbox 547 3008 631 3071; x_wconf 92' lang='lat' dir='ltr'>illam</span> <span class='ocrx_word' id='word_1_253' title='bbox 655 3008 822 3088; x_wconf 77' lang='lat' dir='ltr'>praefando</span> <span class='ocrx_word' id='word_1_254' title='bbox 844 3009 920 3069; x_wconf 91' lang='lat' dir='ltr'>hanc</span> <span class='ocrx_word' id='word_1_255' title='bbox 945 3009 1129 3088; x_wconf 89' lang='lat' dir='ltr'>disputando</span> <span class='ocrx_word' id='word_1_256' title='bbox 1154 3007 1396 3070; x_wconf 79' lang='lat' dir='ltr'>demonstrasti:</span> <span class='ocrx_word' id='word_1_257' title='bbox 1415 3008 1523 3087; x_wconf 89' lang='lat' dir='ltr'>quippe</span> <span class='ocrx_word' id='word_1_258' title='bbox 1543 3026 1609 3069; x_wconf 91' lang='lat' dir='ltr'>cum</span> <span class='ocrx_word' id='word_1_259' title='bbox 1631 3008 1774 3069; x_wconf 90' lang='lat' dir='ltr'>invidiam</span> <span class='ocrx_word' id='word_1_260' title='bbox 1789 3027 1905 3088; x_wconf 88' lang='lat' dir='ltr'>agnos-</span> 
     </span>
     <span class='ocr_line' id='line_1_27' title="bbox 546 3096 1906 3178; baseline -0.002 -18"><span class='ocrx_word' id='word_1_261' title='bbox 546 3115 630 3160; x_wconf 87' lang='lat' dir='ltr'>ceres</span> <span class='ocrx_word' id='word_1_262' title='bbox 650 3117 702 3159; x_wconf 91' lang='lat' dir='ltr'>eos</span> <span class='ocrx_word' id='word_1_263' title='bbox 725 3098 927 3172; x_wconf 90' lang='lat' dir='ltr'>comitantem,</span> <span class='ocrx_word' id='word_1_264' title='bbox 954 3098 1002 3178; x_wconf 91' lang='lat' dir='ltr'>qni</span> <span class='ocrx_word' id='word_1_265' title='bbox 1022 3106 1135 3158; x_wconf 89' lang='lat' dir='ltr'>temere</span> <span class='ocrx_word' id='word_1_266' title='bbox 1156 3097 1328 3158; x_wconf 87' lang='lat' dir='ltr'>desciscunt</span> <span class='ocrx_word' id='word_1_267' title='bbox 1352 3119 1370 3157; x_wconf 91' lang='lat' dir='ltr'>a</span> <span class='ocrx_word' id='word_1_268' title='bbox 1390 3106 1525 3158; x_wconf 88' lang='lat' dir='ltr'>veterum</span> <span class='ocrx_word' id='word_1_269' title='bbox 1548 3097 1689 3175; x_wconf 90' lang='lat' dir='ltr'>placitis,</span> <span class='ocrx_word' id='word_1_270' title='bbox 1713 3096 1906 3159; x_wconf 92' lang='lat' dir='ltr'>nibilominus</span> 
     </span>
     <span class='ocr_line' id='line_1_28' title="bbox 546 3183 1907 3266; baseline -0.002 -17"><span class='ocrx_word' id='word_1_271' title='bbox 546 3195 601 3249; x_wconf 90' lang='lat' dir='ltr'>tua</span> <span class='ocrx_word' id='word_1_272' title='bbox 622 3206 702 3249; x_wconf 91' lang='lat' dir='ltr'>nova</span> <span class='ocrx_word' id='word_1_273' title='bbox 725 3187 878 3249; x_wconf 86' lang='lat' dir='ltr'>veteribus</span> <span class='ocrx_word' id='word_1_274' title='bbox 904 3185 1055 3248; x_wconf 89' lang='lat' dir='ltr'>contraria</span> <span class='ocrx_word' id='word_1_275' title='bbox 1075 3186 1144 3247; x_wconf 90' lang='lat' dir='ltr'>forti</span> <span class='ocrx_word' id='word_1_276' title='bbox 1170 3185 1268 3247; x_wconf 90' lang='lat' dir='ltr'>animo</span> <span class='ocrx_word' id='word_1_277' title='bbox 1287 3186 1480 3266; x_wconf 91' lang='lat' dir='ltr'>proposuisti.</span> <span class='ocrx_word' id='word_1_278' title='bbox 1519 3183 1607 3255; x_wconf 87' lang='lat' dir='ltr'>Quod</span> <span class='ocrx_word' id='word_1_279' title='bbox 1627 3204 1697 3247; x_wconf 90' lang='lat' dir='ltr'>vero</span> <span class='ocrx_word' id='word_1_280' title='bbox 1721 3186 1907 3247; x_wconf 89' lang='lat' dir='ltr'>sententiam</span> 
     </span>
    </p>
   </div>
   <div class='ocr_carea' id='block_1_8' title="bbox 546 3275 1908 3597">
    <p class='ocr_par' dir='ltr' id='par_1_8' title="bbox 546 3275 1908 3597">
     <span class='ocr_line' id='line_1_29' title="bbox 546 3275 1907 3356; baseline 0 -19"><span class='ocrx_word' id='word_1_281' title='bbox 546 3275 644 3356; x_wconf 80' lang='lat' dir='ltr'>ipsam</span> <span class='ocrx_word' id='word_1_282' title='bbox 669 3275 790 3346; x_wconf 80' lang='lat' dir='ltr'>attinet,</span> <span class='ocrx_word' id='word_1_283' title='bbox 817 3286 961 3350; x_wconf 79' lang='lat' dir='ltr'>,Causam</span> <span class='ocrx_word' id='word_1_284' title='bbox 985 3304 1033 3340; x_wconf 90' lang='lat' dir='ltr'>cnr</span> <span class='ocrx_word' id='word_1_285' title='bbox 1047 3286 1120 3340; x_wconf 90' lang='lat' dir='ltr'>senis</span> <span class='ocrx_word' id='word_1_286' title='bbox 1134 3288 1209 3340; x_wconf 90' lang='lat' dir='ltr'>horis</span> <span class='ocrx_word' id='word_1_287' title='bbox 1227 3287 1325 3340; x_wconf 89' lang='lat' dir='ltr'>affluat</span> <span class='ocrx_word' id='word_1_288' title='bbox 1346 3302 1473 3349; x_wconf 89' lang='lat' dir='ltr'>oceanus,</span> <span class='ocrx_word' id='word_1_289' title='bbox 1496 3301 1550 3337; x_wconf 93' lang='lat' dir='ltr'>nno</span> <span class='ocrx_word' id='word_1_290' title='bbox 1564 3284 1650 3339; x_wconf 87' lang='lat' dir='ltr'>horae</span> <span class='ocrx_word' id='word_1_291' title='bbox 1672 3286 1828 3354; x_wconf 79' lang='lat' dir='ltr'>quadrante</span> <span class='ocrx_word' id='word_1_292' title='bbox 1850 3290 1907 3338; x_wconf 83' lang='lat' dir='ltr'>stet</span> 
     </span>
     <span class='ocr_line' id='line_1_30' title="bbox 546 3365 1908 3437; baseline -0.001 -17"><span class='ocrx_word' id='word_1_293' title='bbox 546 3365 654 3431; x_wconf 87' lang='lat' dir='ltr'>dubius,</span> <span class='ocrx_word' id='word_1_294' title='bbox 677 3365 750 3419; x_wconf 89' lang='lat' dir='ltr'>senis</span> <span class='ocrx_word' id='word_1_295' title='bbox 771 3368 879 3429; x_wconf 87' lang='lat' dir='ltr'>refluat,</span> <span class='ocrx_word' id='word_1_296' title='bbox 901 3383 1062 3437; x_wconf 88' lang='lat' dir='ltr'>rursumque</span> <span class='ocrx_word' id='word_1_297' title='bbox 1084 3369 1265 3437; x_wconf 88' lang='lat' dir='ltr'>quadrantem</span> <span class='ocrx_word' id='word_1_298' title='bbox 1287 3367 1461 3436; x_wconf 89' lang='lat' dir='ltr'>interponat,</span> <span class='ocrx_word' id='word_1_299' title='bbox 1483 3382 1545 3418; x_wconf 88' lang='lat' dir='ltr'>esse</span> <span class='ocrx_word' id='word_1_300' title='bbox 1566 3368 1714 3435; x_wconf 88' lang='lat' dir='ltr'>petendam</span> <span class='ocrx_word' id='word_1_301' title='bbox 1736 3383 1774 3419; x_wconf 85' lang='lat' dir='ltr'>ex</span> <span class='ocrx_word' id='word_1_302' title='bbox 1795 3365 1908 3419; x_wconf 79' lang='lat' dir='ltr'>occqu</span> 
     </span>
     <span class='ocr_line' id='line_1_31' title="bbox 546 3445 1908 3517; baseline -0.001 -18"><span class='ocrx_word' id='word_1_303' title='bbox 546 3446 574 3499; x_wconf 85' lang='lat' dir='ltr'>vi</span> <span class='ocrx_word' id='word_1_304' title='bbox 595 3445 761 3515; x_wconf 86' lang='lat' dir='ltr'>septenarii:</span> <span class='ocrx_word' id='word_1_305' title='bbox 783 3454 813 3500; x_wconf 90' lang='lat' dir='ltr'>et</span> <span class='ocrx_word' id='word_1_306' title='bbox 834 3454 952 3517; x_wconf 88' lang='lat' dir='ltr'>quatuor</span> <span class='ocrx_word' id='word_1_307' title='bbox 972 3447 1102 3501; x_wconf 89' lang='lat' dir='ltr'>horarum</span> <span class='ocrx_word' id='word_1_308' title='bbox 1123 3450 1299 3517; x_wconf 88' lang='lat' dir='ltr'>quadrantes,</span> <span class='ocrx_word' id='word_1_309' title='bbox 1322 3447 1407 3517; x_wconf 89' lang='lat' dir='ltr'>quieti</span> <span class='ocrx_word' id='word_1_310' title='bbox 1425 3446 1607 3517; x_wconf 77' lang='lat' dir='ltr'>interpositae</span> <span class='ocrx_word' id='word_1_311' title='bbox 1621 3447 1710 3507; x_wconf 87' lang='lat' dir='ltr'>datos,</span> <span class='ocrx_word' id='word_1_312' title='bbox 1733 3445 1853 3508; x_wconf 86' lang='lat' dir='ltr'>efficere,</span> <span class='ocrx_word' id='word_1_313' title='bbox 1874 3453 1908 3499; x_wconf 90' lang='lat' dir='ltr'>ut</span> 
     </span>
     <span class='ocr_line' id='line_1_32' title="bbox 546 3525 1906 3597; baseline -0.001 -17"><span class='ocrx_word' id='word_1_314' title='bbox 546 3526 638 3580; x_wconf 77' lang='lat' dir='ltr'>fluxus</span> <span class='ocrx_word' id='word_1_315' title='bbox 660 3527 703 3579; x_wconf 91' lang='lat' dir='ltr'>die</span> <span class='ocrx_word' id='word_1_316' title='bbox 732 3527 858 3597; x_wconf 87' lang='lat' dir='ltr'>sequenti</span> <span class='ocrx_word' id='word_1_317' title='bbox 888 3529 985 3581; x_wconf 88' lang='lat' dir='ltr'>redeat</span> <span class='ocrx_word' id='word_1_318' title='bbox 1006 3543 1062 3581; x_wconf 85' lang='lat' dir='ltr'>una</span> <span class='ocrx_word' id='word_1_319' title='bbox 1082 3529 1152 3581; x_wconf 83' lang='lat' dir='ltr'>bora</span> <span class='ocrx_word' id='word_1_320' title='bbox 1179 3529 1282 3592; x_wconf 91' lang='lat' dir='ltr'>serius,</span> <span class='ocrx_word' id='word_1_321' title='bbox 1314 3528 1406 3580; x_wconf 86' lang='lat' dir='ltr'>nullas</span> <span class='ocrx_word' id='word_1_322' title='bbox 1428 3527 1471 3579; x_wconf 84' lang='lat' dir='ltr'>liic</span> <span class='ocrx_word' id='word_1_323' title='bbox 1498 3526 1570 3580; x_wconf 87' lang='lat' dir='ltr'>vires</span> <span class='ocrx_word' id='word_1_324' title='bbox 1597 3543 1658 3579; x_wconf 84' lang='lat' dir='ltr'>esse</span> <span class='ocrx_word' id='word_1_325' title='bbox 1678 3526 1776 3579; x_wconf 84' lang='lat' dir='ltr'>Lunae</span> <span class='ocrx_word' id='word_1_326' title='bbox 1798 3525 1906 3579; x_wconf 83' lang='lat' dir='ltr'>tardius</span> 
     </span>
    </p>
   </div>
   <div class='ocr_carea' id='block_1_9' title="bbox 542 3603 1908 5200">
    <p class='ocr_par' dir='ltr' id='par_1_9' title="bbox 542 3603 1908 5200">
     <span class='ocr_line' id='line_1_33' title="bbox 547 3603 1906 3686; baseline 0.003 -26"><span class='ocrx_word' id='word_1_327' title='bbox 547 3606 732 3661; x_wconf 83' lang='lat' dir='ltr'>occidentir“:</span> <span class='ocrx_word' id='word_1_328' title='bbox 763 3606 809 3666; x_wconf 90' lang='lat' dir='ltr'>hic</span> <span class='ocrx_word' id='word_1_329' title='bbox 833 3614 866 3666; x_wconf 92' lang='lat' dir='ltr'>tu</span> <span class='ocrx_word' id='word_1_330' title='bbox 890 3607 971 3667; x_wconf 91' lang='lat' dir='ltr'>nullo</span> <span class='ocrx_word' id='word_1_331' title='bbox 1005 3607 1093 3667; x_wconf 91' lang='lat' dir='ltr'>modo</span> <span class='ocrx_word' id='word_1_332' title='bbox 1117 3626 1212 3686; x_wconf 91' lang='lat' dir='ltr'>neque</span> <span class='ocrx_word' id='word_1_333' title='bbox 1235 3615 1371 3667; x_wconf 88' lang='lat' dir='ltr'>veterum</span> <span class='ocrx_word' id='word_1_334' title='bbox 1396 3606 1555 3667; x_wconf 86' lang='lat' dir='ltr'>haedere</span> <span class='ocrx_word' id='word_1_335' title='bbox 1580 3604 1748 3666; x_wconf 89' lang='lat' dir='ltr'>doctrinam</span> <span class='ocrx_word' id='word_1_336' title='bbox 1772 3603 1906 3666; x_wconf 86' lang='lat' dir='ltr'>destruis</span> 
     </span>
     <span class='ocr_line' id='line_1_34' title="bbox 546 3693 1907 3774; baseline -0.001 -19"><span class='ocrx_word' id='word_1_337' title='bbox 546 3712 642 3773; x_wconf 90' lang='lat' dir='ltr'>neque</span> <span class='ocrx_word' id='word_1_338' title='bbox 667 3711 777 3755; x_wconf 88' lang='lat' dir='ltr'>novam</span> <span class='ocrx_word' id='word_1_339' title='bbox 802 3704 884 3755; x_wconf 87' lang='lat' dir='ltr'>tuam</span> <span class='ocrx_word' id='word_1_340' title='bbox 914 3694 1102 3773; x_wconf 90' lang='lat' dir='ltr'>philosophis</span> <span class='ocrx_word' id='word_1_341' title='bbox 1133 3696 1294 3774; x_wconf 89' lang='lat' dir='ltr'>approbas.</span> <span class='ocrx_word' id='word_1_342' title='bbox 1342 3696 1420 3756; x_wconf 74' lang='lat' dir='ltr'>Nam</span> <span class='ocrx_word' id='word_1_343' title='bbox 1445 3694 1515 3773; x_wconf 93' lang='lat' dir='ltr'>quid</span> <span class='ocrx_word' id='word_1_344' title='bbox 1543 3693 1637 3755; x_wconf 90' lang='lat' dir='ltr'>habes</span> <span class='ocrx_word' id='word_1_345' title='bbox 1661 3693 1740 3774; x_wconf 92' lang='lat' dir='ltr'>quod</span> <span class='ocrx_word' id='word_1_346' title='bbox 1768 3711 1907 3774; x_wconf 86' lang='lat' dir='ltr'>opponas</span> 
     </span>
     <span class='ocr_line' id='line_1_35' title="bbox 545 3781 1906 3864; baseline 0.003 -20"><span class='ocrx_word' id='word_1_347' title='bbox 545 3781 717 3856; x_wconf 82' lang='lat' dir='ltr'>veteribus,</span> <span class='ocrx_word' id='word_1_348' title='bbox 744 3783 801 3844; x_wconf 90' lang='lat' dir='ltr'>nisi</span> <span class='ocrx_word' id='word_1_349' title='bbox 825 3784 880 3844; x_wconf 86' lang='lat' dir='ltr'>hoc</span> <span class='ocrx_word' id='word_1_350' title='bbox 904 3784 1030 3858; x_wconf 83' lang='lat' dir='ltr'>unicum,</span> <span class='ocrx_word' id='word_1_351' title='bbox 1065 3812 1136 3856; x_wconf 87' lang='lat' dir='ltr'>,non</span> <span class='ocrx_word' id='word_1_352' title='bbox 1168 3795 1292 3848; x_wconf 92' lang='lat' dir='ltr'>omnibns</span> <span class='ocrx_word' id='word_1_353' title='bbox 1326 3794 1452 3847; x_wconf 87' lang='lat' dir='ltr'>litoribus</span> <span class='ocrx_word' id='word_1_354' title='bbox 1479 3796 1645 3864; x_wconf 90' lang='lat' dir='ltr'>respondere</span> <span class='ocrx_word' id='word_1_355' title='bbox 1671 3795 1769 3848; x_wconf 88' lang='lat' dir='ltr'>Lunae</span> <span class='ocrx_word' id='word_1_356' title='bbox 1798 3795 1906 3848; x_wconf 83' lang='lat' dir='ltr'>ortibus</span> 
     </span>
     <span class='ocr_line' id='line_1_36' title="bbox 544 3873 1907 3953; baseline 0.006 -26"><span class='ocrx_word' id='word_1_357' title='bbox 544 3881 575 3927; x_wconf 82' lang='lat' dir='ltr'>et</span> <span class='ocrx_word' id='word_1_358' title='bbox 595 3873 738 3927; x_wconf 85' lang='lat' dir='ltr'>occasibus</span> <span class='ocrx_word' id='word_1_359' title='bbox 764 3875 869 3928; x_wconf 78' lang='lat' dir='ltr'>fluxum</span> <span class='ocrx_word' id='word_1_360' title='bbox 889 3880 919 3927; x_wconf 85' lang='lat' dir='ltr'>et</span> <span class='ocrx_word' id='word_1_361' title='bbox 944 3875 1079 3927; x_wconf 81' lang='lat' dir='ltr'>refluxum</span> <span class='ocrx_word' id='word_1_362' title='bbox 1101 3875 1224 3927; x_wconf 80' lang='lat' dir='ltr'>marisv‘·</span> <span class='ocrx_word' id='word_1_363' title='bbox 1268 3876 1312 3933; x_wconf 80' lang='lat' dir='ltr'>At</span> <span class='ocrx_word' id='word_1_364' title='bbox 1331 3874 1441 3933; x_wconf 88' lang='lat' dir='ltr'>saltem</span> <span class='ocrx_word' id='word_1_365' title='bbox 1461 3873 1513 3934; x_wconf 91' lang='lat' dir='ltr'>illa</span> <span class='ocrx_word' id='word_1_366' title='bbox 1536 3874 1747 3951; x_wconf 87' lang='lat' dir='ltr'>ponderasses,</span> <span class='ocrx_word' id='word_1_367' title='bbox 1774 3892 1852 3953; x_wconf 90' lang='lat' dir='ltr'>qnae</span> <span class='ocrx_word' id='word_1_368' title='bbox 1877 3874 1907 3935; x_wconf 93' lang='lat' dir='ltr'>in</span> 
     </span>
     <span class='ocr_line' id='line_1_37' title="bbox 546 3957 1908 4041; baseline 0.001 -19"><span class='ocrx_word' id='word_1_369' title='bbox 546 3957 780 4022; x_wconf 85' lang='lat' dir='ltr'>Commentariis</span> <span class='ocrx_word' id='word_1_370' title='bbox 813 3961 922 4023; x_wconf 89' lang='lat' dir='ltr'>Martis</span> <span class='ocrx_word' id='word_1_371' title='bbox 953 3961 1009 4022; x_wconf 89' lang='lat' dir='ltr'>hac</span> <span class='ocrx_word' id='word_1_372' title='bbox 1033 3962 1071 4022; x_wconf 92' lang='lat' dir='ltr'>de</span> <span class='ocrx_word' id='word_1_373' title='bbox 1101 3981 1131 4022; x_wconf 92' lang='lat' dir='ltr'>re</span> <span class='ocrx_word' id='word_1_374' title='bbox 1166 3962 1337 4041; x_wconf 88' lang='lat' dir='ltr'>disputavi:</span> <span class='ocrx_word' id='word_1_375' title='bbox 1372 3962 1501 4023; x_wconf 86' lang='lat' dir='ltr'>vidisses</span> <span class='ocrx_word' id='word_1_376' title='bbox 1524 3962 1671 4036; x_wconf 86' lang='lat' dir='ltr'>sullicere,</span> <span class='ocrx_word' id='word_1_377' title='bbox 1706 3969 1740 4023; x_wconf 93' lang='lat' dir='ltr'>ut</span> <span class='ocrx_word' id='word_1_378' title='bbox 1771 3962 1908 4041; x_wconf 86' lang='lat' dir='ltr'>erigatur</span> 
     </span>
     <span class='ocr_line' id='line_1_38' title="bbox 545 4049 1907 4130; baseline 0 -20"><span class='ocrx_word' id='word_1_379' title='bbox 545 4049 680 4111; x_wconf 89' lang='lat' dir='ltr'>cumulus</span> <span class='ocrx_word' id='word_1_380' title='bbox 715 4069 857 4129; x_wconf 90' lang='lat' dir='ltr'>aquarum</span> <span class='ocrx_word' id='word_1_381' title='bbox 891 4050 947 4111; x_wconf 91' lang='lat' dir='ltr'>sub</span> <span class='ocrx_word' id='word_1_382' title='bbox 977 4051 1190 4130; x_wconf 89' lang='lat' dir='ltr'>perpendiculo</span> <span class='ocrx_word' id='word_1_383' title='bbox 1220 4052 1323 4112; x_wconf 88' lang='lat' dir='ltr'>Lunae</span> <span class='ocrx_word' id='word_1_384' title='bbox 1347 4050 1375 4111; x_wconf 93' lang='lat' dir='ltr'>in</span> <span class='ocrx_word' id='word_1_385' title='bbox 1410 4050 1508 4111; x_wconf 89' lang='lat' dir='ltr'>medio</span> <span class='ocrx_word' id='word_1_386' title='bbox 1542 4069 1674 4111; x_wconf 88' lang='lat' dir='ltr'>oceano:</span> <span class='ocrx_word' id='word_1_387' title='bbox 1710 4071 1729 4111; x_wconf 93' lang='lat' dir='ltr'>a</span> <span class='ocrx_word' id='word_1_388' title='bbox 1756 4050 1907 4112; x_wconf 91' lang='lat' dir='ltr'>lateribus</span> 
     </span>
     <span class='ocr_line' id='line_1_39' title="bbox 543 4137 1908 4219; baseline 0.001 -21"><span class='ocrx_word' id='word_1_389' title='bbox 543 4137 641 4199; x_wconf 89' lang='lat' dir='ltr'>undae</span> <span class='ocrx_word' id='word_1_390' title='bbox 666 4148 809 4217; x_wconf 89' lang='lat' dir='ltr'>quantum</span> <span class='ocrx_word' id='word_1_391' title='bbox 829 4146 860 4199; x_wconf 92' lang='lat' dir='ltr'>et</span> <span class='ocrx_word' id='word_1_392' title='bbox 879 4159 939 4218; x_wconf 91' lang='lat' dir='ltr'>qua</span> <span class='ocrx_word' id='word_1_393' title='bbox 961 4148 1089 4218; x_wconf 91' lang='lat' dir='ltr'>possunt</span> <span class='ocrx_word' id='word_1_394' title='bbox 1114 4141 1242 4200; x_wconf 88' lang='lat' dir='ltr'>tendant</span> <span class='ocrx_word' id='word_1_395' title='bbox 1261 4141 1298 4201; x_wconf 92' lang='lat' dir='ltr'>ad</span> <span class='ocrx_word' id='word_1_396' title='bbox 1321 4140 1376 4201; x_wconf 90' lang='lat' dir='ltr'>boc</span> <span class='ocrx_word' id='word_1_397' title='bbox 1401 4139 1496 4219; x_wconf 86' lang='lat' dir='ltr'>ipsum</span> <span class='ocrx_word' id='word_1_398' title='bbox 1522 4139 1615 4201; x_wconf 83' lang='lat' dir='ltr'>veluti</span> <span class='ocrx_word' id='word_1_399' title='bbox 1638 4139 1795 4201; x_wconf 90' lang='lat' dir='ltr'>concilium</span> <span class='ocrx_word' id='word_1_400' title='bbox 1817 4140 1908 4200; x_wconf 90' lang='lat' dir='ltr'>Luna</span> 
     </span>
     <span class='ocr_line' id='line_1_40' title="bbox 544 4223 1906 4308; baseline 0.001 -21"><span class='ocrx_word' id='word_1_401' title='bbox 544 4223 664 4288; x_wconf 90' lang='lat' dir='ltr'>interim</span> <span class='ocrx_word' id='word_1_402' title='bbox 687 4235 919 4305; x_wconf 88' lang='lat' dir='ltr'>praetereunte:</span> <span class='ocrx_word' id='word_1_403' title='bbox 946 4236 977 4289; x_wconf 92' lang='lat' dir='ltr'>et</span> <span class='ocrx_word' id='word_1_404' title='bbox 1000 4228 1174 4289; x_wconf 87' lang='lat' dir='ltr'>discedente</span> <span class='ocrx_word' id='word_1_405' title='bbox 1198 4229 1251 4289; x_wconf 90' lang='lat' dir='ltr'>illa</span> <span class='ocrx_word' id='word_1_406' title='bbox 1274 4248 1290 4288; x_wconf 92' lang='lat' dir='ltr'>e</span> <span class='ocrx_word' id='word_1_407' title='bbox 1314 4229 1527 4308; x_wconf 88' lang='lat' dir='ltr'>perpendiculo</span> <span class='ocrx_word' id='word_1_408' title='bbox 1553 4228 1609 4289; x_wconf 93' lang='lat' dir='ltr'>loci</span> <span class='ocrx_word' id='word_1_409' title='bbox 1633 4228 1736 4301; x_wconf 88' lang='lat' dir='ltr'>unius,</span> <span class='ocrx_word' id='word_1_410' title='bbox 1767 4229 1906 4291; x_wconf 89' lang='lat' dir='ltr'>cumulus</span> 
     </span>
     <span class='ocr_line' id='line_1_41' title="bbox 544 4314 1906 4397; baseline 0.004 -22"><span class='ocrx_word' id='word_1_411' title='bbox 544 4314 596 4376; x_wconf 94' lang='lat' dir='ltr'>ille</span> <span class='ocrx_word' id='word_1_412' title='bbox 621 4333 737 4375; x_wconf 89' lang='lat' dir='ltr'>rursum</span> <span class='ocrx_word' id='word_1_413' title='bbox 761 4316 919 4378; x_wconf 87' lang='lat' dir='ltr'>subsidat:</span> <span class='ocrx_word' id='word_1_414' title='bbox 950 4317 1083 4396; x_wconf 85' lang='lat' dir='ltr'>reliquas</span> <span class='ocrx_word' id='word_1_415' title='bbox 1114 4317 1279 4378; x_wconf 91' lang='lat' dir='ltr'>varietates</span> <span class='ocrx_word' id='word_1_416' title='bbox 1308 4325 1467 4397; x_wconf 88' lang='lat' dir='ltr'>praestant</span> <span class='ocrx_word' id='word_1_417' title='bbox 1495 4317 1572 4378; x_wconf 89' lang='lat' dir='ltr'>varii</span> <span class='ocrx_word' id='word_1_418' title='bbox 1604 4336 1742 4379; x_wconf 90' lang='lat' dir='ltr'>recessus</span> <span class='ocrx_word' id='word_1_419' title='bbox 1772 4318 1906 4394; x_wconf 90' lang='lat' dir='ltr'>litorum,</span> 
     </span>
     <span class='ocr_line' id='line_1_42' title="bbox 544 4402 1906 4487; baseline 0.004 -23"><span class='ocrx_word' id='word_1_420' title='bbox 544 4402 631 4464; x_wconf 90' lang='lat' dir='ltr'>utin</span> <span class='ocrx_word' id='word_1_421' title='bbox 655 4402 738 4463; x_wconf 91' lang='lat' dir='ltr'>siuns</span> <span class='ocrx_word' id='word_1_422' title='bbox 762 4405 979 4466; x_wconf 90' lang='lat' dir='ltr'>reconditiores</span> <span class='ocrx_word' id='word_1_423' title='bbox 1009 4406 1126 4467; x_wconf 89' lang='lat' dir='ltr'>tardius</span> <span class='ocrx_word' id='word_1_424' title='bbox 1156 4406 1310 4468; x_wconf 88' lang='lat' dir='ltr'>relabatur</span> <span class='ocrx_word' id='word_1_425' title='bbox 1338 4407 1445 4468; x_wconf 81' lang='lat' dir='ltr'>fluxus.</span> <span class='ocrx_word' id='word_1_426' title='bbox 1493 4407 1557 4466; x_wconf 88' lang='lat' dir='ltr'>&#39;lua</span> <span class='ocrx_word' id='word_1_427' title='bbox 1585 4426 1656 4467; x_wconf 91' lang='lat' dir='ltr'>vero</span> <span class='ocrx_word' id='word_1_428' title='bbox 1684 4425 1789 4483; x_wconf 88' lang='lat' dir='ltr'>causa,</span> <span class='ocrx_word' id='word_1_429' title='bbox 1813 4425 1906 4487; x_wconf 86' lang='lat' dir='ltr'>quam</span> 
     </span>
     <span class='ocr_line' id='line_1_43' title="bbox 545 4490 1907 4575; baseline 0.005 -24"><span class='ocrx_word' id='word_1_430' title='bbox 545 4490 676 4566; x_wconf 89' lang='lat' dir='ltr'>stabilis,</span> <span class='ocrx_word' id='word_1_431' title='bbox 693 4511 751 4552; x_wconf 92' lang='lat' dir='ltr'>uon</span> <span class='ocrx_word' id='word_1_432' title='bbox 767 4495 848 4572; x_wconf 91' lang='lat' dir='ltr'>sapit</span> <span class='ocrx_word' id='word_1_433' title='bbox 862 4495 953 4555; x_wconf 91' lang='lat' dir='ltr'>ullam</span> <span class='ocrx_word' id='word_1_434' title='bbox 977 4494 1196 4573; x_wconf 87' lang='lat' dir='ltr'>philosophiam</span> <span class='ocrx_word' id='word_1_435' title='bbox 1212 4496 1402 4563; x_wconf 85' lang='lat' dir='ltr'>rationalem,</span> <span class='ocrx_word' id='word_1_436' title='bbox 1422 4495 1475 4554; x_wconf 87' lang='lat' dir='ltr'>sed</span> <span class='ocrx_word' id='word_1_437' title='bbox 1490 4494 1724 4574; x_wconf 86' lang='lat' dir='ltr'>Pytlragoricnm</span> <span class='ocrx_word' id='word_1_438' title='bbox 1740 4494 1907 4575; x_wconf 88' lang='lat' dir='ltr'>septenarii</span> 
     </span>
     <span class='ocr_line' id='line_1_44' title="bbox 543 4580 1906 4662; baseline 0.004 -20"><span class='ocrx_word' id='word_1_439' title='bbox 543 4580 805 4661; x_wconf 88' lang='lat' dir='ltr'>superstitionem,</span> <span class='ocrx_word' id='word_1_440' title='bbox 841 4601 916 4662; x_wconf 93' lang='lat' dir='ltr'>quae</span> <span class='ocrx_word' id='word_1_441' title='bbox 941 4583 980 4644; x_wconf 91' lang='lat' dir='ltr'>ab</span> <span class='ocrx_word' id='word_1_442' title='bbox 1004 4583 1124 4657; x_wconf 92' lang='lat' dir='ltr'>otiosis,</span> <span class='ocrx_word' id='word_1_443' title='bbox 1160 4594 1192 4644; x_wconf 94' lang='lat' dir='ltr'>nt</span> <span class='ocrx_word' id='word_1_444' title='bbox 1223 4594 1310 4645; x_wconf 88' lang='lat' dir='ltr'>cento</span> <span class='ocrx_word' id='word_1_445' title='bbox 1343 4583 1541 4644; x_wconf 89' lang='lat' dir='ltr'>mendicantis</span> <span class='ocrx_word' id='word_1_446' title='bbox 1571 4603 1609 4644; x_wconf 85' lang='lat' dir='ltr'>ex</span> <span class='ocrx_word' id='word_1_447' title='bbox 1639 4584 1906 4647; x_wconf 88' lang='lat' dir='ltr'>diversicoloribus</span> 
     </span>
     <span class='ocr_line' id='line_1_45' title="bbox 542 4667 1906 4753; baseline 0.004 -21"><span class='ocrx_word' id='word_1_448' title='bbox 542 4667 662 4748; x_wconf 85' lang='lat' dir='ltr'>pannis,</span> <span class='ocrx_word' id='word_1_449' title='bbox 687 4669 731 4730; x_wconf 89' lang='lat' dir='ltr'>sic</span> <span class='ocrx_word' id='word_1_450' title='bbox 754 4670 822 4749; x_wconf 90' lang='lat' dir='ltr'>ipsa</span> <span class='ocrx_word' id='word_1_451' title='bbox 846 4685 884 4731; x_wconf 82' lang='lat' dir='ltr'>ex</span> <span class='ocrx_word' id='word_1_452' title='bbox 908 4671 1177 4734; x_wconf 89' lang='lat' dir='ltr'>diversissimorum</span> <span class='ocrx_word' id='word_1_453' title='bbox 1199 4692 1341 4753; x_wconf 89' lang='lat' dir='ltr'>generum</span> <span class='ocrx_word' id='word_1_454' title='bbox 1365 4672 1509 4752; x_wconf 82' lang='lat' dir='ltr'>exemplis</span> <span class='ocrx_word' id='word_1_455' title='bbox 1533 4672 1641 4734; x_wconf 89' lang='lat' dir='ltr'>nullius</span> <span class='ocrx_word' id='word_1_456' title='bbox 1666 4672 1788 4751; x_wconf 85' lang='lat' dir='ltr'>cognita</span> <span class='ocrx_word' id='word_1_457' title='bbox 1811 4692 1906 4737; x_wconf 86' lang='lat' dir='ltr'>cansa</span> 
     </span>
     <span class='ocr_line' id='line_1_46' title="bbox 544 4756 1903 4843; baseline 0.003 -24"><span class='ocrx_word' id='word_1_458' title='bbox 544 4765 594 4821; x_wconf 86' lang='lat' dir='ltr'>est</span> <span class='ocrx_word' id='word_1_459' title='bbox 616 4765 754 4821; x_wconf 90' lang='lat' dir='ltr'>consuta.</span> <span class='ocrx_word' id='word_1_460' title='bbox 802 4756 881 4829; x_wconf 85' lang='lat' dir='ltr'>Quin</span> <span class='ocrx_word' id='word_1_461' title='bbox 905 4780 943 4821; x_wconf 94' lang='lat' dir='ltr'>ne</span> <span class='ocrx_word' id='word_1_462' title='bbox 960 4760 1052 4822; x_wconf 87' lang='lat' dir='ltr'>-hauc</span> <span class='ocrx_word' id='word_1_463' title='bbox 1086 4761 1205 4842; x_wconf 93' lang='lat' dir='ltr'>quidem</span> <span class='ocrx_word' id='word_1_464' title='bbox 1238 4760 1458 4822; x_wconf 84' lang='lat' dir='ltr'>observationis</span> <span class='ocrx_word' id='word_1_465' title='bbox 1491 4762 1640 4823; x_wconf 90' lang='lat' dir='ltr'>rationem</span> <span class='ocrx_word' id='word_1_466' title='bbox 1667 4761 1715 4823; x_wconf 92' lang='lat' dir='ltr'>hic</span> <span class='ocrx_word' id='word_1_467' title='bbox 1747 4763 1903 4843; x_wconf 81' lang='lat' dir='ltr'>exprimis.</span> 
     </span>
     <span class='ocr_line' id='line_1_47' title="bbox 542 4846 1903 4929; baseline 0.007 -22"><span class='ocrx_word' id='word_1_468' title='bbox 542 4846 576 4907; x_wconf 93' lang='lat' dir='ltr'>ln</span> <span class='ocrx_word' id='word_1_469' title='bbox 593 4847 647 4908; x_wconf 90' lang='lat' dir='ltr'>illa</span> <span class='ocrx_word' id='word_1_470' title='bbox 661 4846 749 4916; x_wconf 88' lang='lat' dir='ltr'>enim,</span> <span class='ocrx_word' id='word_1_471' title='bbox 772 4865 848 4925; x_wconf 93' lang='lat' dir='ltr'>quae</span> <span class='ocrx_word' id='word_1_472' title='bbox 867 4859 1061 4910; x_wconf 90' lang='lat' dir='ltr'>numerantur</span> <span class='ocrx_word' id='word_1_473' title='bbox 1080 4868 1203 4910; x_wconf 92' lang='lat' dir='ltr'>numero</span> <span class='ocrx_word' id='word_1_474' title='bbox 1218 4849 1400 4928; x_wconf 88' lang='lat' dir='ltr'>septenario,</span> <span class='ocrx_word' id='word_1_475' title='bbox 1416 4858 1486 4910; x_wconf 92' lang='lat' dir='ltr'>sunt</span> <span class='ocrx_word' id='word_1_476' title='bbox 1501 4850 1601 4912; x_wconf 92' lang='lat' dir='ltr'>omnia</span> <span class='ocrx_word' id='word_1_477' title='bbox 1615 4850 1749 4913; x_wconf 87' lang='lat' dir='ltr'>discreta</span> <span class='ocrx_word' id='word_1_478' title='bbox 1763 4851 1903 4929; x_wconf 90' lang='lat' dir='ltr'>invicem,</span> 
     </span>
     <span class='ocr_line' id='line_1_48' title="bbox 542 4935 1904 5019; baseline 0.004 -21"><span class='ocrx_word' id='word_1_479' title='bbox 542 4942 577 4998; x_wconf 88' lang='lat' dir='ltr'>ut</span> <span class='ocrx_word' id='word_1_480' title='bbox 601 4935 677 5008; x_wconf 90' lang='lat' dir='ltr'>dies,</span> <span class='ocrx_word' id='word_1_481' title='bbox 702 4943 737 4996; x_wconf 90' lang='lat' dir='ltr'>ut</span> <span class='ocrx_word' id='word_1_482' title='bbox 762 4935 941 5010; x_wconf 89' lang='lat' dir='ltr'>lunationes,</span> <span class='ocrx_word' id='word_1_483' title='bbox 965 4947 999 4998; x_wconf 92' lang='lat' dir='ltr'>nt</span> <span class='ocrx_word' id='word_1_484' title='bbox 1022 4948 1159 5000; x_wconf 89' lang='lat' dir='ltr'>aestates</span> <span class='ocrx_word' id='word_1_485' title='bbox 1175 4947 1207 4998; x_wconf 92' lang='lat' dir='ltr'>et</span> <span class='ocrx_word' id='word_1_486' title='bbox 1226 4939 1251 4998; x_wconf 91' lang='lat' dir='ltr'>si</span> <span class='ocrx_word' id='word_1_487' title='bbox 1267 4957 1325 5018; x_wconf 92' lang='lat' dir='ltr'>qua</span> <span class='ocrx_word' id='word_1_488' title='bbox 1348 4938 1473 4999; x_wconf 87' lang='lat' dir='ltr'>similia:</span> <span class='ocrx_word' id='word_1_489' title='bbox 1499 4959 1623 5019; x_wconf 90' lang='lat' dir='ltr'>quarum</span> <span class='ocrx_word' id='word_1_490' title='bbox 1638 4958 1738 5002; x_wconf 91' lang='lat' dir='ltr'>rerum</span> <span class='ocrx_word' id='word_1_491' title='bbox 1762 4959 1904 5004; x_wconf 90' lang='lat' dir='ltr'>numeros</span> 
     </span>
     <span class='ocr_line' id='line_1_49' title="bbox 542 5023 1902 5111; baseline 0.007 -26"><span class='ocrx_word' id='word_1_492' title='bbox 542 5041 600 5085; x_wconf 94' lang='lat' dir='ltr'>non</span> <span class='ocrx_word' id='word_1_493' title='bbox 626 5023 752 5085; x_wconf 86' lang='lat' dir='ltr'>fortuita</span> <span class='ocrx_word' id='word_1_494' title='bbox 776 5023 884 5084; x_wconf 91' lang='lat' dir='ltr'>divisio</span> <span class='ocrx_word' id='word_1_495' title='bbox 908 5027 962 5086; x_wconf 92' lang='lat' dir='ltr'>sed</span> <span class='ocrx_word' id='word_1_496' title='bbox 986 5035 1094 5088; x_wconf 88' lang='lat' dir='ltr'>natura</span> <span class='ocrx_word' id='word_1_497' title='bbox 1117 5027 1186 5105; x_wconf 92' lang='lat' dir='ltr'>ipsa</span> <span class='ocrx_word' id='word_1_498' title='bbox 1210 5026 1492 5108; x_wconf 88' lang='lat' dir='ltr'>vicissitudinesque</span> <span class='ocrx_word' id='word_1_499' title='bbox 1516 5029 1696 5109; x_wconf 87' lang='lat' dir='ltr'>conspicuae</span> <span class='ocrx_word' id='word_1_500' title='bbox 1721 5030 1902 5111; x_wconf 84' lang='lat' dir='ltr'>suppedita-</span> 
     </span>
     <span class='ocr_line' id='line_1_50' title="bbox 542 5113 1903 5200; baseline 0.01 -27"><span class='ocrx_word' id='word_1_501' title='bbox 542 5119 621 5194; x_wconf 70' lang='lat' dir='ltr'>runt,</span> <span class='ocrx_word' id='word_1_502' title='bbox 668 5113 724 5174; x_wconf 88' lang='lat' dir='ltr'>Tui</span> <span class='ocrx_word' id='word_1_503' title='bbox 748 5131 818 5174; x_wconf 87' lang='lat' dir='ltr'>vero</span> <span class='ocrx_word' id='word_1_504' title='bbox 852 5115 1015 5193; x_wconf 90' lang='lat' dir='ltr'>septenarii</span> <span class='ocrx_word' id='word_1_505' title='bbox 1048 5116 1202 5195; x_wconf 89' lang='lat' dir='ltr'>subjecta,</span> <span class='ocrx_word' id='word_1_506' title='bbox 1237 5116 1344 5192; x_wconf 88' lang='lat' dir='ltr'>horae,</span> <span class='ocrx_word' id='word_1_507' title='bbox 1377 5116 1512 5195; x_wconf 87' lang='lat' dir='ltr'>inquam,</span> <span class='ocrx_word' id='word_1_508' title='bbox 1545 5116 1613 5189; x_wconf 89' lang='lat' dir='ltr'>diei,</span> <span class='ocrx_word' id='word_1_509' title='bbox 1642 5116 1751 5200; x_wconf 90' lang='lat' dir='ltr'>quibus</span> <span class='ocrx_word' id='word_1_510' title='bbox 1772 5127 1903 5187; x_wconf 86' lang='lat' dir='ltr'>naturae</span> 
     </span>
    </p>
   </div>
   <div class='ocr_carea' id='block_1_10' title="bbox 0 0 2296 6192">
    <p class='ocr_par' dir='ltr' id='par_1_10' title="bbox 0 0 2296 6192">
     <span class='ocr_line' id='line_1_51' title="bbox 0 0 2296 6192; baseline 0 3"><span class='ocrx_word' id='word_1_511' title='bbox 0 0 2296 6192; x_wconf 95' lang='lat' dir='ltr'> </span> 
     </span>
    </p>
   </div>
  </div>
 </body>
</html>
