4584 6192
488 648 532 715 50
904 649 1004 699 Literae
1022 650 1125 714 Kepleri
1144 650 1295 715 aliorumque
1313 659 1416 702 mutuae

488 830 584 890 altero
609 827 657 886 vel
682 827 778 887 altero
803 825 887 886 oculo
912 825 1018 899 utaris,
1045 825 1204 888 latitudine
1227 828 1359 905 pupillae
1383 828 1479 888 locum
1504 836 1654 902 metante,
1687 837 1718 890 et
1743 831 1843 893 nronui

488 916 622 998 quidem,
646 915 700 975 tali
725 915 784 976 situ
808 933 939 993 pugnare
965 914 1019 973 lras
1044 916 1119 975 duas
1143 934 1251 976 causas
1276 917 1401 995 ideoque
1426 925 1456 976 et
1480 917 1581 978 dolere
1605 918 1719 979 oeulos.

579 1020 800 1084 Breuggerus:
831 1018 1074 1082 Quidpsrlocum
1093 1020 1231 1084 indigetes.
1250 1022 1333 1070 nescio
1357 1029 1475 1071 annecte
1494 1035 1619 1085 assequar.
1657 1023 1710 1086 Ego
1729 1038 1752 1073 s.
1773 1040 1797 1090 g.
1817 1026 1843 1074 in

510 1092 610 1144 arabeta
628 1092 708 1140 locum
727 1092 872 1153 interpretor
891 1090 948 1138 illud
967 1100 1094 1153 punctum,
1115 1092 1179 1154 quod
1192 1091 1293 1140 vissuto
1314 1091 1369 1152 (lli,
1389 1089 1435 1152 tt)
1454 1100 1526 1142 notat
1543 1092 1615 1142 litera
1626 1093 1656 1151 Ε,
1676 1096 1702 1143 in
1720 1110 1768 1159 quo
1781 1096 1843 1146 radii

488 1108 588 1214 geistes
607 1160 719 1225 paralleli
734 1176 818 1209 omnes
838 1160 984 1224 colliguntur
1007 1168 1033 1209 et
1050 1162 1114 1225 ignis
1133 1162 1284 1211 accenditur.
1323 1166 1357 1211 At
1374 1163 1446 1225 bnjus
1466 1163 1558 1213 chorda
1576 1179 1625 1213 non
1649 1173 1688 1213 est
1705 1166 1844 1231 qnadmpla

485 1236 602 1301 sagittae,
621 1239 649 1281 ut
666 1240 693 1282 to
713 1231 779 1295 (cap.
795 1231 837 1289 lv,
852 1230 881 1291 l)
901 1232 988 1281 rideris
1000 1234 1134 1281 insinuare.
1173 1230 1223 1291 (Ad
1235 1233 1282 1282 hoc
1302 1236 1427 1297 respondit
1439 1234 1563 1297 Keplerus
1576 1236 1602 1283 in
1614 1236 1733 1298 prioribus
1745 1254 1770 1300 p.
1784 1233 1842 1299 43.)

576 1304 648 1365 Quod
667 1303 926 1365 crepusculorum
949 1304 1069 1352 materiae
1089 1305 1256 1366 pellucitatem
1276 1305 1387 1368 denegas
1414 1304 1481 1368 (cap.
1502 1304 1547 1362 lV,
1568 1301 1591 1353 6.
1612 1322 1679 1369 prop.
1699 1304 1738 1367 9.)
1757 1309 1840 1368 miror,

485 1392 541 1429 eum
559 1391 602 1440 per
620 1377 675 1438 ipsa
693 1374 838 1436 crepuscula
856 1373 1002 1437 quandoque
1020 1375 1109 1424 stellae
1129 1383 1275 1436 cernantur,
1298 1385 1324 1424 et
1343 1375 1384 1425 Sol
1405 1378 1516 1425 exoriens
1534 1378 1605 1425 istius
1624 1379 1746 1428 materiae
1766 1382 1842 1430 iuter·

483 1453 558 1498 rentu
577 1461 593 1496 a
611 1447 663 1495 risu
682 1460 730 1493 uon
750 1444 902 1494 excludatur.

571 1535 774 1613 Keplerus:
808 1532 952 1594 Pellucidi
985 1552 1043 1593 vox
1067 1534 1208 1613 ambigua
1232 1544 1290 1596 est.
1336 1536 1415 1597 liam
1445 1545 1475 1596 et
1500 1536 1595 1609 telae,
1628 1539 1712 1611 sela,
1746 1540 1842 1602 lintea

482 1625 649 1705 pellucent,
675 1641 732 1684 non
757 1621 886 1684 rnateria
909 1622 962 1682 sed
987 1622 1185 1700 dispositione
1209 1631 1240 1685 et
1263 1624 1466 1684 foraminibus.
1513 1624 1565 1686 Sic
1588 1625 1641 1687 Sol
1665 1645 1719 1705 per
1744 1630 1841 1690 fumos

481 1713 617 1784 videtur,
652 1711 695 1772 sie
719 1710 810 1771 etiam
834 1730 887 1790 per
911 1712 1076 1789 crepusculi
1101 1711 1270 1773 materiam.
1318 1712 1352 1772 Id
1378 1712 1487 1775 alicubi
1511 1715 1609 1775 inormi
1638 1721 1676 1784 (m
1695 1726 1841 1789 appendicis

483 1810 515 1859 so
534 1824 588 1873 cap.
608 1809 627 1857 1.
651 1804 721 1870 nne).
767 1800 812 1860 At
835 1801 900 1860 loeo
925 1818 978 1859 suo
1003 1800 1122 1861 delinivi
1146 1801 1327 1879 pellucidum
1352 1821 1417 1863 cum
1434 1802 1542 1881 opticis
1562 1803 1796 1885 strictius-(cap.
1814 1807 1837 1867 l.

480 1909 563 1970 prop.
585 1889 652 1963 ll),
677 1898 711 1949 nt
734 1888 878 1949 materiae
903 1907 1057 1965 corporum
1082 1900 1235 1968 competat
1259 1901 1291 1950 et
1313 1890 1510 1951 retractiones
1535 1902 1684 1953 causetur.

568 2014 790 2077 Brenggerus:
811 2011 883 2071 Quod
902 2013 966 2060 aeri
985 2012 1104 2075 pondus
1121 2012 1223 2068 tribuis,
1241 2021 1323 2062 tecum
1342 2014 1422 2061 sentio
1442 2010 1507 2077 (cap.
1529 2002 1575 2069 lv,
1594 2011 1617 2063 t.
1636 2031 1706 2080 prop.
1731 2015 1789 2078 l0):
1815 2018 1839 2067 id

480 2100 537 2136 vero
555 2100 605 2133 nou
622 2084 707 2147 probo,
727 2082 791 2146 quod
810 2085 863 2143 ejus
883 2082 1038 2131 altitudinem
1057 2097 1130 2145 supra
1140 2082 1242 2132 Terram
1261 2084 1360 2133 dimidio
1379 2085 1475 2132 milliari
1495 2087 1587 2134 metiris
1607 2083 1677 2147 (ibid.
1697 2102 1765 2151 prop.
1783 2085 1838 2150 ll).

479 2153 552 2206 Facis
570 2161 598 2204 tu
617 2154 712 2204 radium
732 2152 795 2202 Solis
819 2159 963 2219 tangentem
987 2154 1140 2217 superficiem
1161 2157 1225 2203 atris
1248 2157 1273 2203 in
1291 2155 1436 2203 lrorizontali
1464 2156 1625 2217 retractione;
1652 2158 1709 2208 hinc
1736 2160 1835 2210 errandi

480 2228 637 2277 occasionem
656 2226 782 2288 irrepsisse
801 2226 918 2288 suspicor.

570 2314 776 2393 Keplerus:
806 2314 909 2373 Meam
933 2312 1011 2373 aeris
1036 2313 1284 2374 mensurationem
1309 2334 1367 2377 non
1391 2315 1578 2378 intellexisti.
1625 2318 1706 2380 l’ono
1730 2320 1838 2382 obser-

479 2411 568 2465 satas
593 2402 789 2464 retractiones
814 2402 928 2480 aliquot
951 2400 1191 2475 inclinationum,
1217 2403 1285 2462 inde
1301 2404 1370 2463 milri
1389 2405 1523 2466 nascitur
1539 2407 1680 2467 retractio
1703 2410 1838 2469 maxima

480 2491 554 2553 radii
579 2499 679 2552 aerem
704 2490 871 2569 tangentis,
907 2488 956 2568 qni
990 2488 1028 2548 ad
1061 2508 1115 2549 nos
1148 2508 1205 2550 non
1230 2492 1368 2569 pervenit
1396 2493 1449 2553 sed
1473 2512 1564 2572 snpra
1587 2494 1690 2574 capita
1713 2498 1836 2571 transit,

479 2580 537 2643 nisi
561 2581 637 2641 forte
661 2579 689 2640 in
715 2579 872 2640 altissimis
896 2577 1060 2650 montibus,
1086 2578 1193 2656 quibus
1216 2579 1325 2640 ceteris
1339 2581 1462 2658 paribus
1478 2583 1570 2644 etiarn
1593 2584 1689 2663 major
1712 2586 1837 2650 obvenit

478 2669 631 2731 retractio.
677 2667 725 2728 Ex
755 2668 811 2728 bac
845 2666 945 2745 itaque
979 2666 1160 2726 refractione
1193 2669 1352 2728 marirnaur
1387 2679 1491 2732 extruo
1525 2672 1606 2733 airis
1631 2673 1834 2737 altitudinem.

477 2756 674 2838 Experieutia
697 2756 853 2817 coufirmat
877 2765 908 2816 et
932 2754 1027 2832 frigus
1051 2754 1122 2814 illud
1147 2775 1290 2816 summum
1315 2757 1344 2817 in
1368 2760 1518 2820 montanis
1533 2760 1589 2822 snb
1605 2772 1780 2841 aequatore,
1805 2773 1837 2825 et

479 2843 626 2929 Olympus
651 2864 717 2907 cum
740 2842 887 2905 humectis
912 2841 1047 2921 spongiis
1068 2843 1095 2903 in
1120 2844 1266 2905 Meteoris
1290 2845 1477 2908 Aristotelis.

569 2954 789 3017 Brenggerus:
817 2947 943 2998 Modum
961 2948 1095 2996 visionis
1115 2948 1187 2998 docte
1206 2956 1232 2998 et
1251 2950 1379 3014 eleganter
1397 2952 1505 3016 explicas
1526 2950 1595 3017 (esp.
1616 2951 1678 3016 ll.),
1695 2955 1722 3004 in
1740 2970 1791 3021 qus
1809 2972 1836 3008 re

478 3038 561 3073 ornnes
580 3024 621 3087 qui
638 3021 761 3071 hactenns
779 3020 809 3069 de
829 3033 861 3067 ea
878 3019 1028 3082 scripsemnt
1053 3018 1182 3083 diligentia
1210 3035 1319 3083 superas.
1358 3021 1409 3086 Ego
1429 3038 1519 3087 exque
1538 3024 1595 3073 olim
1613 3026 1700 3088 praxin
1719 3040 1836 3078 camerae

477 3094 648 3144 tenebricosos
666 3092 690 3142 J.
710 3092 740 3141 B.
760 3091 850 3140 Portae
869 3089 963 3152 inspexi
982 3085 1062 3151 (cujus
1082 3090 1109 3139 to
1128 3091 1203 3138 etiam
1222 3093 1369 3148 meministi,
1398 3100 1424 3141 et
1442 3100 1481 3142 est
1499 3101 1566 3144 certe
1590 3097 1760 3158 spectaculum
1778 3098 1833 3162 pni-

477 3161 636 3225 cherrimum)
654 3178 751 3226 semper
768 3161 827 3210 mibi
846 3161 964 3223 persuasi,
984 3161 1102 3209 visionem
1121 3160 1173 3209 fieri
1193 3164 1334 3224 receptione
1357 3165 1494 3225 specierum
1512 3166 1642 3215 visibilium
1665 3168 1692 3215 in
1716 3170 1835 3218 retilornri

476 3238 570 3286 muita.
608 3234 636 3283 ld
655 3234 742 3284 saltem
762 3233 861 3282 dubium
879 3246 919 3280 me
937 3230 1020 3287 habet,
1041 3246 1096 3280 cum
1116 3234 1198 3280 omnia
1217 3234 1314 3282 inversa
1331 3234 1364 3281 ibi
1383 3236 1546 3297 recipiantur,
1569 3237 1691 3301 quomodo
1709 3240 1769 3289 risio
1790 3240 1836 3289 list

476 3305 578 3357 directe

565 3393 766 3471 Keplerus:
795 3394 844 3453 An
868 3390 989 3452 inversa
1011 3390 1129 3469 pictura
1152 3390 1298 3452 directam
1323 3392 1468 3456 visionem
1492 3395 1563 3455 dare
1587 3398 1700 3474 possit,
1725 3398 1832 3478 dispu-

477 3491 574 3545 tatum
599 3502 617 3542 a
641 3501 687 3543 me
711 3481 789 3542 inter
812 3498 937 3541 examen
962 3479 1129 3540 sententiae
1154 3478 1328 3542 Vitellianis
1353 3483 1435 3561 (cap.
1456 3485 1493 3556 V,
1511 3480 1557 3556 4).

565 3588 792 3651 Brenggerus:
821 3584 893 3645 Quae
911 3586 1029 3647 scripsisti
1049 3585 1079 3633 de
1098 3585 1226 3647 eclipsibus
1256 3591 1281 3634 et
1306 3600 1391 3635 earum
1415 3588 1559 3637 observandi
1577 3588 1651 3637 modo
1676 3603 1720 3652 per
1738 3591 1831 3642 instru-

476 3666 586 3709 mentum
605 3658 744 3722 eclipticum
764 3655 832 3719 (cap.
852 3653 923 3715 XL),
944 3663 972 3704 ut
989 3663 1047 3704 suut
1065 3657 1196 3720 ingeniosa
1215 3663 1239 3705 et
1258 3656 1429 3719 pulcherrima,
1448 3660 1485 3707 ita
1499 3658 1558 3707 mihi
1570 3660 1716 3723 gratissima
1734 3662 1832 3727 obtige-

477 3736 550 3788 runt3
570 3731 661 3780 laeiam
679 3728 821 3792 periculum,
843 3740 875 3775 an
894 3727 1029 3775 secundum
1048 3728 1169 3775 rationem
1187 3726 1253 3774 illam
1274 3727 1375 3790 eclipsin
1394 3728 1505 3778 Solarem
1525 3730 1583 3778 anni
1602 3732 1728 3794 sequentis
1748 3733 1833 3782 obser·

475 3814 533 3850 vare
561 3801 659 3864 possim.
697 3799 725 3848 ln
744 3801 906 3847 instrumento
932 3804 974 3845 tuo
1002 3795 1048 3845 hoc
1077 3797 1202 3851 desidero.
1228 3797 1291 3860 quod
1320 3799 1353 3847 ad
1379 3799 1562 3848 observationes
1587 3800 1753 3851 horizontales
1780 3804 1833 3853 sire

474 3870 631 3922 lnmlnarium
656 3870 777 3919 horizonti
801 3870 935 3917 vicinorum
959 3882 1009 3917 non
1035 3868 1069 3916 sit
1096 3868 1323 3924 accommodatum,
1352 3871 1398 3918 nisi
1426 3877 1452 3918 et
1470 3876 1604 3919 transtrum
1631 3878 1657 3920 et
1675 3872 1763 3937 regula
1780 3875 1833 3924 sint

475 3944 598 3993 marium
615 3941 782 4006 longitudinis.
819 3938 848 3988 ln
868 3938 997 4001 eclipsibus
1016 3953 1073 3987 rere
1087 3938 1224 3987 Lunsnbus
1243 3945 1268 3987 et
1286 3953 1372 3988 earum
1390 3948 1499 4004 tempore
1511 3942 1592 3991 medio
1608 3943 1680 4004 jubes
1700 3945 1832 3995 observem

475 4013 573 4063 stellam
592 4012 700 4077 aliquam
718 4012 804 4060 lixam:
823 4017 890 4059 reete
908 4010 934 4058 id
952 4010 1060 4073 quidem,
1078 4009 1121 4059 sed
1140 4009 1182 4072 qui
1203 4023 1252 4073 ego
1265 4023 1413 4075 cognoscam
1433 4018 1529 4075 tempus
1541 4012 1601 4061 illud
1613 4012 1738 4063 medinm?
1763 4015 1831 4066 Dum

475 4085 540 4133 enim
558 4083 646 4133 umbra
664 4084 761 4138 crescit,
781 4081 888 4130 nondum
908 4080 980 4130 adest
997 4080 1042 4129 sed
1062 4086 1218 4143 expectatur:
1239 4095 1294 4129 cum
1307 4087 1391 4130 autem
1405 4082 1547 4132 decrescere
1560 4083 1674 4138 sentitur,
1690 4087 1744 4146 jam
1756 4101 1830 4151 prae·

474 4154 548 4202 teriit.
585 4153 642 4203 lion
660 4154 752 4202 trustra
771 4166 870 4216 quaero,
890 4152 994 4214 optarim
1014 4152 1079 4200 enim
1097 4149 1230 4213 aliquando
1250 4150 1346 4199 collatis
1365 4152 1575 4203 observationibus
1593 4158 1677 4203 reram
1691 4163 1831 4207 nostrornm

473 4225 663 4274 meridianorum
681 4225 746 4272 inter
763 4238 791 4272 se
810 4222 954 4272 distantiam
972 4224 1070 4277 renam,
1093 4227 1122 4267 ut
1139 4220 1229 4269 deinde
1247 4229 1305 4270 tuas
1323 4224 1505 4272 observationes
1525 4224 1557 4272 sd
1576 4237 1658 4274 meum
1676 4225 1830 4278 hartmatus

473 4302 541 4345 recte
565 4296 654 4358 possim
681 4294 876 4345 accommodare.
914 4292 1082 4342 Latitudinem
1101 4292 1335 4354 segusianam,
1361 4294 1419 4342 dum
1445 4295 1479 4343 ibl
1505 4294 1644 4344 habitarem
1671 4310 1738 4346 anuo
1761 4296 1829 4348 tota

473 4372 608 4430 autequam
626 4365 675 4415 buc
695 4380 773 4416 essem
792 4370 908 4419 vocatus,
933 4363 1064 4427 diligenter
1081 4368 1109 4410 ut
1127 4362 1213 4423 opinor
1240 4363 1366 4412 observari
1389 4365 1508 4427 peculiari
1532 4367 1558 4414 in
1575 4365 1642 4415 bauo
1664 4381 1717 4417 rem
1735 4370 1828 4420 lustru·

472 4442 556 4486 mento
575 4438 723 4501 excogitato,
742 4436 807 4501 quod
825 4444 946 4484 sectorem
965 4434 1113 4482 altimetrum
1132 4446 1201 4492 roco,
1221 4446 1325 4498 eamque
1344 4435 1425 4483 inreni
1445 4434 1494 4484 48¹·
1508 4433 1551 4483 22¹
1570 4438 1700 4495 duntaxat,
1720 4454 1771 4488 non
1784 4437 1828 4489 24*

472 4512 501 4556 ut
518 4513 545 4557 tu
565 4509 689 4557 existimas
717 4504 790 4570 (Cap.
809 4505 852 4555 Xl.
872 4520 938 4568 prop.
959 4501 1001 4551 29.
1021 4502 1064 4550 alt.
1084 4502 1133 4565 poli
1152 4505 1300 4567 Argustana
1319 4501 1368 4553 43.»
1387 4503 1438 4560 2⁶2¹,
1457 4506 1621 4570 Tubingensis
1639 4522 1697 4557 vero
1715 4505 1767 4557 ⁴8⁸
1784 4507 1829 4558 w

471 4577 588 4635 selsam,
607 4591 755 4643 quamquam
773 4578 842 4627 illam
861 4576 1030 4626 correctiorem
1041 4573 1191 4637 Tubingensi
1212 4575 1340 4638 aequalem
1360 4590 1414 4625 esse
1433 4584 1519 4627 censet
1532 4574 1676 4641 Keplerus),
1713 4579 1827 4631 Kautt·

470 4648 571 4699 burna
588 4664 654 4706 vero,
679 4651 721 4699 nbi
739 4664 805 4699 nunc
824 4650 896 4711 dego,
916 4643 958 4693 30‘
978 4644 1107 4693 australior
1126 4651 1164 4692 est
1182 4645 1232 4694 illa
1271 4645 1402 4711 Gegginga
1426 4662 1514 4711 pagus,
1540 4650 1582 4697 ubi
1600 4648 1686 4710 'l'ycbo
1703 4650 1754 4713 poli
1773 4652 1827 4704 eis·

470 4720 594 4769 radonem
619 4721 753 4785 quaesivit,
783 4721 871 4767 iuuere
896 4712 922 4777 ,¹1¹2
943 4715 1005 4764 bora
1028 4715 1102 4778 paulo
1126 4717 1220 4777 majore
1246 4715 1323 4765 distat
1350 4719 1383 4767 ab
1401 4720 1516 4784 Augusta
1542 4734 1624 4769 versus
1644 4721 1756 4772 Africum
1781 4737 1827 4774 seu

469 4787 698 4841 wne-sudwic.

559 4879 763 4959 Keplerus:
801 4877 1033 4938 lustramentum
1066 4893 1163 4935 ruenni
1199 4875 1298 4935 monui
1332 4896 1399 4938 esse
1431 4878 1629 4956 particulare;
1663 4879 1689 4941 si
1723 4879 1781 4944 tibi
1807 4904 1827 4945 a

467 4967 594 5031 transtri
618 4976 649 5030 et
671 4968 794 5046 regulae
818 4963 1002 5041 longitndine
1030 4962 1153 5036 metuis,
1193 4969 1275 5024 utere
1309 4966 1456 5044 quadrato
1489 4977 1590 5029 erecto
1621 4974 1651 5028 et
1679 4969 1825 5046 gradibus

468 5056 617 5117 ascendas
641 5053 713 5119 Sole
744 5054 881 5117 cadente.
927 5049 993 5113 Non
1026 5071 1100 5131 opus
1131 5060 1203 5130 puto
1234 5050 1263 5111 in
1294 5053 1393 5115 futura
1424 5054 1538 5133 eclipsi.
1585 5054 1620 5117 Si
1651 5055 1769 5120 initium
1794 5064 1826 5122 et

466 5143 534 5206 tinis
557 5143 689 5207 Lunaris
713 5142 834 5223 eclipsis
857 5140 986 5202 babetur·
1008 5157 1062 5220 per
1084 5138 1206 5215 stellas,
1231 5139 1360 5203 medium
1393 5159 1509 5222 quoque
1533 5142 1663 5207 habetur
1685 5146 1823 5226 pereas.
