4584 6192
1085 583 1168 651 Cerut
1185 584 1205 634 ¹·
1765 582 1823 651 111

552 761 764 843 Ρ1111.ΧΧ11.
804 762 881 823 Lux
907 763 1059 824 colores
1082 764 1287 824 illustrans
1312 761 1546 842 undiquaque
1569 762 1826 841 repercutitur

418 901 421 906 .
466 861 504 913 et
535 852 688 913 colores
728 851 914 912 illustrati
953 852 1103 912 radiant
1136 852 1171 911 in
1209 852 1353 916 orbern.
1387 860 1425 911 ut
1458 852 1517 911 lux
1551 851 1650 930 ipsa:
1687 852 1826 914 lortius

466 951 591 1002 tamen
617 940 654 1001 in
679 940 869 1001 directum.
908 941 986 1002 Nam
1011 941 1118 1014 omnia,
1144 940 1235 1001 etiam
1252 959 1328 1018 qnae
1352 939 1487 1000 colorata
1502 948 1581 1012 sunt,
1606 941 1825 1019 quadamtenus

465 1038 537 1090 sunt
570 1029 733 1108 perspicua
765 1048 819 1106 per
845 1027 893 1092 ll.
919 1029 1022 1089 1111111
1050 1030 1167 1093 colores
1191 1047 1244 1107 per
1276 1027 1460 1089 soliditatem
1494 1029 1653 1092 collustrat
1679 1049 1735 1110 per
1765 1025 1824 1103 16;

465 1137 536 1197 ergo
561 1136 599 1177 ex
632 1117 711 1178 omni
746 1117 851 1178 latere.
897 1116 966 1178 Jarn
1001 1137 1070 1179 uero
1105 1119 1187 1178 color
1216 1126 1264 1178 est
1294 1116 1368 1176 lucis
1402 1114 1582 1179 correlatum
1606 1119 1645 1179 ad
1676 1118 1825 1181 actionem

465 1215 610 1268 mutuam.
659 1206 727 1266 Lux
750 1224 820 1267 vero
850 1207 920 1266 11111
952 1207 1081 1267 colorem
1115 1206 1203 1285 idque
1234 1204 1362 1283 undique
1386 1224 1440 1284 per
1463 1205 1659 1269 soliditatem.
1706 1208 1825 1286 Reper-

464 1296 576 1356 cutitur
601 1294 692 1374 igitur
717 1294 802 1374 quasi
827 1315 845 1354 a
869 1295 1082 1373 superficiebus
1112 1296 1251 1373 undique.
1298 1294 1342 1354 At
1371 1294 1459 1355 simul
1484 1303 1515 1354 et
1544 1294 1671 1375 t'mgitnr
1694 1314 1749 1376 per
1774 1293 1824 1358 lli.

466 1384 675 1463 Repercussus
706 1402 778 1462 ergo
811 1384 913 1443 radius
946 1384 1074 1446 colorem
1110 1383 1203 1444 habet
1235 1382 1324 1443 medii
1360 1402 1413 1444 seu
1446 1382 1578 1460 objecti:
1618 1385 1702 1447 color
1734 1385 1826 1464 igitur

467 1473 566 1533 radiat
592 1472 647 1533 811.
695 1472 772 1532 11111
796 1492 834 1531 ea
857 1473 1006 1544 colorata,
1032 1492 1108 1551 quae
1133 1473 1227 1532 etiam
1250 1471 1279 1531 in
1308 1490 1421 1532 summo
1446 1472 1541 1549 gradu
1564 1482 1635 1535 sunt
1659 1473 1824 1553 laevigata,

467 1573 565 1624 tamen
592 1560 715 1621 radiant
743 1560 886 1640 undique,
916 1561 994 1640 quod
1023 1581 1079 1622 non
1104 1562 1190 1622 lieret
1213 1561 1238 1621 si
1267 1559 1362 1620 onruis
1387 1559 1479 1621 lura
1508 1562 1665 1641 superficie
1690 1563 1744 1626 illa
1767 1583 1826 1624 una

466 1650 491 1710 11
515 1651 641 1728 plagam
667 1668 754 1709 unam
779 1658 1026 1729 repercuteretur,
1053 1650 1185 1728 nihilque
1208 1657 1383 1728 penetraret
1407 1649 1510 1709 sedem
1533 1649 1691 1729 genuinam
1716 1652 1825 1715 coloris

467 1747 514 1799 aut
540 1757 599 1799 nou
624 1738 805 1816 tingeretur.
852 1740 918 1800 Lux
948 1738 1025 1799 enim
1050 1740 1078 1799 in
1108 1739 1236 1799 materia
1260 1746 1292 1798 et
1320 1736 1517 1815 dispositione
1545 1739 1661 1801 iuterna
1690 1740 1825 1821 corporis

466 1846 518 1887 nou
545 1827 573 1887 in
601 1827 666 1903 ejus
692 1826 770 1887 nudo
803 1828 940 1889 termino.
989 1827 1022 1888 Si
1046 1827 1091 1888 cni
1125 1827 1220 1904 magis
1253 1827 1371 1904 placet,
1405 1825 1430 1886 is
1460 1826 1544 1888 dicat
1574 1829 1707 1891 colorum
1741 1831 1823 1893 luces
1906 1844 1911 1849 ·

466 1915 648 1994 potentiales
672 1936 691 1975 a
714 1916 778 1976 luce
803 1915 830 1976 iu
860 1926 960 1977 actum
989 1915 1105 1977 traduci
1130 1925 1161 1976 et
1189 1916 1328 1988 excitari,
1358 1914 1481 1993 perinde
1507 1924 1538 1977 ut
1568 1916 1617 1978 ille
1641 1919 1738 1993 calor,
1772 1918 1824 2003 qui

466 2005 563 2065 estin
589 2003 766 2084 ayugibere,
796 2023 919 2065 accessu
944 2005 1074 2065 humoris
1107 2004 1281 2065 stimulatur
1312 2022 1404 2082 seque
1428 2004 1492 2082 ipsa
1526 2005 1659 2067 incendit
1682 2016 1714 2068 11
1737 2026 1822 2069 com·

466 2092 614 2154 manicare
638 2112 671 2152 se
697 2092 819 2175 iucipit;
844 2094 922 2172 quod
946 2093 1025 2153 idem
1047 2094 1160 2154 faciunt
1181 2092 1280 2154 onmia
1302 2092 1427 2152 semina.
1466 2093 1512 2153 De
1533 2094 1589 2155 hac
1613 2104 1723 2175 quarta
1747 2095 1821 2157 lucis

467 2182 563 2260 specie
588 2200 687 2261 pauca
712 2182 813 2243 dicunt
837 2182 938 2260 optici.
986 2182 1112 2243 Dicatur
1136 2182 1221 2243 nobis
1246 2182 1312 2243 lux
1335 2182 1619 2245 communicata.
1667 2184 1747 2246 Nam
1772 2185 1822 2246 lux

469 2281 495 2331 et
514 2286 700 2350 repercussa
724 2278 754 2330 et
783 2270 911 2331 infracta
939 2280 988 2331 est
1020 2271 1209 2332 nihilomiuus
1241 2269 1319 2331 illius
1352 2269 1394 2329 rei
1420 2270 1483 2342 lux,
1517 2271 1595 2332 uude
1624 2273 1742 2351 allapsa
1765 2274 1822 2335 hoc

467 2360 586 2438 patitur.
635 2358 777 2420 Athaco
803 2360 851 2420 lux
871 2359 936 2437 jam
960 2361 994 2420 lit
1022 2360 1239 2439 quodammodo
1264 2359 1329 2438 ejus
1356 2358 1521 2436 superficiei
1546 2360 1609 2434 lux,
1635 2380 1724 2441 quarn
1748 2362 1821 2424 illu·

469 2455 628 2509 strarerat.
675 2447 734 2508 Est
757 2457 858 2508 autem
883 2449 947 2527 ejus
970 2448 1172 2509 consideratio
1197 2448 1326 2509 maxime
1351 2448 1524 2509 necessaria
1547 2456 1729 2512 astronomo.
1741 2444 1776 2523 ⁴)

548 2536 643 2615 Prop.
659 2535 780 2598 XXlIl.
818 2537 895 2598 Lux
918 2557 983 2617 per
1007 2537 1261 2599 substantiam
1287 2536 1532 2597 coloratorum
1556 2537 1821 2615 pellucidorunr

470 2625 696 2686 descendens
720 2643 936 2704 quacunque
965 2626 1201 2705 refringitur,
1227 2633 1263 2686 et
1286 2625 1433 2686 colores
1462 2624 1645 2689 illustrati
1669 2627 1823 2689 radiant

471 2714 496 2774 iu
519 2715 667 2792 plagam
691 2733 710 2773 a
735 2715 814 2774 luce
838 2714 1117 2789 orbiculariter,
1144 2715 1282 2775 lortius
1306 2722 1422 2773 tamen
1448 2712 1480 2775 in
1505 2714 1695 2778 directum.
1744 2714 1821 2779 Cum

471 2801 539 2863 enim
567 2805 618 2863 lux
642 2803 760 2864 colores
783 2821 836 2881 per
869 2804 1055 2864 soliditatem
1089 2803 1278 2864 substantiae
1311 2803 1469 2863 collustret
1492 2804 1563 2882 (per
1588 2801 1658 2879 lli),
1690 2823 1761 2885 ergo
1785 2823 1823 2866 ax

474 2892 546 2952 omni
572 2893 669 2952 latere
694 2891 862 2953 collustrat.
909 2893 954 2953 At
976 2892 1063 2953 simul
1086 2892 1211 2963 transit,
1244 2890 1315 2970 quia
1346 2891 1507 2969 pellucida.
1552 2892 1623 2954 Jam
1646 2912 1716 2955 vero
1741 2894 1823 2956 color

473 2990 513 3041 est
536 2980 612 3041 lucis
644 2979 826 3041 correlatum
850 2982 887 3040 ad
917 2981 1066 3041 actionem
1100 2988 1243 3041 mutuam.
1291 2981 1395 3058 ltaque
1430 2980 1580 3042 transiens
1609 2983 1724 3043 colores
1754 3001 1822 3044 sese

474 3068 634 3142 dilatando,
661 3088 680 3128 a
703 3068 876 3130 substantia
899 3070 1031 3131 colorum
1055 3069 1257 3140 contrahetur,
1284 3068 1362 3148 quod
1387 3076 1434 3129 est
1458 3069 1591 3150 refringi.
1630 3069 1721 3133 Color
1744 3071 1823 3132 enim

475 3155 514 3218 hic
538 3175 656 3237 quoque
681 3165 716 3218 ut
729 3157 811 3237 prius
832 3157 927 3219 induit
950 3168 1087 3219 naturam
1112 3157 1288 3237 superficiei.
1327 3158 1371 3217 At
1394 3156 1481 3217 simul
1502 3166 1533 3219 et
1557 3159 1681 3239 tingitur
1699 3178 1754 3239 per
1774 3155 1821 3223 16.

476 3242 629 3308 defractus
654 3245 746 3325 igitur
760 3245 861 3307 radius
885 3248 1014 3309 colorem
1031 3247 1123 3307 habet
1138 3247 1237 3319 medii,
1263 3247 1344 3308 color
1360 3245 1451 3324 igitur
1474 3246 1573 3310 radiat
1588 3256 1658 3328 post
1681 3248 1821 3310 medium.

477 3331 507 3394 Et
530 3336 597 3415 quia
624 3335 673 3415 qui
705 3334 801 3395 minus
832 3336 1005 3412 refringitur
1037 3336 1142 3397 fortior
1175 3344 1239 3409 est,
1272 3335 1370 3396 minus
1403 3353 1473 3395 vero
1508 3337 1679 3416 refringitur
1702 3338 1752 3418 qui
1776 3345 1824 3399 est

478 3422 580 3485 directo
604 3425 735 3502 propior,
761 3442 832 3503 ergo
856 3425 906 3504 qui
930 3433 1000 3485 sunt
1023 3425 1137 3485 directo
1163 3424 1325 3503 propiores,
1352 3423 1491 3486 fortiores
1515 3434 1595 3489 snut.
1642 3427 1708 3488 Hoc
1732 3426 1824 3506 igitur

480 3521 555 3587 pacto
581 3513 615 3574 lit
639 3513 689 3573 lux
714 3512 802 3573 medii
827 3514 952 3575 colorati
977 3514 1098 3593 propria
1122 3513 1208 3592 eique
1232 3512 1475 3574 communicatur.

555 3600 815 3663 Corollariuru.
872 3600 974 3663 Causa
1010 3594 1139 3662 dicenda
1172 3602 1244 3677 luit,
1283 3622 1336 3663 cur
1373 3621 1438 3662 cum
1473 3600 1526 3663 Sol
1560 3608 1660 3665 adrem
1693 3603 1823 3683 undique

482 3690 634 3768 aequaliter
659 3691 825 3763 collustret,
851 3692 977 3771 quilibet
996 3700 1096 3751 tamen
1121 3691 1282 3752 maximum
1301 3690 1415 3752 sentiat
1434 3689 1498 3767 ejus
1518 3691 1597 3752 11111
1622 3692 1821 3769 splendorem,
1919 3693 1922 3698 ’

483 3833 674 3846 *kib-...⁴-
682 3839 711 3844 -.-.
721 3839 751 3843 -.1
768 3838 784 3844 .-

555 3918 583 3988 *1
606 3923 746 3985 Quomodo
768 3924 873 3976 oriatur
894 3923 964 3977 haec
985 3932 1086 3993 quarta
1106 3923 1176 3977 lucis
1198 3925 1318 3993 species,
1349 3921 1547 3976 communicata
1569 3940 1682 3993 nempe,
1704 3922 1750 3976 ubi
1772 3922 1822 3978 lux

488 3996 542 4054 Solis
561 4022 598 4057 ex
620 4019 677 4056 una
697 4003 758 4057 sola
777 4005 868 4073 plaga
888 4005 1015 4057 allabens
1037 4004 1077 4057 ita
1102 4005 1133 4056 tit
1158 4003 1270 4074 propria
1298 4002 1493 4073 superficiebus
1522 4020 1570 4055 seu
1600 4002 1727 4058 laevibus
1749 4004 1822 4056 colu·

486 4082 606 4136 11111111
627 4083 743 4151 asperis,
767 4091 872 4137 utnon
894 4090 1001 4136 tantum
1023 4084 1215 4138 orbiculariter
1236 4092 1388 4154 spargatur
1410 4081 1481 4147 (cum
1509 4083 1676 4135 solummodo
1698 4082 1725 4137 in
1746 4082 1822 4160 latus

487 4161 574 4216 tSole
605 4179 732 4235 auersum
763 4163 859 4234 spargi
889 4164 1030 4227 debuerit,
1061 4164 1084 4216 si
1115 4164 1262 4218 mansisset
1288 4164 1406 4232 simplex
1437 4156 1628 4233 repercussa),
1659 4164 1707 4216 sed
1738 4163 1823 4217 etiam

487 4241 585 4296 colorem
616 4242 769 4312 superficiei
797 4259 865 4295 suae
896 4244 1009 4297 induat:
1042 4244 1123 4313 hujus
1153 4245 1263 4314 iuquam
1298 4251 1373 4296 ortus
1401 4242 1459 4296 dixi
1491 4244 1582 4295 nrodos
1610 4245 1693 4305 duos,
1724 4243 1823 4313 quibus

489 4323 560 4375 111111
586 4341 640 4393 quo
663 4329 746 4391 pacto
768 4323 831 4376 mihi
854 4341 906 4376 nou
927 4325 1012 4393 plane
1033 4324 1184 4378 satisfacio.
1225 4326 1306 4377 Alter
1328 4322 1414 4376 utitur
1443 4340 1620 4392 repercussu,
1648 4324 1822 4387 retractione,

489 4401 660 4465 pelluciditate
681 4420 731 4471 per
752 4403 843 4456 omnia
864 4419 979 4472 corpora
1006 4406 1204 4473 quadamtenus
1233 4412 1329 4466 eunte,
1353 4404 1545 4471 penetratione
1565 4402 1635 4456 lueis
1653 4402 1758 4457 Solaria
1778 4404 1823 4457 rel

489 4477 527 4533 diei
546 4483 571 4536 in
601 4483 751 4553 aliqualem
782 4483 1013 4552 profunditatem,
1044 4501 1115 4554 quae
1146 4484 1236 4538 omnia
1267 4486 1383 4538 noudum
1414 4483 1540 4536 videntur
1570 4484 1654 4551 plane
1685 4484 1821 4537 1111111611.

491 4560 552 4615 Alter
570 4564 636 4617 dicit
657 4563 763 4632 quidem
786 4562 897 4632 aliquid,
920 4566 967 4616 sed
989 4567 1094 4617 modum
1116 4584 1170 4618 nou
1191 4564 1301 4618 iudicat.
1344 4564 1456 4632 ltaque,
1478 4562 1519 4616 uti
1540 4571 1584 4615 est
1612 4562 1822 4624 occultaratio,

492 4646 602 4705 quomodo
623 4644 672 4696 lux
694 4649 724 4696 et
744 4645 877 4696 tenebrae
899 4644 1031 4698 materiae
1053 4645 1168 4698 vinculis
1190 4644 1308 4714 astringi
1330 4642 1448 4712 possint,
1472 4642 1513 4695 ita
1532 4642 1641 4696 videtur
1666 4641 1749 4695 etiarn
1772 4642 1823 4694 hoc

493 4718 619 4777 etiamnum
641 4725 835 4793 quaerendum,
859 4726 991 4794 quomodo
1013 4742 1031 4778 a
1051 4726 1112 4778 luce
1138 4724 1293 4778 adventitia
1313 4742 1328 4776 1
1349 4723 1468 4777 materia
1493 4739 1600 4787 rursum
1627 4721 1774 4776 eliciantur
1794 4728 1824 4775 et

494 4803 553 4864 quasi
565 4803 615 4857 fax
628 4805 662 4856 de
677 4803 737 4857 face
757 4803 953 4857 incendantur:
975 4806 1060 4858 fiatne
1075 4805 1100 4857 id
1124 4805 1263 4874 principiis
1284 4805 1419 4857 haetenus
1434 4804 1477 4855 vel
1499 4802 1628 4857 assumtis
1648 4802 1691 4854 vel
1713 4802 1822 4855 demon·

495 4882 578 4947 1111111,
600 4900 716 4937 unvero
738 4883 850 4955 iusuper
871 4884 955 4937 aliis?
976 4886 1036 4937 Hoc
1057 4886 1201 4954 problema
1221 4884 1318 4954 opticis
1333 4889 1362 4935 et
1383 4882 1554 4952 philosophis
1569 4888 1630 4935 esto
1644 4880 1823 4951 propositum.

495 4953 728 5018 ficonaiderabuut
749 4963 841 5026 etiam,
864 4980 899 5017 an
915 4981 986 5033 quae
1001 4964 1053 5017 hoc
1069 4972 1151 5033 pacto
1173 4965 1283 5019 radiosa
1303 4963 1516 5025 constituuntur,
1538 4980 1575 5015 111
1596 4977 1690 5015 eorum
1710 4977 1823 5015 numero

496 5031 571 5095 boen
598 5044 718 5113 possint,
749 5043 848 5113 quibus
878 5045 1010 5114 competit
1039 5061 1156 5098 summus
1187 5044 1332 5105 densitatis
1360 5044 1486 5114 gradus?
1515 5042 1586 5095 Nam
1612 5039 1696 5095 etiam
1720 5057 1823 5096 summe

497 5112 617 5176 lemurum
636 5123 728 5178 lucida
747 5120 771 5176 si
792 5122 895 5177 fuerint
914 5131 1019 5193 puncta
1039 5124 1159 5195 ringula,
1182 5141 1232 5194 pro
1253 5142 1284 5179 se
1304 5123 1429 5194 quodque
1450 5121 1542 5177 radiat
1562 5120 1762 5178 orbiculariter.
1802 5179 1804 5184 ,
