4584 6192
2045 587 2210 653 eaput
2243 587 2333 640 XI.
3423 584 3560 656 36?

829 760 992 822 Nam
1039 758 1334 821 tredecim
1396 759 1627 825 ultimis
1686 764 1931 828 minutis
1996 764 2285 846 temporis
2349 766 2619 829 decrevit
2677 766 2922 846 eclipsis
2967 785 3077 848 per
3128 760 3241 845 10],
3305 768 3564 849 digitos.-

834 866 977 927 ergo
1024 855 1165 910 octo
1230 847 1476 912 minutis
1541 852 1767 931 digitus
1833 855 2131 919 decrescit
2176 863 2282 916 aut
2327 857 2565 918 crescit.
2656 856 2873 935 Itaque
2923 856 2975 917 si
3023 856 3251 935 digitus
3299 876 3449 920 unus
3496 858 3557 920 in

831 938 1024 1017 primo
1086 945 1340 1018 aspectu
1408 940 1659 1019 defecit,
1731 942 1965 1006 duratio
2013 947 2082 1007 fit
2126 945 2183 1006 h.
2235 942 2297 1007 2.
2350 941 2477 1007 36’.
2572 942 2680 1006 Sin
2730 944 2852 1007 illic
2899 945 3113 1019 minus,
3182 945 3279 1007 hic
3325 964 3559 1028 quoque

835 1026 1030 1090 minus
1077 1028 1216 1089 erit.

1015 1114 1284 1196 Cumque
1335 1119 1563 1181 duobus
1613 1119 1848 1183 indiciis
1895 1121 2028 1183 finis
2078 1123 2353 1184 defectus
2402 1122 2587 1184 cadat
2632 1122 2691 1183 in
2740 1124 2947 1184 horam
3003 1120 3103 1183 12.
3154 1120 3284 1191 55’,
3333 1122 3558 1185 ablatis

840 1207 1025 1286 igitur
1071 1205 1132 1267 h.
1185 1205 1246 1269 2.
1291 1205 1418 1281 36’,
1470 1208 1704 1269 initium
1753 1212 1934 1271 cadet
1979 1211 2038 1271 in
2092 1209 2204 1274 10ιι
2256 1208 2357 1275 19¹
2406 1219 2512 1272 aut
2557 1212 2714 1289 plns.
2799 1212 2899 1272 An
2948 1210 3045 1273 hic
3092 1230 3326 1291 quoque
3375 1212 3557 1274 testi-

838 1296 1098 1357 monium
1162 1296 1516 1359 habebimus
1578 1299 1655 1359 ab
1718 1298 2183 1361 observatione?
2249 1300 2601 1362 Videamus.
2702 1298 2853 1361 Cum
2901 1300 2958 1359 in
3026 1300 3359 1380 quadrante
3423 1319 3559 1362 meo

839 1384 1140 1445 distantia
1187 1382 1353 1447 Solis
1401 1407 1439 1447 a
1485 1387 1710 1448 vertice
1771 1398 2124 1466 argueretur
2171 1385 2309 1460 59⁰,
2370 1390 2596 1450 nullum
2645 1389 2837 1450 adhuc
2887 1397 3020 1450 erat
3073 1387 3397 1467 vestigium
3445 1390 3557 1450 de-

840 1476 1057 1536 fectus.
1156 1471 1444 1536 Calculus
1493 1477 1694 1553 arguit
1739 1476 2029 1537 minutum
2079 1487 2361 1538 octavum
2409 1485 2549 1538 ante
2607 1478 2921 1539 decimam.
3016 1477 3166 1538 Inde
3214 1475 3323 1540 Sol
3370 1477 3557 1539 nubes

840 1562 1033 1624 subiit
1095 1570 1161 1624 et
1218 1582 1365 1624 sane
1435 1565 1713 1643 quamdiu
1780 1566 1988 1638 latuit,
2059 1568 2232 1645 quasi
2311 1562 2373 1644 'l²
2444 1566 2661 1641 horae;
2738 1566 2924 1628 donec
2992 1584 3301 1644 emergens
3365 1566 3556 1645 digito

842 1651 1099 1712 deficere
1168 1651 1490 1714 videretur.
1585 1654 1877 1714 Huennae
1943 1654 2174 1715 Daniae
2238 1676 2274 1715 a
2323 1655 2578 1735 quodam
2644 1655 2945 1736 Tychonis
3012 1655 3281 1715 studioso
3349 1653 3558 1716 eodem

841 1748 1112 1818 tempore
1161 1741 1690 1820 contemplationis
1736 1742 1913 1821 hujus
1951 1762 2138 1806 causa
2178 1744 2233 1805 in
2273 1745 2473 1804 insula
2519 1752 2799 1804 versante
2847 1743 3148 1819 proditum
3184 1751 3281 1803 est
3325 1742 3560 1805 initium

843 1830 903 1889 h.
961 1825 1065 1890 10.
1117 1825 1201 1901 3’,
1251 1829 1385 1890 finis
1433 1831 1492 1891 h.
1539 1828 1636 1892 12.
1669 1829 1796 1893 32’.
1873 1831 2131 1894 Duratio
2178 1833 2234 1894 h.
2287 1830 2348 1895 2.
2390 1829 2519 1895 29’.
2611 1832 2802 1911 Digiti
2849 1825 3000 1913 97³.
3084 1831 3275 1910 Atqui
3321 1840 3559 1910 tempus

841 1917 1084 1996 longius
1133 1935 1268 1979 esse
1317 1918 1518 1980 decuit
1565 1939 1742 1998 quam
1792 1918 2012 1983 Gratii.
2107 1922 2280 1982 Luna
2329 1922 2483 1982 enim
2531 1930 2599 1981 ut
2658 1921 3147 2000 septentrionalis
3192 1940 3303 2000 par
3350 1926 3444 1981 est
3487 1926 3559 1981 ut

844 2007 905 2068 in
952 2004 1062 2067 illa
1107 2006 1231 2085 poli
1279 2006 1641 2079 elevatione,
1691 2027 1840 2086 quae
1881 2007 1958 2073 9⁰
2004 2029 2196 2070 meam
2246 2018 2513 2089 superat,
2563 2007 2626 2071 5⁴
2665 2010 2722 2070 in
2763 2008 2927 2071 Solis
2966 2026 3181 2087 corpus
3228 2008 3557 2070 demersior

846 2095 1199 2174 apparuerit
1244 2095 1523 2176 viamque
1571 2097 1898 2157 confecerit
1934 2104 2106 2159 tanto
2158 2099 2485 2176 longiorem
2513 2117 2623 2177 per
2669 2116 2885 2176 corpus
2915 2096 3098 2158 Solis.
3170 2097 3328 2157 Vide
3376 2097 3560 2175 igitur

846 2182 1134 2244 fallacias
1180 2183 1347 2245 visus
1395 2203 1577 2264 supra
1610 2203 1684 2245 ex
1723 2186 1922 2263 capite
1953 2196 2149 2248 sexto.
2228 2187 2433 2267 Tycho
2465 2186 2612 2266 ipse,
2663 2193 2728 2247 ut
2756 2187 2834 2246 ad
2864 2186 3250 2246 Maestlinum
3297 2183 3559 2264 scripsit,

844 2272 1086 2333 initium
1144 2272 1596 2351 Wandesburgi
1657 2276 1733 2333 ad
1802 2276 2213 2354 Hamburgum
2274 2293 2383 2354 per
2443 2276 2709 2336 armillas
2777 2274 3126 2335 observavit
3182 2274 3240 2336 b.
3309 2268 3369 2336 9.
3430 2269 3558 2347 52¹,

845 2360 1004 2440 quod
1055 2370 1222 2423 esset
1265 2361 1556 2424 Huennae
1605 2361 1663 2423 h.
1723 2359 1818 2424 10.
1866 2358 2023 2445 4“[,’
2082 2364 2220 2443 quia
2265 2364 2505 2425 Hondio
2564 2363 3026 2425 meridianorum
3082 2360 3422 2424 differentia
3467 2368 3567 2423 est

848 2446 925 2513 3⁰
972 2446 1062 2512 8‘.
1159 2450 1426 2510 Medium
1485 2451 1669 2531 igitur
1714 2452 2004 2513 Huennae
2052 2454 2112 2515 h.
2169 2451 2267 2515 11.
2326 2448 2538 2531 17¹l2‘,
2590 2450 2792 2513 Gratii
2838 2452 2897 2512 h.
2954 2450 3054 2513 11.
3103 2447 3212 2513 37¹
3260 2458 3367 2512 aut
3410 2449 3566 2529 plue.

848 2536 1056 2608 Quare
1127 2538 1466 2601 differentia
1527 2539 1987 2602 meridianorum
2056 2541 2298 2602 circiter
2343 2538 2469 2613 20⁴,
2522 2559 2629 2602 seu
2678 2536 2791 2603 5⁰:
2860 2540 3155 2619 siquidem
3202 2538 3403 2600 omnia
3446 2537 3565 2600 rite

848 2634 1210 2688 constarent
1257 2646 1409 2708 quae
1458 2628 1732 2689 adhibita
1772 2637 1925 2689 sunt.
2002 2632 2131 2691 Nec
2164 2629 2388 2691 Hondii
2436 2630 2645 2690 tabula
2692 2629 2877 2690 multo
2926 2628 3121 2702 aliter,
3173 2626 3568 2690 differentiam

846 2715 1088 2777 scilicet
1135 2716 1595 2778 meridianorum
1642 2718 1805 2779 ultra
1851 2714 1929 2781 4⁰
1977 2720 2142 2780 facit.
2181 2714 2297 2791 ¹⁰¹)

1027 2804 1207 2866 Nunc
1257 2812 1319 2866 et
1363 2805 1673 2884 problema
1725 2805 1827 2869 17.
1886 2807 1998 2868 hoc
2066 2809 2339 2886 exemplo
2405 2806 2756 2879 declarabo,
2827 2813 2891 2866 et
2946 2822 3239 2884 quaenam
3284 2822 3360 2865 ex
3419 2802 3570 2865 meis

849 2893 1170 2971 ellipsibus
1215 2893 1514 2973 prodeant
1558 2894 1976 2957 inclinationes
2025 2898 2362 2957 ostendam.
2456 2895 2721 2956 Primum
2786 2894 3093 2972 exquiram
3147 2892 3570 2972 proportiones

851 2982 1281 3043 diametrorum
1350 2983 1507 3044 inter
1553 3002 1618 3044 se
1676 2984 1752 3045 ad
1820 2984 2171 3046 altitudines
2220 2985 2381 3046 Solis
2430 2981 2552 3046 37⁰
2597 2991 2659 3043 et
2706 2978 2846 3055 360,
2906 2982 3113 3061 quales
3171 2981 3334 3043 fuere
3390 2979 3570 3057 paulo

852 3079 994 3130 ante
1030 3078 1094 3131 et
1121 3081 1261 3149 post
1290 3071 1464 3132 finem
1496 3072 1812 3151 eclipseos,
1865 3091 1976 3151 quo
2009 3083 2279 3151 tempore
2320 3072 2567 3151 ellipses
2608 3072 2861 3149 signavi.
2942 3068 3092 3132 Cum
3121 3088 3261 3131 arcu
3292 3064 3413 3131 520
3440 3063 3568 3142 45’,

851 3155 975 3222 530
1004 3157 1092 3232 0¹,
1144 3155 1268 3221 53⁰
1302 3159 1424 3234 151,
1474 3162 1773 3240 prodeunt
1816 3162 2192 3241 tangentium
2241 3160 2618 3224 differentiae
2672 3157 2862 3232 1197,
2911 3156 3099 3230 1212,
3149 3176 3292 3237 ergo
3340 3155 3576 3235 longior

855 3248 1156 3309 diameter
1202 3245 1409 3325 2409,
1478 3250 1719 3312 brevior
1780 3269 1924 3313 vero
1977 3270 2087 3330 per
2146 3270 2321 3312 axem
2387 3249 2521 3311 coni
2583 3249 2765 3310 ducta
2831 3246 3261 3325 (multiplicato
3328 3251 3577 3308 secante

854 3333 979 3401 530
1009 3336 1069 3398 in
1100 3345 1450 3415 tangentem
1489 3337 1619 3412 15¹)
1659 3336 1848 3403 1450.
1922 3339 2187 3401 Rursum
2234 3359 2371 3401 cum
2419 3337 2673 3402 arcubus
2722 3332 2845 3402 530
2870 3332 2997 3411 45‘,
3030 3330 3154 3398 540
3178 3333 3262 3410 0¹,
3296 3328 3419 3398 54⁰
3454 3330 3578 3407 15⁴,

857 3426 1240 3487 differentiae
1289 3428 1667 3505 tangentium
1715 3428 2009 3507 prodeunt
2064 3426 2251 3503 1255,
2309 3425 2499 3501 1271,
2549 3444 2692 3506 ergo
2750 3426 2983 3506 longior
3040 3424 3334 3488 diameter
3380 3416 3577 3496 2526,

854 3513 1098 3575 brevior
1143 3533 1255 3594 per
1302 3534 1477 3576 axem
1528 3516 1660 3577 coni
1718 3512 1904 3591 1486,
1954 3518 2259 3597 proportio
2310 3536 2460 3596 quae
2516 3513 2596 3578 17
2647 3516 2724 3578 ad
2778 3512 2879 3588 10,
2926 3513 3090 3593 prior
3134 3515 3315 3594 paulo
3362 3512 3574 3574 minor.

853 3603 1173 3681 Proportio
1221 3604 1279 3665 in
1329 3605 1477 3666 meis
1526 3605 1987 3677 schematismiS‚
2036 3608 2145 3667 sed
2189 3605 2524 3667 rudissimis
2565 3612 2629 3665 et
2666 3602 3085 3684 rapidissime,
3137 3602 3340 3682 prodit
3388 3599 3578 3660 minor

850 3692 1105 3771 ideoque
1138 3692 1379 3767 vitiosa,
1412 3693 1488 3754 ob
1517 3713 1736 3756 causas
1765 3694 2138 3774 problemate
2167 3693 2266 3757 17.
2301 3696 2499 3757 dictas
2525 3714 2539 3754 :
2574 3701 2636 3754 et
2656 3693 2804 3754 haec
2835 3711 3021 3754 causa
3046 3699 3161 3765 est,
3195 3709 3298 3751 cur
3327 3689 3387 3750 in
3417 3689 3572 3749 hunc

857 3780 1096 3842 modum
1136 3800 1212 3842 ex
1256 3791 1582 3862 praecepto
1612 3783 1803 3863 probl.
1843 3782 1940 3847 17.
1992 3783 2407 3862 corrigendam
2456 3782 2801 3861 suscipiam.
2878 3779 3191 3840 Diameter
3225 3778 3410 3857 igitur
3439 3776 3577 3837 lon-

850 3870 982 3948 gior
1022 3869 1086 3931 in
1132 3871 1403 3933 secunda
1448 3890 1712 3933 mearum
1759 3872 2058 3950 ellipsium
2106 3872 2222 3934 fuit
2267 3874 2402 3953 plus
2453 3891 2630 3952 quam
2676 3870 2921 3948 duplum
2971 3868 3166 3946 hujus,
3218 3865 3410 3928 literis
3457 3862 3570 3924 AB

859 3976 1206 4037 expressae,
1240 3978 1425 4021 cornu
1453 3962 1706 4022 alterum
1743 3961 1799 4022 in
1841 3962 1956 4022 imo
2006 3962 2176 4042 apice
2205 3962 2283 4035 D,
2334 3961 2591 4023 alterum
2639 3959 2698 4022 in
2746 3960 2908 4020 linea
2938 3954 3054 4018 GL
3101 3950 3579 4035 perpendiculari

853 4048 928 4108 ad
973 4047 1112 4109 AB.
1205 4048 1423 4109 Divisa
1489 4069 1631 4130 ergo
1678 4051 1794 4111 BA
1851 4051 2046 4111 medio
2112 4049 2244 4111 loco
2291 4052 2353 4113 in
2400 4050 2483 4122 E,
2551 4049 2851 4111 scribatur
2908 4065 2983 4106 ex
3027 4045 3081 4105 E
3130 4043 3385 4105 circulus
3432 4038 3575 4114 BG,

855 4154 1027 4216 quem
1094 4144 1262 4199 secet
1308 4136 1427 4199 LG
1473 4138 1530 4199 in
1581 4137 1657 4201 G.
1754 4138 1835 4199 Et
1903 4139 2206 4201 bisecetur
2268 4157 2443 4201 arcus
2501 4135 2624 4199 DG
2681 4139 2836 4200 inter
2895 4153 3123 4196 cornua
3180 4132 3239 4194 in
3299 4132 3391 4208 H,
3459 4128 3578 4192 erit

850 4224 968 4286 DH
1015 4224 1345 4301 inclinatio,
1399 4246 1550 4307 quae
1589 4229 1718 4308 jam
1764 4229 1966 4307 prodit
2012 4226 2097 4291 22
2116 4221 2179 4309 Ἰ,
2206 4224 2248 4289 0.

1029 4311 1264 4385 Quodsi
1348 4316 1501 4378 scire
1581 4317 1930 4390 desideras,
2014 4316 2143 4396 quis
2215 4334 2359 4376 vere
2425 4315 2607 4377 fuerit

850 4404 1017 4466 locus
1086 4403 1335 4466 alterius
1395 4424 1612 4480 cornu,
1683 4413 1890 4467 centro
1946 4405 1999 4466 E
2061 4404 2453 4485 amplitudine
2497 4404 2604 4477 EI,

852 4501 1081 4573 quanta
1126 4500 1223 4554 est
1266 4493 1505 4556 brevior
1552 4494 1844 4555 diameter
1891 4495 1969 4556 ad
2015 4494 2361 4573 longiorem,
2412 4492 2607 4555 scribe

850 4581 1153 4643 circellum
1203 4582 1288 4643 IK
1337 4590 1398 4645 et
1444 4589 1731 4644 connecte
1769 4582 1843 4656 E,
1878 4580 1955 4652 G,
2006 4603 2158 4663 quae
2205 4581 2443 4644 secabit
2486 4581 2606 4644 cir-

851 4671 1067 4732 cellum
1114 4670 1174 4733 in
1221 4672 1269 4745 I,
1322 4691 1502 4751 quare
1551 4691 1657 4751 per
1694 4672 1721 4731 1
1768 4670 2101 4751 parallelon
2147 4672 2265 4752 ipsi
2292 4672 2409 4732 BA
2456 4690 2607 4751 agas
2722 4689 2754 4721 1·

857 4760 1077 4821 lineam
1126 4757 1227 4836 CI,
1278 4779 1430 4841 quae
1479 4758 1711 4823 secabi't
1759 4760 1976 4822 lineam
2026 4758 2142 4821 GL
2190 4761 2248 4822 in
2299 4757 2369 4821 C.
2445 4760 2607 4840 Ergo

853 4846 898 4911 C
932 4848 1049 4910 fuit
1086 4867 1270 4911 cornu
1318 4849 1591 4925 alterum,
1641 4849 1699 4910 D
1728 4868 1871 4911 vero
1918 4850 2228 4929 reliquum.
2307 4849 2380 4910 In
2426 4847 2610 4910 tertia
2730 4845 2750 4873 ’Ἰ

853 4937 1043 5018 ellipsi
1094 4956 1231 5000 mea
1289 4956 1471 5002 cornu
1517 4939 1714 5003 adhuc
1757 4946 1889 5001 erat
1927 4938 2096 5019 quasi
2143 4938 2304 5000 infra
2339 4937 2398 4997 iu
2438 4937 2607 5016 apice

855 5045 958 5087 seu
1003 5026 1230 5089 vertice
1281 5028 1582 5108 ellipseos‚
1630 5027 1940 5090 inclinatio
1983 5026 2328 5089 mechanice
2360 5021 2497 5100 20⁰,
2550 5026 2608 5086 in

853 5122 1068 5194 quarta
1110 5109 1269 5196 19¹l,
1294 5111 1335 5193 ⁰,
1383 5117 1444 5179 in
1484 5118 1694 5199 quinta
1739 5117 1933 5179 adhuc
1980 5116 2190 5192 minor,
2241 5116 2378 5178 dum
2427 5133 2609 5177 cornu
