4584 6192
1847 532 2044 582 Lxxxt
2068 562 2079 566 -
2120 532 2388 583 Lxxxm.
3341 534 3471 602 547

763 705 1024 768 visibile.
1092 706 1244 768 Dico
1274 708 1505 768 oculum
1540 708 1588 770 C
1622 712 1997 771 remotiorem
2045 711 2254 789 majori
2304 713 2522 791 angulo
2571 712 2837 792 indigere
2886 713 2963 775 ad
3011 713 3168 775 idem
3215 711 3471 787 visibile,

763 794 816 855 si
866 795 1044 856 suerit
1093 796 1490 875 longinquum,
1544 800 2179 877 comprehendendum.

938 884 1288 945 Educantnr
1336 886 1489 946 enim
1538 906 1610 946 ex
1658 887 1740 960 D,
1789 888 1842 947 E
1892 889 2134 949 refracti
2184 906 2368 966 usque
2418 887 2490 946 ad
2543 888 2776 950 visibile
2825 888 2962 964 DG,
3013 889 3145 950 ΕΗ.
3240 886 3473 959 Quodsi

766 991 838 1032 ex
889 970 938 1033 C
998 993 1110 1032 nou
1174 974 1383 1052 majori
1452 976 1669 1053 angulo
1740 977 2037 1037 videbitur
2089 977 2232 1037 illud
2295 975 2529 1036 visibile
2598 977 2837 1057 longin-

763 1081 976 1146 quum,
1046 1061 1324 1123 videatur
1389 1062 1569 1141 igitur
1631 1065 1901 1142 aequali,
1970 1073 2032 1124 et
2097 1065 2241 1143 ipsis
2299 1065 2443 1138 FD,
2503 1064 2606 1125 FE
2664 1086 2738 1127 ex
2787 1065 2835 1127 C
3031 1049 3136 1113 ¹²⁵8·
3179 1046 3259 1098 ¹⁵·

761 1151 1090 1228 parallelae
1159 1151 1214 1211 in
1285 1151 1652 1229 superficiem
1724 1154 2017 1214 ducantur
2067 1152 2211 1226 CA,
2264 1151 2397 1224 CB,
2451 1162 2514 1212 ut
2563 1152 2730 1216 ACB
2780 1162 2842 1215 et
3006 1125 3034 1157 ¹¹
3086 1129 3114 1202 *i
3283 1137 3403 1346 ῖῌ

758 1238 923 1299 DFE
972 1240 1096 1299 sint
1143 1241 1449 1317 aequales.
1531 1238 1679 1301 Cum
1720 1241 1901 1319 igitur
1932 1241 2063 1314 CA,
2107 1240 2211 1303 CB
2253 1242 2444 1319 magis
2484 1242 2842 1304 inclinentur
3018 1203 3022 1273 Ι
3102 1205 3114 1326 l

758 1346 941 1405 super
988 1328 1356 1404 superficiem
1406 1328 1516 1387 AB
1568 1350 1739 1407 quam
1789 1331 1916 1404 FD,
1966 1330 2098 1401 FE,
2147 1331 2339 1408 magis
2390 1330 2570 1407 igitur
2617 1331 2837 1392 refrin-

757 1426 977 1493 gentur
1036 1415 1176 1486 CA,
1226 1416 1330 1477 CB
1400 1436 1571 1495 quam
1639 1418 1776 1489 FD,
1826 1419 1946 1492 ΒΕ,
1998 1438 2105 1497 per
2152 1419 2229 1479 X.
2328 1416 2528 1487 Quare
2595 1419 2840 1481 refracti

764 1503 1025 1581 ipsorum
1079 1503 1209 1577 CA,
1264 1503 1368 1565 CB
1421 1507 1511 1577 (et
1559 1517 1804 1585 propter
1871 1507 1980 1566 hoc
2029 1516 2093 1567 et
2152 1526 2258 1585 per
2305 1506 2642 1580 XXXIV.)
2691 1527 2838 1568 con·
3034 1558 3038 1602 l
3126 1531 3130 1580 ι
3271 1561 3275 1575 Α
3335 1545 3343 1615 Ι,

756 1604 1001 1653 current
1048 1613 1177 1654 cum
1228 1594 1506 1654 refractis
1556 1596 1818 1672 ipsorum
1857 1596 1985 1667 FD,
2018 1595 2140 1666 ΓΕ,
2192 1596 2480 1655 alternis:
2534 1595 2670 1673 quia
2702 1593 2832 1662 CA,
3235 1554 3271 1717 ll
3331 1618 3335 1646 ι

756 1681 866 1740 FD
914 1681 1207 1758 paralleli,
1261 1693 1325 1741 ut
1373 1691 1434 1742 et
1484 1680 1607 1754 CB,
1658 1683 1784 1745 ΓΕ.
1882 1682 2283 1757 Concurrant,
2337 1692 2400 1743 et
2447 1684 2565 1743 sint
2613 1692 2836 1763 puncta
2922 1637 3463 1829 lessffiftfl‘s

756 1788 1150 1829 concursuuru
1201 1769 1276 1844 G,
1319 1771 1392 1832 II.
1471 1772 1552 1830 Et
1600 1772 1861 1849 ipsorum
1906 1771 2035 1844 CA,
2090 1771 2194 1834 CB
2245 1772 2488 1833 refracti
2538 1773 2661 1832 sint
2690 1769 2834 1841 AG,
3066 1778 3166 1859 Ἀ,
3199 1785 3291 1861 'ff

754 1857 889 1918 ΒΗ.
987 1856 1134 1920 Cum
1187 1859 1367 1937 igitur
1414 1860 1676 1938 positum
1716 1860 1813 1933 sit,
1865 1861 2100 1921 visibile
2149 1860 2336 1920 videri
2388 1861 2604 1938 angulo
2645 1858 2830 1930 ACB,
3126 1861 3247 1949 ζ-

756 1945 1062 2007 videbitur
1111 1954 1172 2006 et
1229 1949 1766 2026 comprehendetur
1826 1949 2107 2009 refractis
2157 1948 2293 2020 AG,
2347 1950 2478 2009 1311.
2575 1949 2837 2008 Videtur
3162 1961 3187 2005 r

756 2053 898 2094 vero
948 2043 1010 2095 et
1048 2036 1601 2118 comprehenditur
1661 2037 1842 2097 etiam
1910 2038 2185 2098 refractis
2247 2035 2385 2111 DG,
2445 2036 2576 2098 En.
2670 2037 2832 2114 Ergo
3162 2013 3191 2049 Π

757 2122 1012 2183 visibilis
1079 2124 1317 2184 termini
1385 2126 1724 2186 necessario
1793 2138 1966 2187 erunt
2016 2126 2092 2200 G,
2140 2127 2218 2186 H.
2317 2126 2397 2186 Et
2456 2126 2543 2185 sic
2610 2125 2841 2185 visibile
2904 2140 3017 2181 uon
3088 2121 3468 2201 longinquum

755 2211 875 2271 erit
923 2213 1029 2271 sed
1076 2214 1509 2291 propinquum;
1571 2215 1724 2291 quod
1776 2224 1871 2274 est
1918 2224 2129 2275 contra
2178 2222 2468 2274 assumta.
2563 2214 2698 2274 Non
2748 2210 2978 2272 videbit
3034 2210 3215 2287 igitur
3262 2210 3468 2272 oculus

753 2300 812 2359 in
864 2298 913 2361 C
963 2300 1197 2361 visibile
1260 2302 1370 2361 hoc
1439 2301 1622 2362 radiis
1674 2301 1804 2376 CA,
1861 2300 1963 2363 CB
2014 2314 2077 2364 et
2123 2304 2343 2381 angulo
2392 2300 2561 2363 ACB
2624 2300 2862 2380 aequali
2928 2299 3041 2378 ipsi
3099 2298 3297 2372 DFE,
3362 2300 3467 2361 sed

754 2389 929 2450 lineis
997 2390 1428 2464 exterioribuS,
1497 2399 1645 2468 puta
1695 2388 1793 2463 CI,
1848 2390 1955 2453 CK
2018 2399 2082 2451 et
2141 2392 2357 2469 angulo
2408 2389 2589 2459 ICK.
2658 2388 2871 2468 majori
2921 2406 3097 2467 quam
3156 2385 3323 2448 ACB
3371 2389 3469 2449 v‘el

750 2477 955 2537 DFE:
1006 2488 1073 2537 ut
1121 2478 1381 2556 ipsorum
1432 2478 1535 2550 Cl,
1579 2478 1687 2540 CK
1738 2481 1979 2540 refracti
2031 2481 2135 2552 IL,
2166 2481 2291 2540 ΚΜ
2343 2480 2765 2558 propemodum
2813 2475 3088 2557 paralleli
3139 2476 3287 2554 ipsis
3324 2475 3464 2552 DG,

749 2564 867 2625 ΕΗ
916 2584 1229 2626 excurrere
1289 2569 1523 2645 possint
1574 2569 1649 2627 ad
1699 2568 2285 2647 comprehensionem
2343 2577 2694 2646 punctorum
2753 2574 3151 2627 extremorum
3211 2565 3468 2628 visibilis

752 2654 1077 2731 longinqui.

930 2743 1287 2804 LXXXIII.
1384 2745 1836 2822 Propositio.
1933 2743 2158 2805 Oculus
2219 2746 2473 2805 eandem
2531 2763 2654 2804 rem
2720 2742 3016 2804 visibilem
3086 2742 3468 2822 longinquam

750 2831 1140 2909 conspicatus
1188 2851 1294 2908 per
1342 2833 1489 2893 duas
1540 2835 1735 2904 lentes
1783 2853 2083 2893 convexas
2134 2834 2404 2911 singulas
2466 2832 2756 2893 seorsim:
2818 2830 3113 2910 siquidem
3162 2830 3467 2912 utriusque

750 2919 1045 2979 distantia
1075 2920 1149 2978 ab
1183 2922 1352 2980 oculo
1386 2922 1566 2981 fuerit
1608 2922 1661 2981 in
1695 2923 1901 2981 eadem
1943 2922 2329 2999 proportione
2361 2922 2434 2981 ad
2477 2939 2621 2981 snae
2652 2918 3060 2981 convexitatis
3092 2919 3466 2995 diametrum,

747 3027 845 3067 res
897 3007 1148 3067 visibilis
1198 3028 1304 3085 per
1352 3019 1660 3088 utramque
1712 3010 1929 3069 lentem
1971 3010 2222 3070 seorsim
2272 3010 2573 3070 videbitur
2614 3008 2823 3068 eadem
2875 3008 3325 3086 magnitudine:
3375 3010 3465 3071 sin

745 3096 983 3156 variata
1027 3096 1140 3156 erit
1187 3099 1513 3175 proportio,
1567 3100 1852 3178 majorem
1895 3098 2124 3159 videbit
2153 3118 2274 3157 rem
2309 3118 2415 3177 per
2447 3099 2666 3158 lentem
2717 3096 2902 3168 illam,
2954 3096 3124 3175 cujus
3174 3097 3468 3159 distantia

748 3184 806 3244 in
856 3184 1241 3264 proportione
1295 3186 1472 3246 fuerit
1519 3188 1728 3265 major.

927 3272 1025 3334 Sit
1091 3275 1295 3334 oculus
1363 3273 1447 3348 O,
1510 3273 1618 3344 PQ
1686 3276 1812 3335 lens
1875 3292 2129 3352 magna,
2195 3282 2402 3333 centro
2464 3273 2520 3333 R
2588 3273 2911 3350 descripta.
3009 3271 3464 3336 Connectantur

742 3368 973 3441 puncta
1019 3362 1087 3435 Ρ,
1139 3360 1196 3431 Q
1261 3381 1391 3423 cnm
1444 3363 1526 3436 O,
1592 3374 1655 3424 et
1703 3363 1756 3423 in
1809 3363 2045 3442 punctis
2110 3363 2319 3423 harum
2387 3361 2675 3423 linearum
2741 3361 2823 3422 sit

744 3449 936 3510 minor
984 3450 1110 3509 lens
1159 3449 1277 3522 ST,
1347 3472 1494 3530 quae
1563 3453 1794 3512 eductis
1851 3471 1959 3530 per
2006 3450 2070 3525 S,
2122 3451 2173 3510 T
2219 3457 2445 3530 puncta
2510 3450 2820 3528 parallelis
3014 3431 3120 3496 Fiss‘
3163 3428 3243 3480 ¹⁶·

744 3538 896 3616 ipsis
945 3539 1072 3610 PR,
1109 3538 1244 3611 QR,
1297 3560 1447 3618 quae
1498 3542 1621 3600 sint
1670 3540 1799 3615 SV,
1847 3541 1976 3613 TV,
2030 3560 2104 3600 ex
2151 3549 2376 3618 puncto
2430 3559 2634 3607 eorum
2684 3557 2831 3597 con·
2900 3575 2982 3611 w
3326 3585 3402 3619 ,x

740 3645 955 3688 cursus
988 3628 1047 3685 V
1079 3628 1479 3690 describatur.
1558 3630 1641 3689 Et
1686 3629 2048 3706 refringatur
2080 3626 2206 3702 ΟΡ,
2243 3626 2379 3701 OQ,
2421 3627 2478 3687 in
2509 3627 2662 3698 PW,
2692 3624 2829 3695 QX.
2930 3612 2996 3742 Ὀ
3305 3623 3373 3742 ss

926 3714 1074 3778 Cum
1126 3717 1307 3794 igitur
1339 3718 1396 3776 V
1403 3716 1446 3777 S
1490 3726 1552 3777 et
1580 3718 1688 3777 RP
1730 3718 1852 3776 sint
1899 3718 2250 3794 parallelae,
2295 3716 2381 3776 sic
2427 3724 2488 3775 et
2517 3715 2646 3787 VT,
2680 3712 2831 3783 RQ:
2957 3691 3018 3818 Nx
3274 3743 3334 3842 ss

743 3804 1080 3864 incidentes
1133 3807 1188 3864 in
1239 3826 1344 3865 eas
1397 3819 1598 3865 rectae
1643 3805 1768 3878 ΟΡ,
1803 3804 1920 3874 OQ
1972 3806 2196 3866 facient
2244 3804 2530 3883 aequales
2582 3803 2832 3881 angulos

742 3891 916 3953 OPR
964 3902 1028 3953 et
1075 3891 1261 3965 OSX,
1316 3894 1405 3953 sic
1456 3893 1635 3963 OQR
1685 3905 1747 3954 et
1797 3893 1986 3954 OTV.
2066 3893 2187 3954 Sed
2240 3903 2303 3953 et
2349 3891 2513 3952 VTS
2563 3900 2624 3950 ct
2661 3888 2833 3960 RQP

741 3991 887 4041 sunt
927 3982 1229 4060 aequaleS,
1285 3982 1498 4061 quippe
1546 3984 1700 4043 inter
1743 3984 1935 4042 lentes
1969 3991 2031 4042 et
2061 4001 2263 4041 earum
2316 3980 2827 4041 semidiametros:

741 4088 928 4148 quare
980 4080 1040 4129 et
1099 4068 1257 4130 OTS
1316 4081 1377 4130 et
1436 4069 1625 4144 OQP,
1688 4071 1901 4150 quippe
1952 4071 2174 4131 ablatis
2224 4069 2595 4148 aequalibus,
2659 4078 2832 4128 erunt

738 4159 1049 4235 aequales.
1146 4159 1504 4236 Aequaliter
1575 4160 1758 4237 igitur
1809 4158 1919 4220 OT
1981 4178 2162 4237 super
2212 4157 2311 4219 TS
2372 4169 2433 4218 et
2481 4155 2598 4227 OQ
2655 4175 2830 4235 super

739 4244 855 4316 QP
922 4247 1083 4306 lente
1160 4247 1547 4308 inclinantur.
1659 4246 1861 4316 Quare
1931 4257 1989 4308 et
2066 4246 2461 4308 refractiones
2536 4246 2828 4323 utrimque

738 4344 916 4395 erunt
974 4336 1282 4414 aequales,
1380 4336 1659 4396 Refracti
1729 4335 1911 4413 igitur
1960 4356 2033 4395 ex
2081 4335 2154 4408 S,
2208 4336 2257 4394 T
2313 4334 2589 4412 paralleli
2658 4341 2830 4393 erunt

740 4422 890 4502 ipsis
938 4421 1099 4496 PW,
1152 4421 1300 4493 QX,
1367 4426 1488 4484 sint
1536 4424 1668 4496 SY,
1723 4425 1844 4485 TZ.
1938 4425 2022 4484 Et
2088 4443 2218 4484 cum
2278 4423 2402 4483 sint
2461 4422 2813 4500 parallelae,

740 4511 997 4572 eandem
1047 4511 1231 4590 igitur
1279 4513 1356 4572 ad
1405 4531 1643 4573 sensum
1703 4513 2210 4591 comprehendent
2260 4531 2380 4571 rem
2433 4510 2747 4584 visibilem,
2796 4529 2903 4588 per
2938 4511 3178 4574 XXIII.
3232 4520 3295 4571 et
3342 4509 3452 4573 sub

739 4600 955 4661 eodem
1023 4600 1240 4677 angulo
1290 4599 1461 4671 POQ
1516 4602 1608 4661 vel
1670 4599 1868 4662 SOT:
1940 4620 2121 4680 qnare
2171 4602 2380 4660 eadem
2442 4598 2848 4677 magnitudine
2915 4600 3274 4674 censebitur,
3344 4617 3452 4677 per

737 4688 975 4750 LXVI.
1068 4687 1188 4748 Est
1235 4698 1432 4750 autem
1484 4690 1664 4750 etiam
1717 4699 1780 4749 ut
1827 4689 1935 4750 VS
1985 4688 2430 4750 semidiameter
2478 4687 2654 4747 lentis
2685 4685 2784 4746 ST
2832 4687 2907 4747 ad
2938 4686 3044 4749 SO
3094 4688 3447 4749 distantiam

734 4779 868 4859 ejus
916 4777 994 4838 ab
1042 4777 1245 4852 oculo,
1311 4777 1398 4838 sic
1448 4778 1554 4838 PR
1602 4778 2046 4838 semidiameter
2110 4777 2288 4837 lentis
2339 4775 2449 4845 PQ
2496 4776 2572 4835 ad
2619 4772 2727 4835 ΡΟ
2778 4774 3129 4839 distantiam
3188 4776 3320 4856 ejus
3368 4776 3445 4838 ab

736 4866 909 4928 oculo
960 4874 1023 4927 et
1068 4866 1473 4945 permutatim.
1549 4868 1734 4927 Patet
1781 4866 1962 4945 igitur
2010 4865 2171 4945 prior
2216 4884 2358 4944 pars
2407 4864 2850 4942 propositionis.
2926 4865 3069 4926 Jam
3107 4865 3180 4926 de
3229 4865 3445 4927 altera.

915 4955 1070 5015 Dico
1113 4955 1255 5034 jam,
1307 4954 1357 5015 si
1407 4954 1528 5015 alia
1575 4955 1657 5015 sit
1702 4953 2006 5033 proportio
2057 4953 2508 5025 distantiarum,
2559 4952 2681 5012 alia
2726 4953 3336 5027 semidiametrorum,
3383 4959 3450 5016 ut

733 5044 785 5103 si
838 5065 876 5104 a
923 5043 1086 5104 lente
1134 5041 1235 5103 ST
1291 5043 1478 5104 distet
1544 5043 1749 5103 oculus
1798 5040 1851 5102 O
1902 5042 2218 5102 intervallo
2268 5038 2400 5114 SO,
2454 5061 2491 5100 a
2538 5041 2700 5101 lente
2767 5060 2906 5101 vero
2956 5039 3066 5112 PQ
3132 5041 3339 5104 oculus
3389 5039 3453 5102 V

2898 5142 3019 5195 35*
