4584 6192
995 558 1182 624 cecus-
1701 558 1764 627 aar

410 734 548 790 tudinis
567 735 776 806 parallaxis
806 736 939 806 duplici
969 738 1161 808 marginali
1190 739 1358 810 ingressu
1387 740 1656 810 excerpiturin
1681 742 1768 795 hunc

409 816 548 869 modum.
575 815 766 885 Primoper
786 816 1016 871 altitudinem
1029 819 1254 889 nonagesimi
1275 819 1686 889 ingredereamargine,
1707 836 1769 890 per

409 893 586 949 maximam
607 895 799 950 horizontis
822 896 1025 965 parallaxin
1046 913 1064 950 a
1084 897 1211 963 fronte,
1242 914 1326 952 area
1355 900 1505 952 exhibet
1535 900 1767 970 longitudinis

408 974 616 1043 parallaxin
643 976 837 1030 maximam:
867 975 987 1029 deinde
1008 977 1177 1045 perhanc
1202 995 1335 1033 rursum
1356 996 1374 1032 a
1394 980 1523 1041 fronte,
1550 996 1609 1047 per
1629 982 1767 1034 distan-

407 1052 486 1108 tiam
514 1071 595 1108 vero
625 1054 802 1110 risibilem
829 1054 957 1108 sideris
979 1072 997 1109 a
1016 1059 1127 1128 gradu
1158 1060 1389 1131 nonagesimo
1419 1059 1610 1130 ingredere
1637 1076 1655 1112 a
1683 1076 1767 1115 mar·

406 1132 501 1204 gine,
530 1150 619 1188 area
645 1135 800 1191 exbibet
826 1134 986 1189 debitam
1014 1137 1260 1207 longitudinis
1291 1139 1500 1207 parallaxin
1522 1139 1573 1191 tui
1602 1138 1766 1193 momenti.

409 1214 454 1267 lta
466 1213 544 1267 rides
559 1213 643 1284 hujus
656 1231 736 1269 meae
750 1215 866 1271 tabulae
880 1221 960 1269 usum
979 1216 1150 1285 potissimum
1165 1236 1235 1282 esse,
1257 1235 1318 1271 cum
1332 1219 1406 1271 visus
1419 1220 1517 1273 Lunae
1532 1219 1608 1271 locus
1624 1238 1661 1272 ex
1676 1219 1768 1273 obser·

407 1293 518 1349 ratione
540 1295 735 1366 cognoscitur:
756 1293 932 1368 Tychonicae
945 1313 1011 1350 roro
1026 1302 1099 1360 tunc,
1122 1316 1183 1351 cum
1203 1315 1284 1351 verus
1302 1299 1399 1351 Lunae
1420 1299 1496 1352 locus
1518 1299 1640 1352 habetur
1653 1316 1690 1352 ex
1711 1298 1768 1353 cal·

407 1374 475 1427 eulo.
505 1374 607 1428 Potest
619 1382 712 1430 tamen
727 1394 764 1430 ex
779 1378 869 1430 altero
885 1376 958 1429 alter
972 1375 1070 1430 haberi
1085 1394 1166 1448 quam
1184 1378 1318 1448 proxime,
1335 1379 1430 1431 addita
1443 1380 1489 1431 rel
1504 1380 1603 1431 ablata
1616 1378 1768 1448 parallaxi,

405 1452 520 1523 primum
534 1456 655 1509 orassirm
670 1464 806 1526 excerpta
819 1457 854 1509 ad
868 1455 1104 1525 propinquitatem
1118 1459 1219 1513 dimidii
1230 1458 1360 1527 scrupuli,
1376 1458 1491 1528 indeque
1507 1476 1557 1526 per
1572 1460 1661 1512 locum
1675 1465 1766 1513 trans·

408 1533 554 1589 formatum
583 1536 698 1605 excerpi
724 1536 881 1607 justissima
908 1536 1066 1604 parallaxis
1104 1557 1140 1592 ex
1163 1539 1298 1592 utralibet
1328 1539 1434 1591 tabula.
1478 1540 1566 1599 Quam
1598 1556 1695 1607 pamm
1717 1540 1769 1592 boo

406 1622 558 1684 praecepto
587 1624 732 1686 peccetur,
764 1615 874 1671 etiamsi
896 1616 977 1669 Luna
1007 1617 1182 1672 latitudinem
1212 1619 1354 1683 obtineat,
1386 1626 1414 1672 et
1435 1620 1567 1688 quomodo
1598 1620 1768 1681 medendum,

407 1696 594 1767 quomodoque
614 1696 686 1750 idem
700 1699 736 1751 ad
756 1700 935 1769 aequatorem
949 1702 979 1748 et
993 1696 1108 1751 circulos
1130 1699 1352 1761 declinationum,
1374 1700 1457 1752 etsie
1472 1700 1505 1752 ad
1528 1705 1628 1751 motum
1650 1698 1766 1767 primum

407 1777 671 1841 accommodandum,
693 1777 810 1849 indeque
832 1791 903 1846 quae
925 1783 1075 1831 nascantur
1095 1780 1273 1848 problemata
1294 1782 1468 1848 quaerendae
1490 1777 1644 1832 altitudinis
1660 1780 1764 1831 coeles-

406 1852 471 1907 tium
493 1870 512 1908 a
532 1856 628 1921 Terra,
660 1856 739 1911 nimis
767 1857 812 1911 hic
839 1855 978 1924 prolixum
1004 1864 1080 1910 esset
1108 1861 1235 1921 tradere,
1264 1859 1371 1929 cogitet
1397 1859 1456 1928 ipse
1486 1859 1582 1913 lector.
1624 1856 1765 1927 Expedire

406 1941 497 1987 autem
518 1941 588 2005 puto
609 1936 709 1990 futuris
730 1937 841 2003 usibus,
864 1942 896 1988 ut
916 1935 1057 2001 columna,
1081 1955 1151 2008 quae
1172 1939 1260 1993 habet
1281 1939 1308 1991 in
1329 1938 1420 1992 fronte
1449 1939 1650 1993 horizontalem
1671 1937 1766 2007 paral·

406 2013 483 2068 laxin
505 2015 544 2070 60
565 2015 742 2082 minutorum,
764 2018 846 2073 minio
868 2021 990 2071 notetur.

448 2142 482 2209 5.
520 2146 575 2209 De
598 2150 789 2228 parallaxi
814 2152 857 2214 ob
885 2154 1113 2218 distantiam
1137 2151 1238 2214 Solis
1262 2158 1298 2211 et
1321 2150 1474 2224 Terrae,
1507 2168 1569 2210 seu
1598 2168 1723 2209 annua.

494 2271 542 2333 At
563 2289 601 2332 ne
626 2272 670 2334 sic
701 2272 819 2352 quidem
853 2278 946 2341 desiit
978 2278 1220 2359 sapientissimus
1253 2273 1353 2337 mundi
1378 2273 1573 2335 Architectus
1603 2274 1767 2336 humanum

406 2378 500 2442 genus
524 2360 653 2423 erudire.
700 2360 960 2432 Quemadmodum
994 2368 1090 2441 enim,
1124 2383 1190 2427 curn
1219 2384 1277 2426 nou
1302 2362 1455 2423 sufficeret
1486 2361 1594 2423 bomini
1620 2362 1769 2425 distantia

408 2449 561 2512 oculorum
584 2450 623 2510 ad
647 2456 888 2530 cognoscendam
912 2475 1014 2519 veram
1039 2454 1217 2517 distantiam
1234 2454 1339 2515 Lunae
1364 2472 1382 2511 a
1405 2452 1499 2512 Terra
1522 2452 1613 2531 (quae
1637 2451 1768 2514 infimum

409 2539 491 2600 sidus
516 2540 599 2612 est),
630 2557 802 2603 succurrere
826 2543 931 2606 debuit
954 2545 1083 2606 exilitati
1107 2544 1190 2605 visus
1214 2543 1294 2603 orbis
1318 2542 1478 2602 Terrarum
1503 2540 1688 2619 amplitudo,
1711 2539 1766 2618 ita,

410 2646 477 2690 cunr
501 2628 594 2689 etiam
618 2626 667 2689 hic
690 2629 849 2694 abscessus
875 2635 1044 2712 superficiei
1063 2632 1194 2694 Telluris
1218 2652 1237 2692 a
1260 2649 1313 2691 suo
1338 2634 1441 2690 centro
1465 2638 1660 2690 evanesceret
1683 2647 1766 2691 com-

406 2723 532 2796 paratus
559 2716 599 2777 ad
622 2715 827 2781 incredibilem
856 2722 1040 2801 superiorum
1075 2724 1265 2802 planetarum
1297 2717 1504 2791 altitudinem,
1538 2718 1627 2778 uehi
1654 2735 1769 2799 quoquc

408 2805 522 2867 frustra
539 2812 572 2866 et
593 2804 781 2868 inobservati
799 2826 854 2888 per
877 2809 1021 2873 ambitum
1045 2811 1195 2871 coelorum
1219 2807 1443 2888 spatiarentur,
1469 2806 1537 2886 quin
1556 2807 1657 2885 potius
1676 2807 1769 2868 etiam

406 2893 444 2955 ad
471 2892 529 2955 bos
548 2911 633 2955 mens
654 2894 784 2957 bumana
804 2900 1005 2977 pervaderet:
1031 2900 1113 2960 aliud
1133 2899 1285 2977 multoque
1309 2896 1437 2974 amplius
1455 2895 1650 2973 parallaxeou
1675 2913 1770 2975 genos

405 2981 495 3043 Deus
528 2991 577 3043 est
609 2982 848 3059 architectatum
882 2987 907 3048 si
940 2988 1018 3049 forte
1052 2988 1170 3049 futurus
1203 2993 1287 3047 esset
1318 2984 1397 3045 iuter
1428 2983 1584 3058 homiues,
1616 2984 1665 3063 qui
1692 2985 1769 3046 hanc

407 3072 567 3144 rationem,
593 3071 741 3134 inoffensa
754 3074 870 3153 pietate
891 3076 1060 3155 omissaque
1076 3094 1197 3155 operum
1217 3092 1337 3136 suorum
1352 3071 1511 3145 calumnia,
1531 3072 1615 3151 sequi
1634 3079 1766 3150 cuperet.

405 3158 481 3221 Eam
505 3157 691 3240 Oopemions
725 3170 757 3223 et
788 3163 977 3227 Reinboldns
1009 3166 1039 3226 in
1070 3163 1242 3226 Prutenieis
1274 3160 1492 3241 parallaxin
1522 3160 1624 3222 orbis
1657 3161 1770 3222 annui

412 3248 585 3329 appellant;
615 3250 751 3329 quamvis
781 3270 848 3313 eam
878 3254 1026 3314 rationem
1050 3254 1152 3335 Tyebo
1183 3251 1321 3313 Brabeus
1346 3270 1365 3311 a
1387 3249 1555 3310 mobilitate
1578 3250 1706 3311 Telluris
1730 3248 1770 3312 ad

407 3336 485 3400 Solis
515 3337 717 3400 mobilitatem
746 3339 792 3401 ita
823 3341 1011 3417 traduxerit,
1042 3350 1081 3403 ut
1109 3340 1183 3403 nihil
1213 3340 1326 3401 babeat
1360 3338 1493 3418 opticus,
1527 3356 1585 3418 quo
1612 3339 1661 3399 vel
1691 3339 1770 3401 bano

407 3427 452 3488 vel
485 3426 569 3488 illam
605 3428 752 3489 rationem
789 3430 890 3508 eligat
951 3431 1118 3509 Utramque
1154 3428 1333 3500 declarabo,
1372 3447 1391 3487 a
1424 3425 1634 3506 Gopernicana
1671 3446 1767 3491 orsus.

408 3513 454 3577 Sit
491 3532 564 3595 0r80
593 3514 624 3575 Α
648 3521 800 3590 (Fls-1⁰2)
824 3536 933 3597 corpus
963 3517 1065 3588 Solis,
1104 3526 1238 3580 centmm
1276 3534 1431 3578 commuue
1464 3514 1517 3577 BC
1552 3516 1632 3577 orbis
1668 3516 1768 3590 annui,

407 3603 454 3684 qni
477 3603 604 3665 Terram
635 3604 733 3679 vehit,
764 3611 796 3665 et
819 3606 874 3667 DF
904 3607 1053 3685 sphaerae
1085 3608 1225 3679 fixarum,
1258 3614 1290 3666 et
1317 3606 1359 3665 sit
1386 3604 1539 3681 proportio
1565 3604 1623 3665 BA
1646 3605 1683 3665 ad
1708 3604 1767 3665 AD

406 3691 599 3755 insensibilis.
656 3691 749 3754 Sidus
780 3712 853 3755 vero
887 3695 929 3755 sit
957 3696 987 3757 in
1013 3695 1057 3770 G,
1092 3705 1124 3757 et
1157 3695 1311 3774 proportio
1342 3692 1399 3753 BA
1432 3691 1470 3751 ad
1503 3689 1564 3751 AG
1605 3691 1766 3755 sensibilis.

407 3781 503 3843 Terra
525 3798 598 3859 ergo
621 3780 651 3842 in
676 3779 702 3843 O
726 3782 907 3857 constituta,
939 3784 1036 3845 medio
1063 3784 1127 3845 loco
1151 3783 1231 3844 inter
1253 3784 1282 3843 A
1306 3779 1409 3841 Solem
1433 3777 1517 3840 etG
1547 3780 1646 3854 sidus,
1681 3780 1768 3841 coin·

408 3869 486 3930 ridet
510 3868 593 3930 linea
614 3866 678 3932 AG
701 3876 733 3932 et
756 3868 823 3944 OG,
850 3880 881 3931 et
903 3873 1082 3934 continuata
1110 3880 1252 3951 utraque,
1281 3867 1489 3963 pervenietin
1514 3887 1603 3929 unum
1625 3876 1769 3948 punctum

407 3954 538 4019 Einter
560 3957 648 4018 fixas.
696 3956 769 4019 Sive
793 3978 865 4039 ergo
889 3960 920 4022 in
942 3961 973 4022 A
997 3959 1084 4035 Sole,
1108 3961 1173 4022 sive
1197 3960 1226 4019 iu
1253 3957 1277 4020 C
1302 3958 1398 4018 Terra
1425 3957 1627 4019 constituatur
1653 3958 1767 4032 oculus,

407 4045 489 4107 sidus
513 4044 620 4107 eodem
647 4045 702 4107 sub
725 4046 792 4107 fixis
817 4047 882 4109 loco
906 4048 1068 4110 videbitur.
1104 4049 1163 4109 Hic
1183 4066 1264 4127 ergo,
1289 4045 1407 4107 scilieet
1424 4044 1453 4106 in
1479 4044 1667 4124 oppositione
1686 4043 1769 4107 Solis

407 4142 436 4195 et
456 4133 569 4196 sideris
592 4134 679 4196 nulla
703 4142 751 4196 est
773 4134 881 4197 sideris
913 4136 1081 4217 parallaxis
1104 4156 1142 4197 ex
1173 4137 1243 4197 orbe
1274 4153 1384 4196 annuo.
1430 4132 1624 4195 Manentibus
1648 4131 1768 4208 ceteris,

406 4222 499 4284 Terra
523 4223 566 4284 sit
588 4222 617 4284 in
641 4223 682 4298 B,
707 4231 796 4285 extra
824 4224 936 4286 lineam
961 4223 1031 4287 GA.
1079 4223 1194 4286 Sideris
1223 4242 1295 4303 ergo
1325 4222 1407 4285 lucus
1431 4240 1469 4283 ex
1492 4223 1586 4284 Terra
1610 4221 1771 4303 apparebit

405 4308 434 4372 in
457 4312 484 4372 F
506 4309 563 4372 sub
586 4310 665 4385 lixis,
688 4330 727 4372 ex
749 4310 821 4373 Sole
844 4332 917 4374 vero
941 4313 971 4374 A
994 4313 1023 4374 in
1043 4311 1086 4387 E3
1110 4311 1180 4393 qnia
1202 4312 1261 4374 BA
1285 4312 1323 4372 ad
1347 4308 1410 4372 AG
1433 4310 1594 4386 sensibilis,
1620 4329 1713 4391 qnare
1737 4318 1769 4372 et

406 4398 562 4461 inclinatio
586 4398 731 4462 lineamm
754 4399 824 4474 BG,
843 4400 906 4462 AG
931 4401 1091 4463 sensibilis.
1139 4399 1216 4462 Cum
1240 4418 1311 4479 ergo
1331 4400 1357 4461 B
1382 4417 1477 4479 aeque
1501 4398 1541 4460 sit
1564 4408 1699 4461 centrum
1713 4397 1769 4461 DF

406 4487 443 4548 ad
466 4505 605 4562 sensum,
630 4507 668 4550 ac
690 4488 720 4549 A
743 4488 774 4550 in
797 4489 944 4562 veritate,
977 4490 1036 4551 erit
1058 4508 1177 4551 rursum
1200 4489 1253 4550 ET
1276 4507 1363 4550 arcus
1394 4506 1536 4550 mensura
1559 4486 1658 4568 anguli
1682 4484 1769 4548 EGF

405 4576 451 4637 vel
474 4573 583 4647 BGA,
615 4583 648 4638 et
671 4584 734 4638 tam
757 4576 806 4638 bic
830 4596 918 4658 quam
941 4577 992 4640 ille
1025 4578 1193 4657 parallaxis
1225 4576 1314 4638 annui
1338 4575 1437 4651 orbis,
1470 4576 1566 4637 Terra
1590 4576 1619 4636 in
1642 4575 1668 4636 Β
1693 4592 1768 4636 con·

408 4664 526 4728 stitnta.
575 4661 705 4744 Cognito
728 4666 831 4746 itaque
855 4665 882 4726 Ε
907 4666 973 4728 loco
996 4666 1118 4740 sideris,
1153 4684 1241 4746 quern
1265 4684 1302 4727 ex
1325 4663 1397 4726 Sole
1430 4664 1528 4744 ejecta
1549 4663 1631 4725 linea
1662 4663 1767 4724 deter-

406 4752 500 4815 minat
522 4751 580 4815 sub
603 4752 687 4829 lixis,
712 4773 767 4833 per
790 4755 994 4818 astronomica
1015 4762 1183 4835 praecepta
1211 4754 1289 4828 alia,
1320 4754 1347 4814 F
1377 4771 1449 4815 vero
1482 4752 1547 4814 loco
1578 4770 1613 4813 eo
1647 4748 1765 4827 sideris,

407 4859 493 4921 quem
525 4841 609 4904 visus
638 4860 677 4903 ex
706 4843 803 4904 Terra
831 4843 955 4905 veniens
988 4843 1045 4906 sub
1075 4842 1143 4905 lixis
1175 4842 1374 4914 determinat,
1408 4847 1440 4903 et
1462 4840 1507 4903 sic
1529 4840 1584 4902 EF
1605 4840 1654 4901 vel
1676 4836 1769 4901 BGA

407 4928 566 5008 parallaxi,
590 4948 650 4991 non
664 4931 779 5011 poterit
792 4931 924 5010 ignorari
944 4930 1098 5012 proportio
1113 4928 1177 4993 AG
1193 4930 1356 4993 distantiae
1376 4928 1484 4990 sideris
1499 4951 1518 4990 a
1532 4926 1604 4990 Sole
1627 4934 1768 5009 respectu

408 5017 544 5081 diametri
568 5018 682 5095 muudi,
706 5019 746 5080 ad
769 5019 826 5081 AB
857 5019 1035 5081 distantiam
1058 5018 1140 5082 Solis
1165 5039 1185 5080 a
1206 5020 1318 5091 Terra;
1349 5018 1540 5096 quantumvis
1563 5037 1602 5078 ea
1628 5014 1767 5078 immanis

409 5106 448 5168 sit
469 5104 645 5171 admodum.
691 5106 741 5169 lta
764 5116 902 5187 apparet,
927 5124 987 5170 non
1011 5106 1168 5183 decoime,
1201 5114 1235 5169 ut
1256 5104 1345 5169 bomo
1368 5104 1471 5168 mundi
1502 5104 1591 5185 hqjos
1613 5104 1714 5168 incola
1736 5110 1769 5166 et
