4584 6192
469 605 512 674 60
886 608 986 658 Literae
1005 607 1106 670 Kepleri
1128 607 1277 669 aliorumque
1293 610 1393 653 mutuae

561 789 644 851 Tuae
670 788 775 849 literae
799 785 946 847 vaticinia
969 792 1049 844 sunt.
1095 781 1283 845 Praescribis
1312 780 1430 841 modum
1453 780 1633 842 observandi
1656 778 1828 859 parallaxin

468 887 617 939 cometae.
663 876 710 937 En
735 875 790 936 tibi
816 882 980 945 cometam,
1010 890 1096 951 quern
1120 867 1173 933 26.
1199 868 1284 949 Sept.
1309 870 1435 948 primum
1460 868 1520 929 vidi
1555 868 1622 940 (alii
1646 866 1698 931 25.
1723 867 1828 948 Sept.)

468 967 497 1028 in
529 962 583 1030 18ο
607 969 648 1040 o,
675 965 730 1025 lat.
747 958 789 1026 36
799 956 852 1040 Ἀθ
875 982 901 1022 c.
949 963 1057 1021 fertur
1080 960 1108 1020 in
1133 959 1243 1021 circulo
1269 977 1392 1035 magno,
1417 958 1468 1036 qui
1492 962 1579 1019 secat
1603 956 1774 1037 eclipticam
1799 957 1828 1018 in

470 1058 535 1116 loco
562 1073 657 1115 novoe
681 1053 802 1124 stellae,
838 1070 894 1129 quo
914 1051 1008 1111 lertur
1035 1057 1163 1109 cometa.
1210 1047 1327 1111 Nudius
1350 1046 1380 1107 in
1404 1042 1466 1108 26ο
1488 1056 1535 1111 2
1559 1045 1629 1122 fuit,
1653 1045 1707 1107 lat.
1723 1040 1830 1129 ow

470 1162 496 1205 c.
513 1141 543 1204 2.
566 1141 635 1204 Oct.
681 1142 750 1204 Etsi
774 1142 848 1200 haec
870 1138 971 1218 potius
994 1137 1133 1199 monendi
1158 1156 1260 1209 causa,
1289 1154 1377 1215 quam
1402 1143 1434 1196 ut
1457 1144 1488 1197 te
1508 1154 1613 1215 meque
1637 1135 1728 1196 velim
1753 1135 1828 1196 lati-

472 1252 545 1311 gare
570 1230 786 1311 parallaxibus.
834 1228 912 1290 Nam
937 1227 962 1288 si
984 1226 1034 1306 rel
1059 1225 1177 1304 inipso
1202 1223 1314 1285 vertice
1344 1232 1427 1285 esset
1450 1224 1587 1286 altemtri
1611 1232 1746 1286 nostrum
1770 1224 1828 1284 ha-

473 1323 617 1399 beretque
651 1318 819 1399 parallaxin
844 1316 1003 1377 maximam
1029 1309 1098 1377 66‘:
1122 1315 1208 1375 rides
1231 1314 1261 1374 in
1285 1331 1353 1373 mea
1375 1312 1572 1391 parallactica
1596 1318 1687 1385 (comp.
1708 1320 1767 1386 opt.
1782 1335 1827 1371 aa·

471 1424 523 1467 nos.
543 1414 606 1477 89).
637 1408 794 1470 intervallo
827 1403 867 1469 11⁰
894 1405 997 1467 circuli
1029 1403 1130 1483 magni
1163 1410 1279 1464 tantum
1308 1395 1385 1482 4¹J2‘
1419 1402 1589 1463 habiturum
1622 1401 1826 1480 parallaxeos.

470 1496 550 1568 Quis
573 1516 644 1558 vero
669 1498 743 1557 haec
766 1497 795 1556 in
820 1503 882 1556 tam
906 1492 1056 1580 inaequali
1080 1500 1214 1553 cometae
1240 1491 1344 1551 diurno
1368 1490 1445 1551 citra
1464 1509 1593 1551 errorem
1618 1490 1827 1551 discerneret?

470 1587 627 1665 Aequarit
649 1592 767 1646 cometa
790 1584 906 1646 Lunam
932 1581 1101 1644 celeritate.
1150 1579 1318 1643 Contentus
1342 1577 1384 1640 sis
1408 1579 1505 1640 hisce:
1537 1599 1605 1640 uam
1629 1599 1675 1640 me
1701 1597 1828 1658 superas

472 1674 719 1736 observationum
742 1673 934 1734 dexteritate.
982 1669 1062 1730 Vale
1092 1678 1122 1730 et
1144 1688 1242 1748 pauca
1265 1668 1334 1728 boni
1357 1667 1494 1741 consule,
1529 1668 1623 1729 donec
1646 1668 1712 1729 Deo
1736 1669 1828 1729 dante

491 1764 558 1825 lura
582 1782 614 1823 se
637 1771 755 1823 uantur.

468 1783 488 1843 p
558 1783 712 1913 Respilrnsum
730 1851 867 1914 Breuggeri
887 1848 922 1908 (d.
942 1843 983 1894 30.
1005 1843 1074 1904 Oct)
1094 1846 1126 1894 ad
1145 1844 1311 1909 hasKepleri
1330 1844 1414 1893 literas
1432 1846 1491 1893 item
1510 1843 1605 1892 brevius
1624 1849 1762 1909 estusque
1781 1844 1827 1893 ali·

470 1923 527 1987 quid
547 1922 580 1971 ad
599 1921 714 1985 Opticam
732 1922 857 1985 pertinens
876 1918 983 1968 exhibet.
1032 1916 1113 1976 Quam
1132 1916 1232 1964 obrem
1251 1915 1291 1964 bic
1309 1916 1369 1964 illud
1388 1914 1549 1964 omittendum
1563 1929 1699 1974 censemus,
1728 1923 1828 1966 ermae

469 2001 541 2042 untes
558 1996 611 2055 jam
631 1992 664 2042 ad
682 1993 829 2055 posteriores
848 1990 958 2052 eiusdem
976 1988 1075 2046 literas,
1104 1988 1128 2036 in
1158 1988 1244 2050 quibus
1270 1994 1418 2052 argumenta
1441 1999 1458 2034 a
1479 1985 1587 2049 Keplero
1611 1986 1691 2034 allata
1708 1999 1828 2036 enervare

471 2071 583 2113 conatur.
622 2064 658 2112 Ex
677 2064 715 2112 his
733 2064 810 2112 literis
829 2069 854 2111 et
874 2075 887 2109 e
905 2059 1008 2122 Kepleri
1026 2059 1185 2121 responsione
1204 2057 1292 2107 eadem
1311 2072 1361 2121 qua
1379 2070 1453 2120 supra
1470 2058 1566 2105 ratione
1595 2070 1626 2105 ea
1651 2057 1827 2120 excerpsimus.

470 2149 534 2199 quae
563 2134 679 2198 Opticam
708 2137 830 2190 attinent,
861 2131 956 2194 reliqua
976 2130 1008 2178 nd
1031 2130 1104 2178 libros
1130 2129 1161 2178 de
1187 2128 1267 2178 Stella
1294 2143 1358 2177 nora
1386 2137 1460 2191 atque
1486 2127 1515 2176 de
1542 2126 1650 2176 Cometis
1676 2128 1829 2191 pertinentia

469 2206 507 2254 his
526 2207 670 2255 inserentes.
1269 2231 1271 2235 ¹

559 2277 598 2326 De
618 2275 785 2340 Opticis.
805 2275 889 2325 scribit
906 2273 1157 2335 Breuggerus,
1176 2274 1387 2333 supervacaneum
1407 2270 1469 2319 duco
1488 2269 1566 2317 mult-a
1584 2268 1685 2326 addere,
1704 2270 1827 2334 siquidem

468 2349 520 2409 lam
541 2347 635 2412 aliquot
653 2348 736 2397 allatis
755 2347 881 2396 instantiis
901 2345 962 2392 satis
981 2343 1164 2397 demonstrari,
1189 2341 1292 2390 locum
1311 2342 1464 2405 imaginis
1491 2355 1535 2402 per
1562 2341 1719 2389 reflexionem
1748 2354 1827 2405 appa·

469 2420 545 2467 sentis
564 2433 684 2467 concursu
703 2429 801 2468 mamm
820 2417 939 2465 linearum
958 2414 1122 2462 metatricium
1141 2412 1237 2460 definiri
1255 2426 1304 2459 non
1323 2425 1402 2474 posse.
1440 2410 1469 2460 Id
1488 2426 1545 2461 sero
1563 2413 1671 2476 inprimis
1690 2411 1829 2462 luculenter

469 2490 565 2538 ostendi
594 2491 761 2552 experimento
787 2502 842 2537 meo
869 2486 899 2535 de
926 2483 1027 2548 speculo
1056 2496 1164 2532 concurs
1189 2483 1318 2531 uerissime
1345 2483 1477 2545 proposito.
1521 2482 1580 2530 Esto
1609 2484 1673 2532 enim
1701 2482 1828 2545 speculum

950 2568 1084 2604 concavum
1094 2552 1146 2608 Bc.
1167 2555 1236 2615 cujus
1256 2560 1367 2602 centrum
1386 2552 1409 2601 D
1428 2553 1580 2615 pretatione
1599 2554 1637 2603 sui
1649 2554 1828 2604 semidiametri

950 2626 1067 2676 elevatur.
1105 2623 1157 2672 Res
1176 2625 1238 2680 risa,
1258 2624 1308 2672 sire
1326 2623 1412 2688 globus
1432 2624 1482 2673 sire
1500 2623 1592 2680 lumen,
1611 2626 1636 2673 in
1655 2624 1709 2673 loco
1728 2624 1828 2674 sublimi

949 2711 1023 2759 supra
1042 2694 1168 2758 speculum
1188 2694 1311 2743 elevatam
1331 2697 1361 2743 Α.
1401 2693 1473 2743 Oculi
1491 2694 1539 2743 duo
1559 2696 1705 2758 spectatoris
1724 2695 1785 2745 Est
1797 2696 1826 2753 F.

949 2770 1025 2817 esiam
1044 2766 1133 2815 elevati
1153 2766 1270 2814 nonnihil.
1309 2765 1339 2814 In
1359 2766 1401 2814 tali
1421 2768 1501 2829 positu
1520 2766 1610 2828 objecti
1629 2769 1650 2815 Δ
1675 2768 1770 2830 species
1789 2782 1824 2818 re

949 2839 1057 2887 flectitur
1081 2852 1096 2885 a
1125 2837 1218 2885 duobus
1238 2837 1331 2899 speculi
1357 2837 1416 2885 locis
1435 2836 1456 2884 B
1477 2843 1504 2885 et
1521 2836 1541 2885 G
1560 2837 1593 2886 ad
1611 2837 1695 2886 oculos
1713 2838 1733 2887 F
1752 2844 1779 2888 et
1797 2837 1827 2895 E,

949 2925 978 2958 ex
1005 2923 1052 2972 quo
1082 2907 1110 2955 tit
1136 2915 1165 2956 ut
1192 2910 1274 2971 imago
1301 2910 1354 2969 ejus
1374 2915 1494 2970 appareat
1512 2909 1621 2972 gemina,
1649 2921 1701 2957 una
1722 2908 1828 2959 inllnea

948 2980 1103 3029 retractionis
1122 2978 1243 3041 producta
1262 2978 1337 3032 ΓΒΗ.
1358 2978 1438 3027 altera
1456 2979 1481 3027 in
1499 2978 1566 3027 linea
1585 2978 1662 3029 ECK.
1694 2977 1749 3050 ‘llic
1769 2981 1829 3044 quia

886 3069 892 3080 1
923 3064 1081 3100 ·concursus
1100 3050 1221 3097 linearum
1239 3050 1405 3098 metatricinm
1424 3048 1453 3097 fia
1471 3050 1497 3098 in
1517 3049 1551 3106 G,
1579 3065 1609 3100 ex
1635 3057 1681 3100 tua
1699 3052 1827 3101 sententia

842 3117 872 3190 ᾔ
950 3122 1051 3170 deberet
1068 3121 1152 3183 imago
1172 3134 1291 3182 apparere
1310 3122 1386 3170 unica
1403 3121 1429 3168 in
1447 3121 1500 3182 ipso
1519 3120 1540 3168 G
1560 3122 1624 3171 citra
1635 3121 1780 3184 speculatur
1801 3129 1828 3172 at

950 3193 1102 3254 experientia
1119 3192 1175 3239 illas
1195 3190 1293 3239 exhibet
1311 3192 1434 3256 geminas,
1453 3205 1545 3255 easque
1564 3200 1620 3256 post
1637 3192 1774 3256 speculum.
1792 3194 1828 3243 ita

948 3271 977 3311 ut
995 3262 1080 3312 oculus
1100 3262 1186 3310 dexter
1205 3262 1224 3309 E
1243 3263 1378 3326 imaginem
1405 3270 1492 3311 cernat
1515 3270 1571 3325 post
1589 3264 1714 3312 sinistram
1733 3263 1827 3328 speculi

949 3340 1045 3396 partem
1065 3332 1100 3388 C,
1120 3334 1144 3380 ia
1164 3332 1231 3381 linea
1249 3331 1309 3387 CK,
1328 3334 1427 3381 sinister
1444 3347 1500 3381 vero
1520 3333 1539 3381 F
1564 3340 1620 3398 post
1642 3335 1754 3384 dextram
1773 3338 1828 3398 eius

950 3410 1044 3468 partem
1064 3403 1085 3451 B
1104 3405 1129 3452 in
1149 3403 1216 3452 linea
1233 3403 1289 3452 BH.
1328 3404 1364 3453 Ex
1383 3418 1430 3467 quo
1449 3411 1475 3452 et
1494 3405 1548 3453 aliis
1566 3405 1649 3453 multis
1668 3405 1828 3459 hactennsa

949 3490 989 3524 me
1008 3475 1132 3538 productis
1151 3476 1316 3524 convincitur.
1342 3489 1487 3524 concursum
1511 3478 1677 3524 metatricium
1702 3492 1752 3526 non
1772 3492 1827 3527 esse

949 3546 1029 3595 locum
1053 3547 1175 3609 imaginis.
1219 3545 1311 3595 Verum
1335 3548 1393 3609 quia
1416 3546 1500 3601 rideo,
1528 3548 1571 3595 tibi
1595 3549 1745 3610 propositum
1773 3562 1828 3598 ease

950 3618 1099 3666 sententiam
1119 3617 1194 3665 semel
1214 3624 1355 3679 susceptam
1369 3619 1440 3671 tueri.
1460 3618 1516 3665 nolo
1530 3617 1634 3681 amplius
1652 3620 1695 3667 tibi
1709 3620 1828 3670 molestus

951 3703 1013 3743 esse.
1033 3690 1178 3751 praesertim
1198 3702 1253 3737 cum
1272 3702 1321 3735 non
1342 3688 1459 3743 dubitem.
1479 3689 1538 3750 quin
1550 3690 1602 3751 ipse
1621 3682 1754 3752 aliquando
1774 3694 1828 3754 ejas

949 3760 1083 3809 salsitatem
1102 3761 1135 3807 sis
1160 3758 1376 3821 deprehensursus.
1403 3780 1438 3791 ·-
1464 3757 1537 3818 Quod
1555 3760 1664 3809 ostendis
1684 3756 1719 3824 (p.
1733 3759 1781 3822 54)
1795 3762 1827 3811 ab

949 3845 998 3878 nuo
1018 3837 1109 3894 puncto
1128 3831 1163 3880 rei
1176 3828 1276 3877 risibilis
1289 3828 1397 3877 infinitos
1410 3830 1442 3878 ad
1454 3830 1572 3894 pupillam
1584 3831 1666 3880 radios
1678 3834 1825 3892 transmitti,

469 3913 648 3965 supersecuum
675 3910 722 3952 est.
764 3904 850 3970 Neque
874 3906 940 3953 enim
962 3902 1009 3952 hoc
1028 3916 1108 3965 nego,
1135 3902 1179 3949 sed
1205 3901 1230 3948 id
1254 3899 1388 3955 contendo,
1413 3901 1477 3964 quod
1500 3916 1531 3950 ex
1553 3902 1655 3951 infinitis
1678 3902 1726 3952 illis
1751 3904 1828 3953 radiis

467 3986 531 4025 unus
555 3972 645 4021 saltem
667 3974 692 4021 in
715 3976 785 4024 oculo
810 3976 959 4038 recipiatur.
977 3976 1018 4036 qui
1043 3988 1141 4021 sensum
1159 3978 1272 4027 moreat,
1298 3985 1346 4018 non
1369 3971 1429 4027 duo.
1451 3972 1543 4021 nedum
1568 3973 1665 4021 infiniti.

558 4045 755 4124 Keplerus:
781 4048 898 4110 Novum
914 4045 1053 4125 producis
1069 4051 1276 4122 argumentum
1292 4050 1397 4103 contra
1411 4063 1509 4104 meam
1525 4044 1693 4123 opinionem
1708 4044 1745 4106 de
1763 4046 1827 4107 loco

468 4132 608 4211 imaginis
623 4151 677 4212 per
692 4135 866 4199 metatrices
881 4133 1058 4197 definiendo.
1083 4132 1142 4192 Diu
1158 4137 1220 4204 est,
1240 4149 1308 4193 cum
1323 4130 1377 4190 tibi
1392 4132 1491 4192 remisi
1507 4132 1738 4211 generalitatem
1754 4153 1828 4215 pro-

467 4220 628 4299 positionis
644 4242 738 4286 meae.
764 4225 831 4286 Nou
848 4242 967 4304 semper
983 4220 1157 4282 metatrices
1173 4220 1248 4280 duae
1265 4219 1365 4280 sociae
1383 4219 1526 4282 definiunt
1541 4221 1646 4284 locum.
1671 4222 1828 4285 Interdum

471 4328 530 4369 non
554 4317 657 4388 potest
680 4311 738 4373 nisi
762 4333 837 4375 uuus
862 4310 998 4375 adhiberi
1022 4309 1141 4380 oculus,
1175 4316 1245 4369 tunc
1278 4309 1361 4369 locus
1391 4308 1532 4387 imaginis
1560 4312 1595 4370 lit
1618 4310 1739 4385 dubius,
1775 4320 1830 4373 aut

470 4396 563 4458 fundo
596 4400 709 4477 speculi
742 4410 864 4482 putatur
897 4401 1071 4462 adhaerere.
1127 4397 1162 4458 In
1191 4396 1293 4475 posita
1325 4414 1396 4457 vero
1420 4398 1675 4461 demonstratione
1700 4400 1828 4469 falleris.

471 4486 555 4548 locus
580 4485 718 4568 imaginis
742 4499 868 4571 utroque
892 4489 979 4550 oculo
1002 4486 1085 4548 visus
1109 4493 1158 4546 est
1181 4486 1298 4548 omnino
1323 4483 1366 4559 G,
1399 4488 1535 4549 elevatus
1558 4507 1651 4568 supra
1674 4490 1830 4569 speculum

469 4594 576 4637 versus
600 4578 719 4652 oculos;
744 4580 821 4659 quod
847 4578 935 4640 iacile
958 4582 1059 4656 patet,
1084 4574 1109 4635 si
1132 4574 1251 4635 visibile
1266 4577 1296 4636 Α
1311 4575 1353 4635 sit
1376 4576 1462 4636 valde
1486 4577 1619 4652 visibile,
1644 4585 1678 4639 ut
1700 4577 1831 4640 candela

470 4665 508 4726 de
532 4672 631 4727 nocte.
679 4668 832 4729 Vidistine
857 4673 961 4746 guttas
994 4663 1052 4726 olei
1075 4663 1122 4723 vei
1148 4662 1246 4743 adipis
1274 4665 1449 4726 innatantes
1467 4666 1594 4745 jusculis
1618 4665 1659 4727 ad
1681 4667 1830 4729 candelas

469 4754 610 4815 ardentes
635 4761 668 4815 et
690 4755 726 4816 iis
750 4755 1005 4835 supervolitantes
1028 4752 1191 4831 igniculos,
1225 4753 1341 4833 species
1356 4753 1520 4815 candelae?
1543 4757 1587 4835 (p.
1604 4750 1674 4829 56.)
1708 4755 1828 4837 Nempe

468 4843 497 4903 in
522 4840 655 4904 interiori
680 4862 756 4905 cava
778 4852 865 4922 parte
885 4849 990 4922 guttae
1014 4841 1212 4920 repercutitur
1235 4842 1336 4903 radius
1359 4843 1501 4903 candelae
1533 4843 1571 4904 ad
1601 4845 1704 4906 oculos
1734 4846 1829 4926 fitque

468 4930 553 4992 locus
578 4930 719 5011 imaginis
743 4933 833 4994 altior
855 4938 953 5011 gutta.
1000 4930 1078 4992 Nam
1103 4928 1128 4990 si
1152 4932 1182 4991 A
1211 4949 1267 4991 non
1292 4930 1334 4991 sit
1363 4931 1451 4991 valde
1476 4931 1593 4993 visibile
1616 4940 1649 4993 et
1671 4933 1829 5013 speculum

468 5028 576 5083 contra
607 5019 792 5095 evidentius,
825 5028 896 5082 tunc
929 5019 1041 5098 speculi
1074 5019 1102 5080 in
1129 5016 1182 5080 CB
1206 5019 1288 5081 color
1315 5019 1394 5099 rapit
1426 5019 1465 5080 ad
1498 5040 1531 5081 se
1555 5020 1653 5083 visum
1676 5030 1709 5084 et
1731 5022 1830 5087 vincit

468 5108 598 5191 speciem
621 5107 751 5171 debilem
774 5108 804 5171 in
830 5107 858 5170 G
883 5116 1023 5172 stantem.
1071 5108 1178 5192 Itaque
1200 5116 1324 5187 utroque
1344 5107 1429 5169 oculo
1452 5107 1482 5171 in
1505 5106 1532 5173 ὓ
1552 5109 1830 5183 duecte-videtur
