4584 6192
470 625 534 694 118
760 624 861 678 Literss
878 624 980 689 Kepleri
999 624 1150 689 aliorumque
1167 630 1269 675 mutuae
1289 626 1411 686 derebus
1430 626 1534 691 Optiois.

467 830 516 873 me
539 807 667 887 impulit.
715 805 835 867 Etenim
857 822 916 863 non
944 802 1064 879 ignorat
1087 800 1120 863 S.
1147 800 1182 863 O.
1207 802 1243 864 T.
1269 802 1299 864 in
1327 803 1538 866 astronomicis
1566 805 1677 867 studiis
1709 805 1831 867 elucere

468 897 649 976 stupendam
665 892 820 957 Creatoris
843 889 1043 970 sapientiam;
1068 890 1169 968 itaque
1188 899 1221 951 ut
1245 891 1363 952 debitas
1378 892 1420 953 illi
1442 894 1547 955 laudes
1572 894 1694 955 accinat
1717 894 1831 955 huma·

467 1005 538 1048 num
566 1003 661 1062 genus
694 982 811 1042 omnino
844 979 989 1039 interesse
1013 977 1208 1056 Reipublicae
1242 979 1408 1058 spiritualis
1436 990 1468 1043 et
1494 982 1653 1061 politicae,
1689 988 1724 1043 ut
1753 981 1832 1044 haec

468 1073 571 1137 studia
594 1070 726 1152 quotidie
750 1068 845 1147 magis
870 1072 960 1145 atque
984 1066 1080 1143 magis
1104 1066 1331 1145 amplificentur,
1356 1075 1388 1129 et
1411 1088 1469 1149 quo
1493 1070 1630 1149 pluribus
1654 1071 1831 1132 communi-

466 1161 531 1224 cari
553 1160 681 1238 possint,
708 1157 842 1217 faciliora
866 1164 956 1233 atque
981 1154 1156 1214 dilucidiora
1179 1155 1352 1217 reddantur.
1397 1157 1542 1219 Vicissim
1566 1177 1639 1220 vero
1654 1166 1757 1239 ¹tanta
1782 1168 1833 1222 est

465 1249 498 1313 in
516 1247 655 1310 eruendis
668 1245 755 1325 hujus
770 1244 846 1305 artis
865 1241 1017 1323 mysteriis
1037 1241 1208 1316 difficultas,
1224 1251 1328 1304 tentus
1347 1244 1377 1304 in
1396 1245 1606 1325 percipiendis,
1622 1248 1832 1328 proponendis

466 1345 558 1417 atque
582 1333 765 1396 instillandis
798 1330 908 1409 ingenii
932 1329 1033 1403 labor,
1068 1338 1130 1390 tam
1155 1330 1263 1409 exigua
1294 1333 1449 1410 praesidia
1471 1335 1509 1395 ad
1542 1335 1722 1396 tolerandas
1747 1335 1832 1397 vitae

466 1442 639 1488 communes
663 1420 876 1492 necessitates,
900 1425 1015 1478 utnon
1039 1418 1079 1478 sit
1102 1419 1291 1495 metuendum
1320 1420 1520 1499 reipublicae,
1553 1442 1590 1483 ne
1615 1423 1704 1484 nimis
1730 1424 1830 1499 multi,

464 1511 614 1591 neglectis
647 1510 714 1570 aliis
747 1506 867 1569 humani
899 1506 1017 1584 generis
1051 1505 1302 1581 necessitatibus,
1333 1509 1371 1569 ad
1405 1511 1460 1570 has
1488 1510 1531 1571 uti
1566 1512 1690 1592 quidam
1718 1520 1835 1592 putant

465 1600 584 1663 otiosas
608 1604 640 1659 et
663 1615 866 1676 supervacuas
902 1593 1123 1673 speculationes
1157 1614 1225 1655 sese
1259 1597 1436 1658 conferant:
1471 1599 1540 1678 quin
1564 1600 1683 1679 potius,
1720 1601 1749 1661 si
1773 1620 1833 1681 quo

468 1696 606 1767 tempore
636 1705 711 1746 unus
746 1683 855 1763 aliquis
886 1682 965 1743 inter
998 1683 1107 1743 multos
1142 1682 1261 1760 ingenio
1294 1684 1423 1745 donatus
1459 1696 1507 1747 est
1535 1688 1653 1762 aDeo,
1680 1690 1760 1768 quod
1784 1689 1834 1750 his

469 1776 580 1838 studiis
595 1782 709 1855 aptum,
735 1774 812 1834 hunc
827 1771 962 1831 videmus
986 1771 1144 1831 confestim
1161 1771 1199 1832 ab
1214 1773 1364 1834 universis
1387 1774 1550 1852 prudenter
1565 1776 1685 1856 quidem
1709 1777 1834 1839 incitari

468 1865 509 1926 sd
532 1868 629 1924 totum
653 1882 686 1922 se
710 1862 758 1922 his
787 1859 895 1921 studiis
924 1858 1069 1931 dandum,
1103 1859 1165 1919 alia
1194 1861 1295 1923 omnia
1317 1861 1347 1921 in
1374 1864 1513 1940 parergis
1541 1863 1692 1926 habenda.
1742 1862 1845 1935 Quod

465 1953 548 2015 idem
571 1950 629 2013 nisi
653 1949 745 2010 etiam
770 1947 841 2009 mihi
865 1948 998 2007 eveniret
1022 1956 1054 2006 et
1076 1947 1134 2008 nisi
1157 1947 1214 2008 viri
1239 1949 1396 2011 clarissimi
1421 1971 1468 2011 me
1492 1952 1680 2024 cohiberent,
1704 1972 1836 2033 quorum

391 2116 394 2122 ἡ
463 2039 582 2123 judicia
605 2040 642 2101 de
664 2058 733 2099 mea
755 2038 785 2098 in
808 2036 857 2096 his
881 2034 994 2095 artibus
1019 2034 1201 2096 dexteritate
1225 2056 1282 2097 non
1307 2039 1500 2117 aspernenda
1522 2047 1602 2114 sunt,
1623 2041 1690 2119 jam
1714 2041 1836 2122 pridem

469 2128 555 2192 bisce
579 2127 700 2188 omissis
724 2126 763 2187 ad
793 2125 853 2186 alia
876 2123 1055 2201 reipublicae
1080 2131 1112 2184 et
1135 2124 1206 2185 milri
1240 2126 1336 2204 magis
1361 2128 1535 2189 necessaria
1558 2147 1604 2189 me
1635 2131 1834 2210 recepissem.

468 2217 540 2281 Etsi
563 2216 640 2277 euim
663 2216 693 2276 in
716 2232 864 2294 praeseus
888 2211 942 2272 sub
967 2210 1000 2272 S.
1027 2210 1115 2273 Caes.
1141 2214 1316 2292 MaJestatis
1339 2216 1438 2276 tutela
1465 2216 1628 2295 tranquille
1653 2220 1778 2298 quiesco
1803 2226 1837 2281 et

468 2304 621 2386 stipendio
655 2304 738 2364 fruor
769 2302 911 2374 honesto,
947 2308 1010 2360 tam
1043 2301 1183 2379 expedito
1217 2321 1304 2379 quam
1334 2303 1364 2363 id
1395 2305 1551 2382 patiuntur
1583 2324 1678 2367 onera
1710 2307 1834 2382 bellice,

466 2401 568 2456 tamen
593 2399 756 2472 perpetuus
780 2389 851 2450 milri
876 2389 1005 2450 monitor
1029 2390 1068 2449 ad
1090 2390 1173 2450 latus
1198 2401 1245 2450 est
1260 2390 1459 2452 Prometheus
1484 2403 1516 2455 et
1538 2393 1690 2456 interdum
1715 2395 1835 2476 impor-

466 2481 568 2543 tunius
592 2498 681 2542 aures
704 2478 791 2540 vellit
814 2478 886 2539 illud
910 2478 1087 2539 succinens:
1115 2506 1197 2551 „nem
1224 2491 1319 2543 messis
1351 2508 1405 2544 non
1437 2508 1545 2562 semper
1575 2493 1643 2558 erit,
1673 2496 1837 2564 componite

465 2570 573 2627 nidos.“

553 2649 663 2728 Itaque
687 2667 724 2708 ne
749 2644 783 2709 S.
809 2643 845 2708 Ο.
871 2646 905 2708 Τ.
930 2646 1048 2724 indigne
1073 2645 1162 2718 ferat,
1187 2646 1214 2707 si
1238 2647 1331 2709 veluti
1355 2648 1429 2710 vitis
1454 2649 1644 2711 debilissima
1668 2651 1837 2716 arbuscula

467 2755 538 2800 snos
553 2736 711 2816 capreolos
726 2736 766 2796 ad
788 2753 928 2812 proceras
947 2736 1051 2807 ulmos,
1069 2734 1112 2794 sic
1128 2754 1183 2813 ego
1204 2736 1384 2797 humillimas
1400 2756 1483 2799 meas
1503 2757 1610 2817 preces
1627 2740 1666 2800 ad
1687 2738 1723 2801 S.
1741 2739 1780 2804 O.
1797 2742 1833 2803 T.

467 2824 593 2905 dirigam
617 2842 740 2904 eamque
764 2822 986 2900 subjectissime
1006 2842 1096 2896 orem,
1122 2832 1201 2885 utet
1218 2825 1288 2902 ipsa
1311 2843 1378 2885 mea
1401 2826 1503 2888 studia
1527 2827 1557 2888 iu
1582 2829 1834 2905 potentissimam

466 2933 552 2975 snam
576 2913 702 2974 tutelam
729 2912 857 2991 recipiat
887 2911 980 2992 iisque
1014 2912 1153 2973 blandum
1178 2922 1210 2973 et
1233 2913 1390 2974 amicabile
1414 2915 1512 2976 lumen
1546 2916 1730 2980 clementiae
1755 2938 1832 2980 suae

468 3004 507 3064 ad
530 3009 710 3064 momentum
735 3002 856 3081 aliquod
875 3002 957 3062 velut
976 3000 1090 3062 eminus
1114 3000 1279 3079 indulgeat,
1305 3020 1362 3081 quo
1382 3010 1414 3064 et
1428 3004 1457 3065 in
1481 3023 1628 3084 praesens
1653 3017 1835 3069 recreentur

470 3091 552 3154 etsi
576 3109 635 3172 qua
658 3090 728 3151 olim
759 3089 892 3169 procella
922 3088 1063 3151 immitior
1095 3088 1281 3162 imminebit,
1315 3108 1369 3170 spe
1393 3111 1452 3153 non
1476 3112 1556 3155 vana
1589 3094 1684 3156 veluti
1716 3097 1836 3175 optima

472 3181 550 3242 duca
572 3181 611 3241 ad
634 3179 814 3257 tranquillos
837 3185 943 3258 portus
967 3177 1112 3257 aspirent.
