4584 6192
468 624 537 694 sos
968 626 1309 695 mmm

390 829 395 836 ·
471 802 688 867 observandam
715 809 799 864 ratus
825 820 883 864 non
915 802 1005 863 raldo
1033 807 1153 870 curavit
1178 803 1403 884 impressionem
1429 809 1493 863 tam
1519 816 1638 881 parvas
1668 798 1814 870 malae,

470 911 559 975 quam
580 891 699 971 putarit
721 909 789 952 esse
811 891 893 952 visus
915 890 1083 955 defectum:
1107 912 1202 975 neque
1224 894 1262 955 de
1284 900 1391 953 nostra
1416 890 1633 952 observatione
1659 889 1762 969 deque
1783 906 1814 948 re

426 1011 431 1020 ·
471 983 541 1062 ipsa
564 980 664 1052 scivit,
687 988 722 1041 ut
744 979 916 1060 diligentius
945 982 1191 1064 circumspiceret
1218 979 1521 1061 circumstamiasque
1542 987 1576 1040 et
1602 979 1732 1058 plaga
1752 995 1815 1038 ne·

469 1071 569 1133 moria
590 1069 743 1130 retineret.

404 1207 407 1212 .
459 1204 466 1218 ,
561 1158 717 1219 Hactenus
747 1157 840 1236 igitur
870 1156 1054 1221 observatio.
1099 1159 1191 1222 Addo
1218 1166 1318 1220 autem
1347 1157 1403 1219 bas
1434 1154 1676 1218 notatiuncula.
1722 1152 1819 1213 Primo

473 1247 551 1329 qnod
574 1248 604 1308 in
627 1245 792 1324 majoribus
814 1245 1017 1309 schematibus
1039 1248 1137 1309 dilata
1155 1249 1212 1310 fnit
1233 1246 1361 1325 macula,
1383 1264 1506 1307 amam
1525 1243 1623 1306 fuisso
1646 1253 1726 1323 puto
1748 1260 1819 1303 oon·

472 1336 681 1418 formationem
711 1335 879 1408 foraminis,
913 1354 968 1416 per
999 1337 1078 1417 quod
1107 1336 1163 1416 Spl
1195 1336 1360 1399 irradiavit
1413 1333 1586 1397 Sonndulae
1618 1332 1703 1394 enin
1732 1331 1820 1392 rhos

471 1426 619 1504 oblongas
641 1433 746 1502 agunt.
781 1425 888 1503 ltaque
911 1425 1039 1487 latitudo
1062 1426 1181 1505 quidem
1202 1425 1343 1488 rimuum
1366 1433 1418 1485 sat
1435 1433 1568 1503 angusta
1584 1423 1657 1496 fuit,
1682 1430 1720 1482 ot
1739 1420 1822 1481 ism

469 1513 607 1595 plenaria
628 1511 778 1573 radiomm
806 1511 994 1588 interiectio,
1026 1514 1183 1594 longitudo
1205 1533 1277 1577 vero
1299 1513 1442 1576 rimarum
1463 1522 1529 1575 tam
1552 1513 1611 1575 fnit
1636 1528 1769 1590 mque,
1790 1520 1821 1568 at

470 1602 573 1667 Solem
596 1601 771 1662 admitteret
792 1610 825 1662 et
847 1602 912 1663 loco
934 1603 1070 1663 maculae
1092 1604 1330 1690 superfunderet,
1352 1612 1492 1681 oesetque
1516 1601 1719 1668 semiumbra.

559 1689 612 1752 Sic
639 1690 702 1751 heri
736 1689 816 1751 solet
845 1692 927 1752 circa
956 1691 1079 1769 globos,
1112 1693 1220 1773 quibus
1248 1703 1348 1754 turres
1379 1700 1532 1753 ornantnr.
1581 1688 1721 1759 Quando
1748 1686 1819 1747 enin

470 1780 577 1843 umbra
608 1796 709 1841 eoru·
736 1786 800 1840 tam
831 1779 919 1857 longe
953 1781 1057 1842 defluit
1089 1782 1118 1842 in
1156 1792 1282 1853 terram,
1315 1789 1350 1843 ut
1375 1799 1413 1841 ex
1444 1781 1512 1841 loeo
1549 1779 1742 1841 incidentiae
1772 1774 1819 1836 Sel

470 1869 580 1950 majori
601 1876 756 1947 spectetur
781 1867 893 1947 angulo
922 1887 1013 1949 qnam
1044 1870 1167 1948 globus,
1200 1881 1272 1932 tunc
1301 1870 1402 1931 videre
1425 1878 1475 1929 sat
1504 1867 1670 1947 globorum
1703 1864 1817 1927 nnus

471 1958 584 2022 diluta
606 1975 692 2032 esso,
723 1966 864 2018 avertunt
886 1958 966 2019 onim
991 1957 1150 2021 interiores
1181 1960 1258 2022 disci
1280 1958 1361 2021 Solis
1381 1958 1501 2049 radios,
1530 1966 1567 2018 at
1589 1958 1679 2018 locus
1702 1956 1816 2016 umbras

469 2046 590 2109 interim
612 2044 827 2124 marginalibus
850 2045 925 2108 disci
940 2045 1022 2109 Solle
1044 2049 1136 2110 radiis
1154 2048 1294 2123 debiliter
1315 2047 1493 2109 illustratur.
1529 2046 1609 2107 Tale
1634 2046 1712 2125 quid
1737 2044 1816 2105 snas

471 2137 530 2199 hac
551 2136 618 2198 vica
639 2134 768 2213 contigit
795 2135 952 2197 occasions
983 2136 1178 2217 longitudinis
1207 2139 1363 2211 rimarum
1394 2145 1428 2197 ut
1449 2134 1611 2215 explicavi.
1660 2133 1814 2214 Itaquein

439 2292 443 2301 ,
471 2226 627 2289 schemate
648 2241 756 2303 parvo,
781 2224 830 2285 ubi
855 2225 1014 2287 rotundum
1036 2235 1069 2288 et
1089 2245 1214 2306 parvum
1237 2228 1295 2292 fuit
1315 2228 1458 2299 foramen,
1486 2224 1594 2285 umbra
1618 2224 1680 2284 fnit
1703 2222 1813 2302 nigrior.

461 2385 471 2396 ·
560 2313 679 2375 Deinde
711 2331 771 2375 uon
804 2322 853 2375 est
884 2314 1125 2389 existimandum,
1152 2336 1260 2397 corpus
1288 2314 1429 2377 Mercurii
1459 2322 1523 2374 tam
1560 2314 1662 2374 fuisse
1703 2328 1812 2391 partun

460 2403 613 2483 'respectu
635 2400 727 2474 Solis,
750 2421 838 2483 quam
861 2403 921 2465 fuit
940 2406 1058 2467 macula
1079 2416 1220 2485 respectu
1248 2406 1420 2467 schematis.
1465 2403 1547 2464 liam
1570 2402 1603 2462 iu
1628 2399 1755 2480 Opticis
1774 2413 1811 2459 est

472 2494 722 2563 demonstratum,
752 2490 921 2553 addendam
943 2512 1011 2555 esse
1038 2496 1291 2557 semidiametrum
1321 2491 1476 2556 foraminis
1499 2492 1539 2551 ad
1561 2492 1810 2553 semidiametrun

471 2582 612 2656 umbrae,
635 2580 830 2643 auferendam
851 2602 871 2642 a
893 2582 1115 2646 semidiametro
1137 2584 1300 2646 schematis
1324 2583 1430 2655 lucidi,
1462 2587 1496 2642 ut
1517 2582 1681 2660 proportio
1704 2578 1806 2641 consti-

472 2680 576 2734 tuatur
594 2671 690 2750 justa.
733 2668 777 2732 Et
799 2671 868 2750 qnia
891 2672 1015 2751 nigredo
1036 2674 1173 2736 maculae
1200 2672 1334 2735 ostendit
1360 2670 1525 2752 plenariam
1548 2670 1707 2742 umbram,
1730 2669 1807 2748 igiter

472 2760 610 2842 plenaria
629 2759 672 2821 ibi
694 2759 778 2820 facta
805 2759 862 2821 fnit
888 2760 1079 2824 intersectio:
1112 2781 1221 2843 corpus
1242 2763 1335 2841 igitur
1356 2760 1497 2822 Mercurii
1519 2769 1604 2821 certo
1639 2760 1743 2840 majus
1761 2756 1807 2816 fnit

473 2851 503 2911 in
527 2848 749 2928 comparatione
772 2848 812 2909 ad
835 2849 949 2913 discum
971 2848 1054 2913 Solis
1081 2859 1293 2933 apparentem,
1323 2869 1411 2932 quam
1444 2851 1577 2911 foramen
1601 2850 1634 2910 in
1659 2865 1807 2927 compen·

473 2938 553 3001 tione
576 2939 616 2999 ad
637 2938 768 2999 schema

563 3026 625 3091 Cur
656 3036 757 3089 autem
779 3044 818 3088 ex
844 3028 944 3091 altera
973 3038 1060 3108 parte
1088 3028 1208 3091 macula
1235 3028 1326 3092 luerit
1357 3026 1479 3089 dilutior
1508 3044 1600 3107 quam
1627 3046 1670 3088 ex
1697 3026 1807 3103 reliqu,

473 3117 586 3191 nescio,
607 3116 665 3177 uisi
688 3117 819 3178 foramen
842 3116 873 3177 in
895 3136 988 3179 eausa
1010 3118 1110 3188 fuerit,
1134 3119 1212 3198 quod
1228 3125 1329 3180 tamen
1351 3127 1423 3197 poto
1444 3117 1519 3195 bene
1542 3115 1696 3177 cuculare
1718 3113 1807 3177 ransc

563 3205 698 3286 Denique
721 3214 847 3284 apparet
869 3224 908 3267 ex
929 3206 985 3268 hac
1007 3208 1233 3281 observatione,
1265 3208 1364 3269 lumen
1387 3204 1544 3274 llerwii,
1573 3204 1599 3266 si
1625 3205 1710 3286 quod
1730 3203 1809 3265 babet

473 3295 634 3377 proprium,
658 3295 688 3356 iu
711 3294 935 3376 comparatione
958 3297 997 3358 ad
1020 3297 1117 3359 lumen
1141 3295 1223 3359 Solis
1246 3298 1367 3359 umbrae
1390 3297 1537 3358 rationem
1560 3294 1690 3357 hahere

956 3562 1333 3672 Epilogus

544 3720 643 3793 ,Quid
667 3740 742 3784 nunc
770 3720 826 3783 tibi
854 3729 902 3783 est
934 3721 1024 3783 animi
1057 3722 1151 3784 lector
1183 3722 1296 3797 amice,
1330 3721 1469 3802 numquid
1492 3721 1661 3802 gratularis
1692 3718 1810 3783 mihids

476 3831 616 3876 successu
639 3811 667 3871 in
690 3831 722 3872 re
746 3811 834 3873 mea?
857 3812 907 3873 Au
930 3820 962 3872 et
983 3813 1173 3874 succensebis
1200 3812 1390 3885 irridebisve,
1417 3812 1444 3873 si
1467 3823 1501 3873 ut
1523 3812 1682 3890 quondam
1707 3811 1809 3893 Pytha

476 3922 566 3984 goras
590 3902 712 3964 inventa
734 3901 849 3982 ratione
874 3901 1001 3962 laterum
1028 3901 1212 3980 rectanguli,
1236 3901 1333 3963 Musis
1356 3902 1461 3963 bovem
1484 3900 1675 3974 immolavit,
1703 3903 1747 3962 sic
1768 3916 1810 3977 ego

475 3993 590 4072 potitus
612 3988 732 4069 egregio
757 3991 928 4069 spectaculo
952 3998 984 4050 et
1007 3990 1259 4052 demonstratione
1282 4000 1414 4052 motuum
1437 3989 1594 4063 Mercurii,
1620 4010 1717 4070 quam
1741 4002 1811 4050 uoto

477 4093 609 4158 tempore
633 4089 703 4139 ante
722 4078 925 4158 jactaveram,
961 4099 1033 4140 vera
1062 4079 1265 4158 deprehensa,
1300 4080 1406 4141 librum
1437 4079 1513 4141 facio
1535 4079 1737 4161 Principique
1759 4096 1812 4139 meo

477 4171 584 4231 offero:
616 4175 670 4229 aut
691 4169 736 4242 si,
761 4177 794 4228 ut
816 4170 963 4248 quondam
987 4166 1113 4229 Ovidius
1136 4187 1226 4247 super
1249 4170 1377 4243 lasciva,
1401 4170 1445 4230 sio
1467 4186 1522 4248 ego
1546 4187 1642 4247 super
1668 4169 1813 4250 ingeniosa

476 4258 603 4321 victoria
626 4258 662 4318 de
686 4267 854 4337 opponente
878 4276 942 4318 meo
965 4266 1054 4337 parta
1077 4259 1259 4319 exclamem:

781 4358 840 4421 ,lte
862 4358 1041 4429 triumphales
1062 4358 1161 4412 circum
1180 4374 1242 4412 mea
1262 4365 1387 4428 tempora
1408 4354 1508 4411 lauri.“

564 4454 629 4517 Aut
661 4453 703 4529 si,
737 4463 772 4516 ut
802 4455 950 4535 qnondam
981 4455 1193 4530 Archimedes,
1225 4455 1409 4534 deprehenso
1436 4455 1516 4514 furto
1547 4451 1716 4527 aurifabri,
1745 4455 1814 4517 labro

476 4542 627 4612 exsiliens,
651 4543 680 4604 in
705 4544 781 4623 quod
804 4544 926 4606 lavandi
948 4565 1040 4607 eausa
1063 4545 1269 4620 descenderat,
1301 4544 1497 4606 exclamavit:
1531 4536 1671 4621 εὕρηκα,
1705 4547 1749 4607 sic
1770 4562 1815 4621 ego

475 4634 533 4695 hoo
556 4633 709 4694 furunculo
723 4632 798 4708 Deo,
823 4634 918 4696 furum
941 4645 1068 4713 patrono
1091 4635 1216 4707 credito,
1242 4636 1336 4696 lucem
1350 4630 1554 4711 utplurimum
1580 4633 1724 4713 fugiente
1738 4652 1816 4712 seque

475 4721 532 4783 suh
554 4722 656 4783 radios
679 4720 760 4783 Solis
784 4723 955 4802 recipiente,
980 4725 1100 4785 taudem
1125 4726 1153 4784 iu
1174 4723 1244 4785 Sole
1268 4725 1342 4802 ipso,
1366 4723 1405 4783 ad
1428 4721 1506 4800 quod
1528 4720 1659 4799 insigne
1684 4726 1818 4785 incautior

477 4809 651 4885 diverterat,
676 4811 876 4891 deprehenso,
900 4815 1019 4875 omissis
1042 4832 1117 4894 quae
1142 4833 1200 4892 ago
1225 4814 1353 4893 negotiis
1375 4820 1406 4872 et
1425 4809 1534 4871 studiis
1558 4812 1635 4874 aliia
1662 4815 1817 4894 importune

476 4903 641 4962 exclamem
663 4900 826 4979 turipum?

488 5055 492 5060 ,
564 4991 614 5052 An
646 4992 785 5071 aequiore
817 5010 863 5051 me
893 4991 978 5052 audis
1011 4991 1127 5062 auimo,
1160 4991 1360 5053 narrationem
1389 5006 1485 5050 meam
1512 4998 1549 5050 ut
1579 4995 1726 5055 comoedi
1757 5010 1816 5053 suos

467 5085 565 5139 actus
587 5089 678 5142 cantu
700 5080 849 5141 finientem
874 5077 1037 5159 et'spiritu
1060 5081 1180 5161 poetico
1204 5081 1350 5142 laetitiam
1374 5078 1465 5141 animi
1487 5089 1737 5156 contestantem,
1761 5082 1817 5147 eni

476 5171 511 5227 nt
533 5167 657 5248 vulgata
680 5176 728 5228 est
751 5169 787 5229 de
816 5170 937 5233 musicis
968 5170 1054 5231 honis
1086 5171 1185 5249 opinio
1217 5168 1430 5233 melancholico
1457 5175 1713 5248 temperamento
1740 5191 1818 5253 prae·
