4584 6192
567 622 633 694 30ss
1060 627 1235 678 mnasonis·
1252 626 1314 678 Pars
1331 626 1432 690 Opaca.

566 821 660 882 supra
689 801 851 880 probatum
884 809 932 861 est
958 796 1002 862 43
1031 801 1274 861 semidiametros
1306 802 1428 863 elevari.
1476 799 1611 880 Cumque
1635 823 1670 879 ρ,
1695 823 1716 862 o
1743 802 1861 864 distent
1882 798 1928 865 46

565 890 817 964 semidiametris‚
841 911 867 963 r,
891 912 910 949 a
932 907 1003 949 vero
1026 890 1121 950 multo
1154 891 1221 967 plus
1247 887 1289 949 70
1312 889 1559 961 semidiametris,
1590 899 1623 951 et
1645 891 1728 969 regio
1752 913 1799 968 pa,
1824 912 1864 952 oo
1886 892 1928 952 sit

567 981 738 1043 illuminata
761 978 901 1039 refractis
916 976 997 1039 Solis
1014 978 1118 1051 radiis,
1134 979 1280 1057 Lunaque
1299 979 1376 1039 inter
1395 981 1494 1040 dictos
1517 979 1661 1040 terminos
1684 988 1825 1041 trauseat
1847 980 1929 1041 inter

567 1069 745 1131 altitudines
760 1063 804 1130 54
819 1076 851 1127 et
866 1063 909 1129 60
933 1065 1230 1137 semidiametromm,
1256 1068 1334 1146 quod
1351 1078 1482 1129 testatur
1506 1067 1702 1140 astronomia,
1725 1077 1813 1147 patet
1832 1069 1927 1147 igitur

565 1158 645 1239 quod
668 1157 699 1219 in
723 1158 828 1219 umbra
851 1156 931 1216 aeris
954 1174 1081 1217 versans
1105 1156 1295 1216 nibilominus
1319 1157 1502 1218 illuminetur
1524 1158 1659 1218 nonnihil
1682 1178 1701 1216 a
1724 1157 1806 1220 Sole.

653 1246 785 1309 Rursum
800 1264 867 1306 oum
882 1265 934 1326 τχυ
957 1264 1039 1306 mera
1062 1246 1168 1307 umbra
1191 1245 1397 1327 terminetur1
1417 1247 1502 1325 apice
1523 1247 1552 1306 iu
1575 1243 1618 1309 70
1632 1246 1927 1307 semidiametrorum

563 1336 728 1408 distantia,
761 1335 849 1396 Luna
879 1335 982 1414 itaque
1014 1352 1068 1413 per
1099 1354 1211 1395 meram
1245 1335 1379 1396 umbram
1412 1354 1469 1395 non
1503 1336 1666 1408 transiret,
1699 1336 1769 1414 quia
1800 1334 1926 1395 iuferius

563 1425 684 1498 transit,
710 1431 866 1486 ettamen
890 1441 958 1484 cum
981 1445 1034 1504 τχυ
1053 1423 1093 1495 (si
1117 1423 1305 1501 intelligatur
1325 1424 1388 1502 jam
1411 1424 1494 1502 regio
1518 1444 1624 1485 carens
1648 1423 1751 1503 aliqua
1773 1424 1927 1503 particula

563 1512 647 1578 Solis
675 1514 769 1575 etiarn
799 1513 929 1574 retracto
964 1512 1108 1585 lucentis)
1142 1512 1320 1574 terminetur
1351 1514 1478 1592 apiceg
1510 1512 1539 1573 in
1563 1509 1606 1575 43
1630 1513 1925 1574 semidiametrorum

562 1604 726 1673 disumia,
758 1602 847 1663 Luna
876 1601 981 1680 igitur,
1016 1619 1093 1679 quae
1117 1601 1210 1662 altius
1240 1602 1364 1675 transit,
1396 1602 1528 1679 trajiciet
1551 1603 1653 1681 utique
1676 1624 1729 1682 qo
1751 1621 1924 1663 mucronem

562 1692 608 1768 (iu
632 1692 763 1754 secundo
787 1690 959 1769 significatu
981 1692 1143 1764 sumtum),
1169 1690 1213 1750 ita
1235 1697 1270 1750 ut
1292 1689 1322 1751 iu
1346 1690 1493 1769 principio
1520 1691 1655 1752 umbram
1680 1691 1760 1752 aeris
1784 1692 1925 1769 ingressa

561 1782 656 1845 totius
680 1790 780 1842 tamen
796 1778 878 1841 Solis
901 1788 1026 1857 aspectu
1050 1780 1180 1839 refracte
1205 1779 1339 1839 fruatur:
1364 1788 1398 1839 at
1417 1780 1465 1840 ubi
1487 1779 1515 1839 in
1541 1781 1670 1841 medium
1694 1780 1817 1842 umbrae
1843 1780 1923 1841 aeris

560 1871 678 1945 incidit,
702 1890 762 1931 non
785 1868 915 1948 amplius
939 1868 1058 1946 quidem
1082 1876 1148 1928 toto
1171 1865 1254 1928 Solis
1279 1868 1394 1929 fruetur
1426 1878 1565 1946 aspectu,
1600 1869 1789 1948 aliquantula
1819 1878 1922 1929 tamen

559 1960 760 2041 portiuncula.
806 1957 886 2019 Hinc
908 1956 1027 2017 omnino
1055 1965 1289 2017 consentaneum
1313 1967 1375 2027 est,
1408 1958 1486 2035 quod
1510 1977 1548 2018 ex
1572 1956 1704 2018 Gemma
1733 1968 1839 2019 notum
1862 1966 1920 2031 est,

560 2051 679 2112 colores
707 2046 791 2108 iridis
820 2046 970 2108 interdum
992 2045 1022 2106 iu
1046 2045 1134 2107 Luna
1157 2045 1262 2107 videri.
1308 2047 1388 2108 Nam
1416 2047 1445 2107 in
1476 2046 1567 2123 globo
1595 2066 1690 2125 aquen
1719 2047 1922 2109 certissimum

560 2148 619 2213 est,
644 2138 694 2199 ubi
718 2136 870 2216 particula
893 2135 930 2196 de
954 2133 1027 2196 Sole
1051 2135 1183 2196 refracte
1211 2136 1329 2195 lucente
1359 2136 1425 2214 ipso
1449 2136 1646 2197 refractorum
1671 2136 1791 2198 defectu
1813 2136 1920 2196 occul-

560 2236 659 2302 tatur,
693 2226 811 2288 colores
843 2224 935 2285 alium
964 2231 1036 2303 post
1067 2223 1158 2284 alium
1182 2223 1253 2284 oriri
1279 2233 1369 2303 prout
1400 2224 1526 2285 multum
1549 2225 1597 2285 vel
1628 2244 1734 2304 pamm
1757 2225 1794 2286 de
1818 2222 1920 2285 Solari

558 2335 683 2397 corpore
708 2314 827 2377 luxerit.
867 2312 963 2374 Vides
987 2312 1078 2391 igitur
1101 2313 1231 2372 omnium
1247 2312 1309 2373 lere
1333 2332 1410 2392 quae
1432 2314 1603 2392 praemissa
1617 2323 1687 2374 sunt
1710 2313 1921 2375 admirabilem

558 2424 756 2469 consensum:
782 2421 869 2483 quem
885 2402 935 2481 qui
949 2420 1004 2481 per
1022 2402 1202 2463 calumniam
1221 2402 1390 2462 convellere
1406 2403 1488 2475 velit,
1513 2413 1578 2463 arte
1595 2411 1697 2464 utatur
1719 2422 1846 2464 necesse
1862 2412 1918 2463 est

646 2494 761 2556 Restat
783 2492 940 2571 scrupulus
972 2491 1076 2553 unicus
1100 2490 1157 2552 boc
1181 2490 1246 2569 ipso
1278 2500 1423 2552 contextu
1454 2492 1628 2572 propositus
1652 2502 1684 2553 et
1706 2492 1774 2571 jam
1798 2492 1919 2572 quidem

556 2604 633 2666 pene
657 2592 808 2655 exemtus,
836 2581 891 2643 sed
914 2579 1054 2641 veritatis
1082 2589 1249 2641 amatorem
1272 2581 1346 2642 nihil
1371 2580 1560 2643 dissimulare
1585 2582 1682 2642 decet
1730 2579 1808 2642 Cum
1832 2581 1920 2643 Luna

558 2673 764 2752 superioribus
799 2668 1015 2750 experimentis
1049 2668 1079 2729 in
1116 2678 1180 2730 tres
1213 2670 1299 2747 quasi
1333 2678 1438 2749 partes
1471 2669 1722 2749 distingueretur,
1757 2670 1917 2742 lucentem,

556 2761 728 2837 rubentem,
762 2762 925 2832 latentem,
959 2765 991 2817 et
1023 2757 1125 2819 lucens
1158 2779 1177 2818 a
1209 2757 1334 2819 mbente
1366 2759 1530 2819 manifesta
1559 2760 1640 2820 linea
1671 2759 1918 2838 distingueretur,

557 2852 669 2916 rubens
691 2869 762 2913 vero
786 2850 825 2911 ab
857 2848 1019 2910 obscurata
1042 2867 1102 2908 uon
1134 2846 1296 2908 manifesta
1324 2848 1404 2909 linea
1432 2847 1480 2907 vel
1513 2848 1623 2922 limite,
1657 2850 1714 2911 sed
1745 2849 1919 2911 successive

557 2940 669 3005 rubeus
697 2940 728 3002 in
760 2939 952 3003 obscuratam
976 2936 1146 2997 desineret:
1179 2945 1412 2998 consentaneum
1437 2938 1557 2999 omnino
1588 2938 1723 3013 videtur,
1755 2946 1806 3013 ut,
1841 2956 1918 3019 quae

558 3032 694 3112 perfecte
716 3029 854 3102 mbebat,
880 3034 945 3088 toto
960 3023 1041 3087 Solis
1061 3044 1186 3105 corpore
1204 3028 1336 3088 refracta
1356 3027 1445 3088 luerit
1468 3027 1631 3100 illustrata,
1656 3046 1822 3107 quaerero
1846 3046 1918 3106 per-

560 3120 641 3184 lecte
664 3119 794 3182 obscura
821 3127 889 3180 erat
913 3116 1072 3196 (quantum
1104 3114 1262 3176 obscuram
1295 3134 1364 3176 esse
1396 3115 1576 3193 contingit),
1606 3117 1697 3196 plane
1730 3118 1811 3178 omui
1836 3116 1919 3179 Solis

558 3217 686 3289 aspectu
714 3208 860 3280 caruerit,
892 3224 970 3284 quae
994 3204 1086 3265 dubia
1109 3202 1166 3264 fuit
1189 3204 1363 3283 interjecta,
1389 3206 1566 3283 particulam
1591 3206 1628 3268 de
1652 3204 1724 3266 Sole
1749 3206 1918 3285 aspexerit.

560 3296 663 3369 Quare
687 3318 771 3359 mera
794 3296 900 3359 umbra
913 3316 974 3374 τχυ,
999 3293 1124 3372 ejusque
1147 3311 1258 3374 apexx
1281 3312 1340 3355 nou
1359 3294 1617 3374 aseptuagesima
1640 3294 1789 3356 diametro
1805 3295 1919 3357 Terrae

559 3387 678 3450 demum
702 3385 811 3449 exoriri
835 3384 935 3457 debet,
959 3382 1014 3442 sed
1037 3383 1126 3460 longe
1151 3381 1285 3454 inferius,
1309 3382 1395 3443 utin
1419 3384 1485 3444 loco
1514 3384 1662 3445 transitus
1685 3384 1790 3445 Lunae
1815 3384 1919 3463 aliqua

556 3476 709 3555 particula
731 3476 830 3556 possit
853 3474 882 3535 iu
907 3490 990 3532 mera
1014 3471 1118 3532 umbra
1142 3490 1219 3531 esse.
1267 3469 1431 3540 Quaeritur
1460 3474 1607 3551 quomodo
1636 3473 1692 3534 hoc
1721 3472 1919 3534 obtineatur?

556 3564 728 3645 Responsio
752 3564 851 3627 facilis
875 3570 935 3633 est,
960 3559 986 3620 si
1010 3560 1152 3622 retractio
1181 3559 1375 3621 horizontalis
1403 3571 1574 3622 assumatur
1600 3562 1711 3641 major,
1743 3569 1815 3624 tunc
1839 3563 1919 3623 enim

902 3653 953 3729 θχ,
973 3673 1000 3729 ιχ
1017 3648 1106 3712 citius
1121 3648 1252 3711 coibunt.
1291 3649 1397 3728 ltaque
1417 3670 1495 3711 anno
1518 3648 1612 3714 1598.
1633 3652 1785 3729 Augusto,
1810 3651 1836 3711 si
1854 3647 1918 3713 AG

903 3738 1045 3816 ecliptica
1065 3735 1200 3799 etACG
1224 3736 1329 3798 umbra
1352 3738 1464 3799 Terrae
1488 3740 1537 3812 sit,
1564 3738 1619 3801 (ΙΙ)
1642 3758 1713 3817 pars
1738 3740 1917 3812 meridiana,

901 3835 971 3886 tunc
1003 3827 1146 3887 terminus
1171 3827 1196 3886 F
1219 3826 1369 3887 radiorum
1397 3828 1594 3889 relractorum
1619 3849 1638 3888 a
1660 3828 1773 3889 minore
1798 3830 1918 3891 refrac-

901 3914 983 3975 tione
1015 3915 1188 3994 proveniet‚
1221 3914 1247 3974 E
1281 3935 1301 3974 a
1330 3916 1454 3995 majore.
1508 3918 1543 3978 Iu
1574 3918 1780 3996 septentrione
1814 3918 1919 3999 itaque

850 4078 856 4093 ,
900 4003 997 4080 major
1020 4004 1076 4064 fuit
1099 4003 1259 4076 retractio,
1292 4022 1381 4083 quam
1406 4006 1434 4066 in
1463 4024 1590 4080 occasu,
1625 4006 1696 4088 quia
1718 4008 1749 4068 A
1772 4025 1845 4085 pars
1871 4016 1919 4069 est

900 4092 1022 4154 umbrae
1046 4089 1254 4164 orientalis.*)

988 4179 1031 4243 Ut
1055 4190 1156 4241 autem
1179 4180 1302 4252 sciatur,
1326 4190 1439 4260 quanto
1458 4182 1555 4261 major
1578 4182 1721 4244 refractis
1744 4183 1919 4264 requiratur

901 4287 956 4330 seu
979 4287 1017 4330 ex
1036 4269 1248 4331 observatione
1272 4270 1394 4349 eclipsis
1409 4270 1514 4332 Lunae
1537 4272 1707 4349 colligatur,
1733 4273 1775 4333 sit
1793 4273 1825 4335 K
1842 4293 1917 4336 ceu-

902 4363 980 4418 tmm
994 4357 1109 4432 Lunae,
1131 4358 1249 4420 distans
1269 4378 1288 4418 a
1304 4358 1399 4419 Terra
1418 4356 1461 4421 54
1481 4359 1722 4434 semidiametris,
1742 4361 1815 4441 quia
1828 4362 1920 4425 Luna

639 4516 666 4589 *)
690 4521 853 4578 Consecutio
875 4525 945 4579 baec
966 4532 1027 4580 est:
1049 4527 1121 4580 Nam
1135 4528 1187 4580 DE
1202 4534 1267 4580 sunt
1287 4534 1384 4596 partes
1406 4529 1599 4583 meridionales
1614 4539 1744 4600 respectu
1766 4535 1917 4605 eclipticas

550 4600 620 4663 AG,
652 4618 752 4672 quare,
793 4610 825 4656 ut
860 4605 936 4657 rides
974 4606 1001 4659 in
1031 4607 1173 4661 schemate
1202 4607 1250 4661 95.
1282 4607 1498 4662 illustrabuntur
1529 4627 1547 4662 a
1575 4610 1703 4665 refractis
1731 4614 1858 4685 regionis
1889 4616 1918 4671 in

549 4679 636 4735 Terra
650 4681 816 4747 contrariae,
839 4686 1065 4753 septentrionalis
1081 4687 1197 4740 scilicet.
1223 4688 1262 4740 Et
1276 4687 1341 4756 quia
1355 4704 1443 4757 parra
1456 4690 1553 4742 Lunae
1568 4691 1726 4759 superficies
1743 4694 1915 4760 illustratur,

549 4775 586 4813 sc.
608 4762 670 4823 DC,
694 4762 823 4831 arguitur
844 4763 931 4833 igitur
956 4781 1060 4837 magna
1086 4766 1216 4819 retractio
1238 4767 1447 4836 septentrionis,
1479 4785 1534 4837 qua
1554 4770 1586 4822 fit
1606 4777 1638 4823 ut
1660 4770 1733 4841 (Fig.
1757 4774 1813 4839 95)
1835 4777 1917 4848 regio

547 4856 598 4909 τχν
615 4841 664 4894 snt
686 4842 789 4894 Terrae
811 4842 930 4912 propior,
954 4845 1068 4915 ideoque
1090 4847 1238 4899 transitum
1259 4847 1356 4899 Lunae
1379 4847 1437 4900 late
1464 4855 1589 4917 occupet.
1632 4850 1759 4906 Vicissim
1783 4857 1828 4908 CF
1850 4864 1919 4910 sunt

546 4926 642 4988 partes
664 4921 761 4974 Lunae
782 4921 949 4986 orientales,
972 4941 1032 4978 euru
1053 4928 1079 4978 A
1100 4924 1138 4977 sit
1158 4934 1289 4994 punctum
1317 4926 1464 4980 orientale*
1482 4928 1647 4997 eclipticas:
1675 4948 1762 4999 quare
1788 4935 1917 4990 illustra·

545 4996 649 5053 buntur
669 5000 724 5054 bae
745 5008 841 5069 partes
857 5002 899 5055 CF
920 5019 938 5056 a
959 5004 1087 5058 retractis
1109 5004 1232 5073 regionis
1249 5006 1277 5058 in
1292 5006 1379 5060 Terra
1400 5008 1566 5071 contrariae,
1589 5009 1770 5066 occidentalis
1794 5015 1916 5071 scilicet.

543 5074 584 5132 m
602 5078 668 5148 quis
688 5080 732 5134 CF
752 5087 797 5133 est
817 5080 879 5134 lata
899 5082 989 5151 portio
1003 5085 1113 5147 Lunae,
1135 5082 1197 5137 ideo
1218 5086 1314 5155 arguit
1334 5101 1451 5155 parram
1471 5087 1682 5150 refractionem:
1705 5109 1763 5163 qua
1783 5096 1917 5160 efficitur,

543 5159 577 5212 tt
594 5156 675 5228 regio
699 5175 752 5230 rgo
771 5160 903 5216 remotior
922 5161 960 5216 sit
980 5177 999 5217 a
1019 5164 1117 5227 Terra,
1139 5161 1301 5235 Lunamque
1320 5165 1371 5221 rix
1390 5166 1469 5222 tenui
1489 5183 1619 5222 mamone
1640 5168 1775 5243 stringat.
