4584 6192
938 574 1060 627 conon
1078 574 1181 640 opaea
1693 573 1732 641 31

377 759 527 808 mensura
549 745 628 809 haec
650 746 741 823 dicet,
766 748 795 810 in
811 748 925 810 vertice
948 750 1122 812 sumendam
1138 769 1206 811 esse
1229 757 1345 831 partem
1367 749 1561 814 horizontalis
1576 751 1738 815 retractio-

378 835 427 896 nis
448 834 655 898 uullesimam.

466 921 677 986 Exerceamur
699 924 728 986 in
752 923 808 987 hoc
831 924 1037 1005 problemate:
1063 926 1105 987 sit
1127 926 1280 1006 proportio
1304 926 1496 989 retractionis
1521 927 1549 990 iu
1574 925 1600 991 G
1623 928 1663 989 ad
1686 946 1738 990 re·

380 1011 562 1074 tractionem
595 1013 627 1073 in
649 1011 677 1074 Ε
701 1033 746 1085 ea,
779 1031 856 1092 quae
881 1011 924 1077 60
948 1014 987 1073 ad
1010 1010 1065 1077 13.
1111 1015 1209 1077 Auter
1238 1015 1277 1076 ab
1300 1015 1357 1077 hac
1388 1017 1612 1096 proportionem
1635 1015 1739 1094 auguli

378 1133 466 1196 BDE
499 1135 540 1197 ad
577 1136 718 1216 angulum
745 1135 845 1212 EDC,
877 1156 920 1199 sc.
944 1097 1053 1238 ἓξὲξ
1081 1148 1129 1200 est
1161 1098 1248 1239 ἐξὲξ,
1289 1158 1361 1218 ergo
1389 1138 1545 1201 'residuum
1577 1139 1637 1201 erit
1668 1100 1738 1241 6-2—'9‘'

454 1253 508 1307 121

379 1293 429 1355 rel
454 1325 529 1398 3'7‘8’
575 1293 748 1373 Longitudo
780 1294 873 1374 igitur
902 1294 1048 1356 linearum
1071 1292 1141 1370 DC,
1176 1294 1233 1356 DE
1256 1276 1400 1358 statuitur
1425 1293 1501 1372 178,
1528 1293 1610 1372 129;
1644 1316 1739 1379 quae-

382 1418 460 1480 ritur
482 1417 554 1480 BD.
600 1418 650 1479 Ita
672 1418 775 1497 posita
797 1417 992 1480 inclinatione
1014 1416 1089 1493 DE,
1114 1419 1162 1480 vel
1186 1419 1295 1497 angulo
1314 1418 1397 1480 BDE
1417 1416 1486 1495 70⁰,
1512 1420 1614 1501 Tycho
1640 1420 1742 1500 prodit

382 1507 600 1569 retractionem
623 1506 652 1568 iu
677 1507 704 1568 E
728 1506 770 1583 0‘,
794 1507 823 1568 in
850 1505 874 1568 C
899 1504 963 1569 30¹.
1009 1506 1077 1567 Hoc
1095 1506 1162 1584 jam
1185 1507 1297 1569 nullam
1321 1509 1455 1569 admittit
1477 1510 1738 1585 mensurationem,

385 1593 480 1656 debet
502 1613 622 1676 nempe,
647 1596 749 1676 optica
771 1596 908 1669 docente,
934 1595 1076 1656 retractio
1100 1595 1129 1656 in
1155 1595 1219 1675 ipso
1243 1596 1365 1657 tandem
1380 1596 1492 1658 vertice
1515 1598 1635 1678 penitus
1651 1597 1741 1658 auni-

383 1682 482 1745 hitari.
528 1682 611 1763 Ergo
635 1703 690 1745 nos
715 1690 895 1757 statuamus,
920 1683 1129 1745 retractionem
1154 1684 1225 1744 qu
1249 1704 1316 1746 esse
1343 1684 1383 1755 1‘,
1407 1685 1489 1765 quod·
1509 1685 1631 1747 tolerari
1650 1685 1742 1764 juxta

384 1806 592 1888 experimenta
624 1807 774 1888 Tyehouis
807 1814 920 1886 potest.
966 1807 1062 1868 Auter
1093 1808 1317 1888 proportionem
1340 1768 1376 1909 {g
1399 1828 1417 1869 a
1440 1808 1631 1888 proportione
1646 1774 1741 1911 {fiant

385 1925 435 2069 'ab’
459 1973 560 2030 restat
583 1926 626 2067 ἕο.
674 1964 814 2037 Qualium
847 1985 919 2047 ergo
950 1962 1006 2028 DC
1039 1964 1081 2029 70
1113 1968 1178 2041 (vel
1205 1966 1298 2044 178),
1331 1968 1434 2030 talium
1457 1968 1514 2030 DE
1546 1968 1691 2032 statuitur
1719 1965 1740 2034 3

386 2089 448 2202 (rel
474 2125 496 2189 7
526 2087 593 2228 {gh
631 2123 667 2188 Si
691 2145 761 2207 ergo
784 2127 841 2187 hoe
863 2134 953 2206 pacto
967 2125 1023 2187 BD
1043 2143 1162 2205 semper
1185 2126 1290 2188 eadem
1313 2126 1423 2207 prodit,
1447 2135 1518 2190 tunc
1542 2128 1617 2189 haec
1640 2126 1742 2209 posits

387 2270 528 2315 mensura
551 2249 743 2313 retractionis
766 2248 929 2311 conciliata
952 2255 1002 2310 est
1024 2266 1092 2309 curu
1116 2248 1328 2329 experimentis
1351 2249 1513 2331 Tychonis.

472 2391 567 2442 literis
581 2389 709 2441 Muosdiui
727 2389 854 2454 respoudit
869 2390 992 2453 Keplerus
1010 2389 1035 2438 d.
1053 2387 1095 2438 22.
1115 2389 1179 2440 Dec.
1201 2386 1268 2439 idib
1284 2391 1351 2442 huuc
1368 2391 1393 2440 in
1411 2391 1529 2441 modum:

472 2497 598 2562 Literas
621 2505 702 2571 tuas,
726 2495 901 2560 Clarissima
925 2497 979 2570 vir,
1003 2494 1055 2559 21.
1071 2496 1160 2577 Sept.
1185 2504 1217 2558 et
1240 2496 1270 2559 5.
1286 2496 1354 2560 Oct.
1378 2497 1508 2577 scriptas
1533 2497 1636 2578 accepi
1659 2498 1740 2579 legi·

390 2607 443 2668 que
465 2606 580 2667 magua
602 2606 669 2648 cum
692 2586 858 2664 voluptate.
904 2583 974 2647 Etsi
993 2603 1063 2646 vero
1086 2585 1304 2663 posterioribus
1323 2587 1486 2666 adjunctae
1501 2587 1621 2649 fuerunt
1634 2586 1741 2648 literae

389 2695 539 2751 meorum,
564 2676 671 2756 quibua
694 2674 828 2755 pericula
851 2673 1083 2734 continebantur
1105 2683 1138 2734 et
1162 2675 1329 2736 calumniae
1352 2674 1605 2737 sceleratissimae
1629 2681 1662 2736 et
1683 2692 1741 2754 po-

388 2766 484 2827 tentia
507 2763 749 2826 adversariorum
773 2770 805 2823 et
828 2780 931 2823 cursus
951 2761 1091 2841 justitiae
1111 2762 1290 2824 intercisus:
1315 2764 1422 2843 quibus
1445 2763 1569 2842 tragicis
1588 2763 1741 2825 narratio-

388 2854 473 2916 nibus
496 2852 615 2914 animus
640 2852 782 2931 abreptus
807 2851 857 2911 vin
880 2851 918 2910 ad
941 2851 1181 2930 respondendum
1197 2870 1230 2911 se
1245 2851 1415 2930 recolligit:
1439 2860 1550 2925 tamen,
1576 2852 1645 2931 quia
1668 2850 1740 2912 mit·-

388 2942 496 3004 teudos
520 2948 570 3002 est
591 2940 783 3015 tabellarius,
816 2938 967 3018 piaculum
998 2938 1124 3001 uidebar
1146 2939 1377 3021 commissurus,
1411 2941 1436 3003 si
1470 2940 1543 3002 nihil
1575 2938 1741 3020 respoude-

387 3050 457 3094 rem.
496 3029 608 3102 (Venit
629 3029 747 3092 interea
769 3029 864 3090 trater
887 3046 970 3088 meus
986 3046 1051 3088 cnm
1070 3035 1176 3101 matre,
1201 3028 1304 3109 itaque
1326 3048 1385 3090 non
1408 3028 1468 3091 alio
1490 3028 1650 3091 tabellario
1665 3046 1741 3108 opus

387 3119 503 3191 habui.)

472 3208 537 3270 Pro
570 3206 719 3268 solutione
751 3203 948 3286 problematis
976 3201 1120 3283 simplicis
1144 3223 1201 3283 ago
1226 3204 1361 3283 gratias,
1394 3204 1452 3267 etsi
1483 3224 1521 3266 ex
1544 3223 1601 3285 qno
1634 3201 1743 3283 scripsi

389 3305 483 3360 cotan
522 3295 601 3358 hauc
638 3295 874 3375 speculationem
913 3292 1021 3371 abjeci.
1068 3290 1185 3354 Nititur
1223 3294 1300 3354 enim
1338 3313 1421 3356 mera
1457 3292 1617 3375 hypothesi
1656 3312 1742 3355 corn-

388 3384 522 3466 putaudi,
554 3384 603 3445 cui
632 3384 676 3445 rei
708 3382 803 3462 ipsius
836 3381 908 3442 nihil
942 3381 1056 3442 subest.
1103 3379 1195 3442 Posui
1225 3381 1312 3456 euim,
1346 3391 1464 3444 tantam
1488 3401 1556 3468 esse
1580 3381 1743 3443 densitatis

387 3473 476 3537 medii
499 3473 648 3535 rationem
671 3472 701 3532 in
726 3471 861 3553 quolibet
883 3470 994 3531 extimo
1018 3481 1129 3547 puncto
1154 3470 1319 3547 superficiei
1339 3471 1429 3544 aeris,
1455 3478 1567 3550 quanta
1591 3476 1641 3531 est
1662 3471 1742 3532 ratio

389 3560 585 3643 longitudinis
618 3561 715 3622 lineae
748 3579 786 3620 ex
809 3558 895 3619 oculo
928 3558 967 3618 ad
995 3556 1069 3618 illud
1091 3566 1244 3636 punctum.
1289 3559 1385 3639 Atqui
1418 3559 1528 3621 scimus
1558 3578 1597 3620 ex
1620 3557 1741 3637 opticis,

388 3650 579 3714 retractionis
602 3649 728 3727 angulos
752 3646 873 3709 tonuari
897 3647 926 3707 in
951 3645 1018 3724 ipsa
1040 3643 1206 3724 superficie,
1242 3666 1296 3707 nec
1319 3646 1477 3710 immisceri
1506 3647 1742 3727 profunditatem

389 3740 477 3803 medii
500 3736 604 3811 densi,
629 3756 696 3798 cum
719 3736 822 3798 radius
844 3734 874 3796 iu
899 3734 995 3795 medio
1020 3734 1112 3795 denso
1137 3752 1195 3795 nou
1219 3734 1317 3796 miuus
1340 3736 1382 3797 sit
1405 3744 1520 3810 rectus,
1545 3754 1633 3816 quam
1657 3734 1741 3796 toris.

471 3826 681 3891 Illustrabitur
704 3814 804 3886 autem
828 3823 964 3884 detectus
988 3821 1075 3901 hujus
1111 3821 1317 3903 hypotheseos
1348 3824 1511 3887 collatione
1538 3823 1742 3904 hypotheseos

389 3917 524 3980 terioris.
571 3916 606 3976 lu
631 3912 740 3993 opticis
771 3919 843 3992 post
865 3911 1008 3991 plurimas
1031 3919 1168 3971 tentatas
1196 3912 1418 3993 suppositiones
1442 3912 1563 3974 taudem
1584 3911 1742 3972 devolutus

391 4025 452 4068 sum
475 4004 517 4066 ad
539 4004 627 4066 hanc.
676 4000 762 4073 Cum,
795 4020 852 4080 quo
876 4000 974 4078 major
1005 4008 1054 4060 est
1076 3998 1166 4060 medii
1191 3998 1338 4075 densitas,
1371 4002 1428 4065 hoc
1456 4001 1552 4080 major
1585 3998 1744 4078 contingat

389 4094 416 4156 in
438 4094 506 4174 ejus
530 4090 687 4172 superticie
711 4089 861 4164 retractio,
881 4107 944 4168 ‚quo
960 4087 1081 4149 densius
1104 4088 1196 4167 igitur
1210 4089 1340 4151 occurrit
1353 4109 1442 4151 uuum
1465 4099 1498 4151 et
1513 4089 1593 4151 idem
1610 4087 1742 4150 medium
1788 4130 1790 4134 ψ

389 4183 470 4246 radio
493 4179 702 4260 refringendo,
732 4179 789 4240 hoe
812 4177 909 4255 major
933 4184 981 4238 est
1004 4176 1146 4238 retractio
1171 4175 1251 4239 illius
1279 4198 1435 4254 occursus,
1468 4184 1542 4260 puta
1568 4195 1658 4238 unum
1689 4195 1742 4240 re-

391 4269 546 4334 tractionis
571 4270 762 4330 elemeutum.
808 4266 854 4327 At
885 4265 1048 4326 densitatis
1081 4271 1273 4344 augmentum
1305 4285 1359 4347 per
1385 4267 1486 4329 varios
1515 4284 1656 4328 occursus
1689 4284 1742 4328 se-

392 4361 487 4440 quitur
527 4355 753 4440 proportionem
794 4361 961 4416 secantum.
1018 4352 1087 4414 Sint
1132 4352 1211 4413 enim
1423 4407 1451 4454 F,
1503 4404 1533 4453 Π

391 4450 462 4510 duae
483 4445 653 4528 parallelae
667 4445 734 4515 AB,
750 4440 819 4510 OD.
845 4460 968 4523 quarum
992 4440 1139 4502 distantia
1153 4438 1207 4501 BC
1444 4419 1479 4470 ¹⁸·
1535 4441 1542 4454 ‘
1626 4530 1654 4568 l

392 4535 547 4599 adumbrat
578 4531 667 4595 nobis
704 4532 893 4593 latitudinem
925 4529 1001 4592 radii
1037 4529 1208 4611 physicam

393 4625 458 4704 onia
485 4623 630 4688 retractio
663 4641 720 4682 nou
754 4621 902 4699 contingit
930 4619 1040 4691 radiis,
1074 4627 1108 4679 nt
1139 4625 1211 4679 sunt
1293 4614 1295 4618 ’
1621 4610 1668 4674 l

393 4712 503 4787 lineae,
532 4712 589 4774 sed
611 4717 646 4772 ut
669 4717 741 4771 sunt
763 4711 864 4789 aliqua
882 4707 1054 4787 superficies
1076 4723 1208 4785 perpen-
1513 4753 1515 4756 .

394 4801 560 4866 diculariter
575 4807 679 4862 erecta
693 4817 782 4877 super
797 4800 931 4859 densum.
968 4796 1050 4874 Ergo
1064 4796 1092 4857 si
1106 4795 1209 4855 radios

395 4887 443 4953 bc
463 4900 550 4955 recta
566 4887 757 4951 ‘occurrisset
783 4887 882 4949 medio
904 4886 999 4947 denso
1022 4882 1097 4957 Ac,
1130 4882 1210 4944 ratio
1316 4876 1335 4923 B

396 4978 454 5057 ejus
476 4977 640 5043 densitatis
664 4976 841 5038 adumbrata
864 4974 972 5036 fuisset
993 4973 1023 5034 iu
1047 4972 1103 5034 hoc
1126 4978 1211 5032 recto
1260 4993 1288 5044 A
1349 5015 1366 5064 ο
1429 5027 1431 5031 ,
1571 4814 1682 5058 “A

398 5085 526 5146 utrumn,
559 5085 615 5150 per
644 5062 714 5140 BC,
747 5073 782 5126 at
812 5063 882 5146 quia
913 5060 968 5125 DC
993 5060 1122 5123 occurrit
1153 5057 1223 5164 ipsi
