4584 6192
567 594 636 665 324
1061 596 1235 646 mma
1253 594 1430 660 senopem

568 774 668 839 mlum
690 781 745 837 aut
767 776 832 855 ejus
855 781 995 854 quartam
1017 780 1144 853 partem.
1191 770 1278 842 Quae
1310 771 1445 853 quamvis
1477 770 1598 850 optieae
1630 772 1769 834 facultati
1792 771 1929 853 comata

568 862 710 938 materia,
743 863 866 943 propria
895 871 996 924 tauma
1020 869 1069 922 est
1090 861 1189 941 partis
1212 861 1414 922 astronomiae
1437 859 1648 929 mechanicae,
1672 879 1761 941 quam
1784 871 1928 924 sumtuo-

569 952 690 1016 sissime
714 951 917 1015 nobilissimus
939 952 990 1011 ille
1014 951 1117 1031 Tyoho
1141 951 1283 1023 excoluit,
1307 949 1536 1028 diligentissime
1558 966 1631 1009 vero
1655 950 1791 1013 tradidit.

658 1040 774 1102 Deinde
798 1059 864 1101 cum
887 1058 942 1101 neo
964 1057 1062 1099 rerum
1087 1048 1196 1101 natura
1217 1040 1355 1118 patiatur
1376 1057 1430 1100 nec
1454 1056 1575 1115 semper
1597 1057 1670 1099 usus
1693 1039 1783 1115 ferat,
1807 1048 1844 1101 ut
1868 1058 1927 1120 ap-

569 1129 689 1211 pulsum
715 1129 847 1190 siderum
879 1129 918 1190 sd
948 1128 1056 1189 stellas
1085 1129 1162 1189 lixas
1194 1137 1333 1190 notemus
1364 1126 1459 1187 oculis
1490 1127 1635 1199 (interdiu
1663 1146 1794 1208 namque
1824 1129 1931 1190 sidera

570 1219 694 1291 latent),
719 1217 884 1279 astronomi
900 1216 958 1278 sibi
980 1217 1057 1277 alias
1081 1225 1180 1279 metas
1203 1224 1432 1296 proposuerunt,
1457 1234 1477 1274 a
1499 1215 1607 1294 quibus
1629 1216 1794 1279 distantias
1817 1218 1931 1279 stella-

571 1326 638 1369 rum
660 1306 798 1368 arcuales
821 1314 1027 1379 numerarent;
1052 1325 1128 1386 quae
1152 1325 1211 1366 uou
1236 1316 1270 1366 ut
1293 1305 1401 1366 stellae
1425 1305 1503 1365 lixae
1527 1322 1565 1364 ex
1588 1305 1683 1365 oculis
1702 1306 1825 1376 abeunt,
1850 1307 1930 1367 orti·

572 1395 629 1458 baa
652 1403 684 1456 et
706 1393 863 1456 occasibus
886 1394 1055 1473 subjectae,
1084 1394 1138 1455 sed
1163 1414 1182 1454 a
1204 1393 1267 1455 suis
1291 1395 1449 1454 Terrarum
1480 1392 1554 1453 loeis
1586 1393 1676 1472 plane
1699 1402 1771 1456 suut
1803 1396 1930 1474 insepa-

572 1483 694 1547 rabiles.
721 1482 787 1545 Eae
811 1493 882 1546 suut
905 1483 1067 1562 cujuslibet
1089 1482 1147 1544 loci
1171 1481 1338 1554 horizon,
1362 1500 1450 1561 quem
1474 1489 1600 1541 extensa
1623 1482 1709 1561 quasi
1732 1483 1762 1544 iu
1781 1483 1931 1546 inlinitum

576 1572 688 1638 Terrae
711 1572 853 1651 planities
874 1573 1020 1646 ellormat,
1045 1579 1141 1632 totam
1162 1571 1322 1650 sphaeram
1336 1571 1437 1631 muudi
1460 1570 1490 1631 in
1514 1570 1572 1630 duo
1595 1570 1775 1633 adsensum
1790 1572 1932 1654 aequalia

571 1659 793 1740 hemisphaeria
817 1660 971 1734 dividens;
1001 1668 1033 1721 et
1056 1659 1220 1722 horizontis
1243 1660 1323 1721 illius
1353 1660 1470 1737 polus
1494 1678 1548 1720 seu
1569 1667 1730 1737 puuctum,
1755 1663 1836 1741 quod
1859 1679 1931 1723 ver-

573 1748 684 1811 ticibus
715 1750 860 1829 cuiusque
883 1748 941 1810 loci
972 1766 1145 1829 quocunque
1176 1757 1326 1809 momento
1355 1748 1497 1830 temporis
1521 1747 1663 1821 imminet,
1689 1749 1827 1829 quodque
1851 1751 1932 1811 linea

573 1837 779 1918 perpendiculi
802 1844 998 1911 monstratur,
1022 1837 1184 1899 meandum
1208 1855 1297 1917 quam
1320 1844 1353 1897 et
1374 1835 1476 1897 omnia
1498 1835 1605 1915 gravia
1619 1836 1758 1898 deorsum
1773 1838 1931 1918 rapiuntur

572 1937 606 1989 ot
627 1945 683 1987 uos
705 1926 782 1988 recti
805 1925 1008 1989 consistimus.
1050 1926 1116 1988 Hoc
1138 1934 1230 2005 pacto
1252 1924 1385 1987 naucleri
1409 1925 1532 2004 capiunt
1555 1923 1638 1986 Solis
1661 1926 1854 1987 altitudinem
1878 1946 1929 1988 re-

571 2023 680 2095 spectu
704 2014 886 2096 superficiei,
922 2033 976 2075 seu
999 2033 1087 2075 arcus
1116 2014 1241 2075 visionis
1273 2032 1327 2074 seu
1351 2013 1467 2091 auguli,
1500 2031 1586 2092 quem
1619 2013 1753 2074 efficiunt
1778 2014 1808 2075 iu
1842 2016 1929 2076 oculo

511 2119 518 2137 ‘
573 2103 661 2178 radii,
686 2112 717 2165 et
739 2124 759 2165 a
781 2102 854 2165 Sole
878 2112 910 2164 et
932 2102 971 2165 ab
995 2102 1148 2165 horizonte
1171 2103 1308 2182 subjecto
1332 2102 1497 2163 venientes.
1525 2103 1574 2162 lta
1598 2103 1762 2163 astronomi
1784 2104 1929 2178 angulum

572 2200 697 2264 notant,
728 2210 815 2271 quem
838 2189 921 2253 Solis
953 2192 1003 2252 vel
1033 2191 1141 2253 stellae
1172 2192 1275 2252 radius
1307 2210 1373 2252 cum
1397 2191 1478 2252 linea
1500 2191 1530 2251 iu
1553 2191 1740 2269 superficiem
1762 2191 1929 2253 horizontis

571 2279 815 2361 perpendiculari
837 2280 1018 2351 conformat,
1041 2281 1155 2358 regulis
1179 2289 1212 2341 et
1234 2280 1450 2360 quadrantibus
1474 2279 1512 2340 ad
1536 2279 1613 2340 bunc
1635 2299 1721 2340 usum
1744 2280 1930 2342 constructis

572 2388 639 2432 cum
663 2368 842 2430 libramento
865 2370 1040 2447 ponderum.
1083 2370 1145 2429 Sed
1170 2369 1248 2429 euim
1272 2388 1327 2447 ego
1351 2368 1389 2427 de
1412 2366 1560 2429 industria
1582 2386 1650 2428 oum
1672 2368 1795 2429 rudibus
1818 2369 1929 2430 balbu-

573 2458 630 2520 tire
650 2457 745 2537 coepi,
768 2465 802 2519 ut
820 2457 939 2518 occasio
953 2457 1025 2519 mihi
1040 2457 1171 2530 daretur,
1196 2458 1225 2518 in
1242 2457 1389 2537 quendam
1403 2455 1555 2538 Tychouis
1575 2475 1704 2517 motuum
1723 2458 1928 2519 exclamaudi:

573 2546 623 2627 qui
656 2563 721 2607 cum
751 2547 789 2607 ob
821 2544 935 2624 ingenii
974 2546 1151 2607 felicitatem
1189 2546 1268 2607 inter
1305 2553 1494 2607 astronomos
1527 2545 1733 2607 connumerari
1764 2547 1928 2625 potuisset,

572 2653 639 2696 cnm
662 2634 797 2713 opificum
823 2632 912 2711 vulgo
936 2633 1067 2712 ineptias
1090 2635 1159 2713 plus
1183 2653 1270 2713 quam
1293 2633 1424 2712 pueriles
1455 2634 1615 2695 cavillandi
1641 2634 1762 2695 libidine
1786 2634 1929 2696 deblate-

573 2741 641 2785 rare
665 2721 779 2796 maluit,
804 2729 838 2783 ut
861 2721 1009 2782 baberent
1030 2722 1149 2783 seilicet
1170 2723 1311 2801 imperiti,
1336 2740 1393 2800 quo
1417 2723 1563 2800 magistro
1587 2723 1682 2783 bonas
1706 2729 1789 2784 artes
1804 2741 1930 2804 carpere

575 2812 729 2873 auderent.
783 2810 927 2890 Negabat
958 2810 1186 2873 observationes
1218 2811 1370 2893 Tychouis
1403 2812 1474 2883 (has
1509 2830 1633 2873 arcuum
1665 2830 1719 2872 seu
1751 2813 1931 2891 angulorum

573 2899 753 2962 visoriorum
774 2916 828 2979 per
850 2899 1050 2962 instrumenta
1072 2900 1272 2963 subtilissima
1301 2901 1523 2963 numerationes
1551 2901 1678 2980 putans)
1706 2919 1743 2961 ea
1766 2919 1837 2962 esse
1860 2920 1929 2963 cer-

574 2988 703 3052 titudine
727 2997 759 3050 et
780 2987 963 3064 subtilitate,
996 3007 1055 3068 qua
1078 2990 1116 3051 ab
1136 2999 1259 3052 auctore
1290 2989 1556 3067 praedicarentur;
1590 2989 1705 3050 coelom
1730 2989 1810 3052 enim
1834 2990 1930 3069 (quod

573 3078 657 3159 prius
689 3096 784 3157 aeque
812 3096 848 3139 ac
876 3076 1077 3139 instrumenta
1103 3096 1273 3140 mensuram
1304 3077 1394 3156 hujus
1422 3079 1522 3154 anguli
1550 3077 1652 3139 visorii
1681 3080 1867 3152 leceramus)
1901 3079 1930 3139 iu

573 3168 667 3230 molto
691 3166 792 3247 plores
815 3165 981 3245 particulas
1005 3167 1098 3229 dividi
1120 3186 1211 3246 posse
1234 3185 1346 3246 easque
1369 3167 1496 3228 notabili
1521 3166 1612 3247 plane
1645 3167 1870 3244 maguitudino,
1895 3167 1931 3229 de

574 3255 680 3337 quibus
703 3262 907 3317 astronomum
934 3264 1007 3335 post
1030 3274 1145 3318 omnem
1169 3255 1435 3318 instrumentorum
1458 3255 1659 3318 subtilitatem
1683 3255 1849 3317 etiamnum
1872 3257 1931 3317 du-

576 3344 672 3407 bitare
696 3362 820 3407 neeesse
844 3343 895 3405 sit,
932 3345 1027 3424 Atqui
1051 3345 1254 3407 dissimulavit
1276 3344 1403 3405 callidus
1426 3344 1502 3406 artis
1525 3346 1721 3417 obtrectator,
1747 3344 1827 3406 huuc
1850 3346 1930 3407 stel-

575 3433 670 3496 larum
694 3432 786 3494 situm
809 3452 903 3494 eausa
926 3433 1103 3513 superficiei,
1127 3435 1241 3513 hasque
1265 3433 1439 3504 distantias,
1461 3435 1518 3495 has
1537 3432 1713 3495 altitudines
1736 3442 1770 3495 et
1792 3452 1929 3513 quocun·

573 3539 630 3603 que
661 3521 779 3582 nomine
809 3521 869 3582 alio
897 3522 1034 3597 veniunt,
1065 3541 1123 3585 non
1152 3523 1268 3584 institui
1297 3522 1335 3583 ob
1363 3540 1412 3582 res
1443 3542 1496 3585 seu
1527 3523 1635 3584 stellas
1658 3523 1742 3602 ipsas
1775 3523 1930 3601 primario,

573 3627 697 3691 quarum
721 3607 800 3671 inter
822 3619 928 3673 centra
950 3611 1121 3690 hujusmodi
1144 3631 1233 3673 arcus
1256 3630 1315 3673 uon
1339 3610 1498 3686 intersunt,
1522 3613 1576 3673 sed
1600 3612 1638 3673 ob
1662 3610 1758 3673 visum
1777 3620 1931 3685 nostrum;

573 3708 729 3779 totumque
753 3698 809 3760 hoe
833 3700 985 3778 negotium
1013 3701 1043 3761 iu
1071 3700 1257 3762 astronomia
1286 3698 1395 3779 opticis
1427 3701 1594 3762 rationibus
1626 3700 1699 3774 niti,
1733 3717 1770 3760 ac
1802 3700 1932 3779 proinde

572 3789 699 3851 stultum
723 3807 802 3860 esse,
825 3788 915 3850 aliam
938 3788 1149 3863 subtilitatem,
1176 3807 1264 3869 quam
1288 3807 1364 3868 quae
1387 3790 1455 3851 visu
1477 3789 1628 3869 praestari
1650 3788 1759 3868 possit,
1783 3789 1931 3850 affectare

572 3877 666 3953 vella;
690 3875 851 3958 superbum
874 3895 945 3940 vero
969 3886 1001 3940 et
1024 3877 1194 3951 barbarum,
1219 3879 1294 3939 haue
1318 3877 1469 3951 visoriaru,
1495 3897 1571 3958 quae
1595 3878 1682 3939 nobis
1706 3877 1745 3937 ad
1768 3877 1932 3939 veritatem

571 3968 685 4048 primm
708 3974 758 4029 est
781 3965 890 4039 aditus,
915 3966 1050 4045 rejicere.
1089 3967 1156 4028 Non
1181 3968 1336 4046 profitetur
1358 3967 1460 4047 itaque
1484 3986 1578 4047 neque
1598 3966 1699 4049 Tycho
1723 3984 1819 4045 neque
1844 3966 1931 4045 quis-

573 4075 663 4136 quam
687 4074 797 4128 sanus,
823 4072 856 4116 se
880 4055 955 4116 adeo
980 4055 1039 4117 levi
1062 4074 1156 4135 opera
1178 4056 1324 4134 genuinas
1348 4065 1381 4118 et
1403 4056 1578 4118 verissimas
1607 4056 1737 4116 siderum
1765 4054 1932 4117 distantias

572 4143 708 4223 situsque
731 4143 761 4205 iu
784 4142 887 4205 mundi
910 4144 1055 4207 diametro
1079 4162 1133 4223 per
1156 4144 1212 4206 hos
1231 4146 1494 4208 instrumentorum
1518 4164 1605 4205 arcus
1629 4144 1779 4224 paudere:
1804 4144 1861 4207 sed
1875 4144 1933 4204 hoe

574 4232 740 4310 profitetur,
765 4250 799 4293 se
822 4232 905 4295 visus
928 4233 958 4296 iu
982 4233 1110 4294 videndo
1134 4232 1350 4301 subtilitatem,
1383 4234 1575 4295 arithmetica
1597 4232 1700 4294 visorii
1723 4251 1812 4293 arcus
1840 4232 1932 4294 diuu-

574 4320 740 4384 metatione
763 4321 1004 4401 geometriaeque
1027 4322 1173 4385 divisione
1197 4322 1326 4395 imitari;
1355 4323 1493 4403 viamque
1517 4331 1633 4385 struere
1656 4340 1710 4403 per
1733 4321 1790 4382 has
1809 4322 1931 4382 distan-

573 4409 633 4473 tias
661 4406 788 4471 visorias
819 4410 858 4471 ad
887 4408 1061 4475 verissimos
1093 4410 1171 4472 situs
1199 4412 1331 4473 siderum
1364 4413 1395 4473 iu
1423 4413 1569 4474 diametro
1600 4411 1702 4474 muudi
1730 4410 1931 4489 indagandos.

571 4499 675 4578 Atque
700 4497 775 4561 haee
797 4508 965 4581 opportuno
988 4501 1025 4562 de
1049 4500 1109 4562 situ
1133 4501 1299 4575 stellarum,
1325 4521 1417 4563 causa
1435 4502 1602 4579 superficiei
1624 4501 1673 4561 vel
1692 4499 1794 4579 auguli
1816 4499 1933 4572 visorii,

571 4587 602 4649 iu
625 4586 756 4666 gratiam
779 4588 929 4650 rudiorum
952 4589 1111 4668 repetiisse
1136 4589 1288 4670 digitoque
1312 4598 1498 4652 monstrasse
1522 4585 1719 4661 sufficiat.⁸⁸)

676 4723 706 4788 2.
740 4729 792 4789 De
816 4729 1016 4791 altitudine
1040 4729 1199 4793 siderum
1223 4750 1242 4791 a
1265 4738 1390 4792 centro
1414 4730 1549 4793 Terrae
1573 4740 1609 4794 et
1631 4728 1822 4811 parallaxi

998 4819 1040 4880 ob
1065 4818 1284 4882 distantiam
1309 4819 1501 4882 oculorum.

658 4938 811 5021 Sequitur,
836 4948 870 5005 ut
888 4941 925 5006 de
944 4941 1004 5005 situ
1028 4943 1184 5008 stellarum
1205 4963 1299 5006 causa
1322 4943 1462 5007 diametri
1484 4943 1586 5005 muudi
1604 4942 1713 5015 dicam,
1738 4943 1845 5005 eodem
1864 4951 1933 5006 tra-

569 5027 644 5092 mite
666 5047 811 5110 pergeus‚
847 5038 881 5098 ut
904 5049 963 5110 qua
985 5030 1014 5093 iu
1038 5041 1125 5111 parte
1148 5032 1219 5093 novi
1247 5033 1317 5111 quid
1341 5031 1477 5095 eruditis
1506 5050 1673 5113 proponere
1705 5051 1765 5093 nou
1795 5050 1934 5111 possum,

567 5118 755 5198 populariter
778 5119 912 5183 eruditos
934 5139 990 5200 pro
1011 5120 1125 5186 viribus
1149 5120 1297 5199 adjuvem,
1320 5128 1463 5202 quantum
1487 5122 1630 5184 instituta
1651 5121 1787 5183 brevitas
1801 5122 1923 5201 patitur
