4584 6192
482 563 549 633 588
904 570 1004 620 Literae
1022 569 1125 634 Kapleri
1143 569 1295 637 ahommque
1313 580 1415 624 mutuae

478 743 547 811 long.
567 738 695 807 1707010
714 740 1445 814 ,4,44444444414441444444414444444444444444
1471 751 1576 809 visiun,
1601 750 1841 820 ruodhelogh

478 818 734 867 rseummoustrsbat
753 817 954 882 sequotardins.

568 889 656 939 Altera
673 890 819 945 4444444114,
837 889 952 937 instituta
970 888 994 937 d.
1016 887 1056 936 17.
1076 886 1145 950 (27.)
1164 888 1256 941 Martii.
1276 890 1355 940 dabat
1371 891 1430 942 mhi
1449 905 1541 942 mane:

779 956 884 1009 144443.
920 958 946 1006 0¹
966 959 1122 1009 altitudinem
1141 962 1221 1010 cordis
1239 961 1333 1025 scorpii
1385 998 1393 1010 .
1430 960 1533 1013 wie

807 1065 821 1087 ‚
859 1027 884 1077 4.
922 1031 948 1079 5.
967 1031 1010 1080 414
1027 1029 1114 1079 Norae
1132 1033 1160 1080 in
1176 1033 1264 1083 eodem
1282 1032 1391 1083 44144444
1427 1031 1533 1082 2020.

806 1136 819 1159 ,
857 1102 884 1149 4.
903 1100 946 1150 50.
966 1101 1009 1150 414
1029 1100 1159 1159 Saturni„
1207 1140 1220 1161 „
1327 1141 1340 1163 ,,
1428 1102 1469 1153 rt.
1488 1103 1533 1153 40.

779 1170 932 1223 0144444444
950 1172 1036 1223 Norae
1055 1185 1072 1222 a
1089 1174 1163 1223 corde
1182 1172 1300 1237 Seorpii.
1337 1211 1344 1223 .
1382 1210 1389 1224 .
1428 1173 1471 1224 14.
1490 1172 1533 1223 43.

984 1275 996 1296 s
1055 1279 1068 1302 „
1088 1258 1156 1308 genu
1169 1244 1253 1294 dextro
1266 1244 1389 1309 Ophiuchi
1444 1244 1468 1293 7.
1488 1244 1532 1294 20.

984 1351 997 1372 ,,
1055 1315 1532 1372 ,8414444....8.28.

849 1421 862 1443 „
982 1421 995 1442 ,
1054 1422 1067 1443 ,
1087 1385 1244 1435 lemoresin.
1264 1385 1327 1451 Oph
1377 1419 1384 1433 .
1422 1384 1464 1437 18.
1483 1384 1527 1437 48.
1546 1388 1585 1439 rel
1604 1383 1650 1437 15⁴

849 1491 862 1513 „
928 1453 1029 1504 Saturni
1048 1469 1064 1506 4
1082 1458 1157 1507 44444
1175 1456 1296 1521 Scorpii.
1335 1492 1342 1506 .
1379 1493 1386 1505 .
1423 1456 1467 1507 22.
1487 1455 1530 1508 32.

564 1526 662 1577 Addam
681 1532 709 1575 44
725 1524 795 1582 illud,
822 1525 887 1589 quod
906 1526 938 1576 de
955 1529 1128 1592 magnitudine
1152 1526 1245 1578 Stellae
1270 1543 1351 1578 norae
1377 1536 1437 1579 tuoe
1464 1537 1643 1580 444444444444
1670 1530 1710 1578 his
1737 1530 1839 1580 meis:

472 1598 557 1649 hen
575 1604 602 1648 44
618 1597 763 1663 magnitudo
782 1596 871 1646 4441144
888 1598 991 1646 multum
1009 1598 1170 1654 decreveratr
1189 1614 1254 1664 quae
1273 1601 1339 1649 enim
1357 1602 1476 1664 superiori
1499 1615 1566 1650 anno
1583 1601 1720 1664 superabat
1736 1600 1835 1658 Jove,

473 1684 541 1721 armo
560 1667 668 1718 Saturno
686 1669 759 1732 longe
786 1668 900 1726 inferior,
929 1684 978 1718 non
995 1669 1100 1718 multum
1128 1671 1265 1720 excedebat
1291 1671 1378 1721 stelias
1403 1674 1471 1721 tertii
1497 1673 1602 1728 ordinis,
1628 1672 1716 1736 444144
1734 1679 1796 1722 sunt
1810 1673 1837 1721 14

472 1748 578 1805 utroque
605 1755 672 1805 genn
691 1737 829 1803 Ophiuchi,
847 1746 877 1789 ut
893 1739 940 1789 hoc
958 1746 1068 1802 ternpore
1096 1755 1143 1790 nec
1171 1756 1227 1790 eum
1255 1742 1328 1791 corde
1347 1741 1449 1806 Scorpii,
1477 1758 1525 1793 444
1543 1758 1600 1793 eum
1618 1743 1725 1808 Aquilae
1753 1743 1838 1793 144144

473 1813 611 1875 comparari
629 1812 745 1874 potnerit
782 1810 852 1860 Inter
869 1812 1052 1860 observationes
1077 1812 1158 1860 444414
1176 1810 1271 1876 Scorpii
1290 1819 1317 1862 44
1333 1812 1421 1864 Norae
1438 1814 1590 1879 horologium
1612 1815 1691 1863 dabat
1707 1814 1735 1862 h.
1758 1813 1781 1862 1.
1800 1812 1837 1870 b‘,

471 1883 528 1947 ipsa
539 1897 597 1931 rero
610 1882 690 1931 cordis
700 1879 795 1945 Scorpii
804 1881 909 1931 altitudo
922 1882 1069 1931 ostendebat
1082 1883 1201 1947 angulum
1214 1883 1392 1933 asimuthalem
1404 1880 1469 1933 1080
1482 1882 1521 1933 10·
1532 1912 1574 1944 -,
1586 1901 1632 1935 seu
1641 1886 1837 1934 declinatio·-

474 1953 585 2004 asimuth
607 1968 623 2003 4
644 1953 782 2003 meridiano
800 1954 826 2001 in
844 1959 924 2002 ortum
945 1948 992 2000 110
1010 1952 1063 2013 50,
1082 1961 1109 2002 44
1126 1968 1177 2004 444.
1197 1962 1292 2004 rectam
1309 1956 1384 2004 medii
1402 1957 1466 2005 coeli
1484 1952 1552 2005 2280
1568 1953 1621 2013 330,
1640 1956 1763 2020 equdem
1782 1959 1837 2018 411

473 2024 596 2075 1114144414
614 2039 630 2074 4
646 2024 729 2073 medio
757 2023 819 2072 coeli
845 2024 960 2087 prodibat
987 2021 1035 2071 120
1054 2021 1143 2087 ⁴⁸¹is‘·
1179 2024 1245 2074 lt'am
1272 2025 1375 2075 tabulae
1397 2026 1521 2089 Tyehonis
1549 2041 1600 2077 444.
1628 2033 1726 2077 rectam
1753 2027 1837 2076 444414

474 2093 569 2159 fleorpii
597 2089 890 2152 4044444442410221
910 2110 966 2144 enm
994 2095 1057 2145 decl.
1087 2103 1164 2144 amtr.
1191 2094 1240 2143 250
1257 2094 1309 2144 27⁴.
1345 2096 1439 2146 Postea
1464 2098 1552 2147 stellae
1580 2112 1660 2147 norae
1684 2097 1793 2147 41411444
1811 2104 1836 2147 44

473 2167 579 2232 angulus
603 2165 761 2216 asimnthnlis
785 2167 900 2215 inventus
925 2165 1085 2229 prodiderunt
1109 2170 1163 2229 ejus
1188 2167 1378 2217 declinationem
1397 2165 1447 2216 210
1460 2166 1492 2216 0’
1509 2176 1536 2218 44
1553 2170 1700 2219 distantiam
1719 2183 1737 2218 4
1753 2168 1836 2218 nediu

473 2238 536 2288 eeeil
557 2233 605 2286 110
622 2235 677 2287 400.
716 2237 778 2286 Erat
795 2244 856 2287 4444
875 2238 901 2287 14
927 2239 1033 2287 44444144
1059 2236 1153 2287 8141144
1179 2253 1259 2288 norae
1286 2254 1331 2302 por
1355 2239 1466 2289 azimuth
1490 2254 1541 2289 444
1568 2247 1640 2290 44444
1665 2240 1744 2291 medii
1772 2240 1836 2289 oeeh

472 2305 540 2358 2440
557 2305 646 2372 48044
665 2322 697 2358 ex
713 2321 764 2372 qua
781 2308 869 2374 collegi
887 2323 938 2359 444.
959 2316 1053 2358 rectam
1065 2307 1153 2358 114444
1172 2305 1239 2359 2500
1250 2306 1347 2373 380104
1366 2317 1392 2361 44
1409 2312 1513 2362 taudem
1529 2311 1600 2361 loeus
1618 2314 1672 2373 elus
1689 2312 1717 2360 in
1731 2311 1835 2361 4441444

472 2380 611 2431 resultabat
633 2374 683 2427 170
700 2375 789 2442 34043
807 2394 864 2431 oum
881 2380 946 2429 latit
965 2380 1016 2428 bor.
1040 2375 1068 2428 10
1086 2377 1138 2427 470.

560 2459 638 2510 Vides
654 2461 737 2525 igitur.
756 2473 826 2510 meas
844 2461 1028 2510 observationes
1045 2474 1096 2509 444
1114 2461 1253 2510 4444444144
1271 2462 1297 2510 14
1315 2461 1424 2517 minutis,
1444 2464 1514 2523 enjus
1530 2463 1565 2511 rei
1584 2475 1687 2511 eausam
1706 2462 1789 2513 relero
1808 2465 1833 2513 in

471 2533 587 2596 temporis
605 2530 822 2589 incertitudinem
841 2546 897 2581 raro
911 2532 976 2580 enim
989 2530 1025 2588 114,
1044 2538 1072 2580 44
1083 2530 1236 2595 horologium
1253 2534 1364 2595 praecise
1382 2533 1531 2595 respondeat
1542 2534 1620 2582 motui
1633 2532 1705 2582 44411.
1732 2534 1833 2585 Deinde

472 2607 499 2653 et
515 2603 575 2653 illud
602 2603 725 2659 44444414,
753 2602 818 2665 quod
845 2602 971 2667 quadram
995 2602 1082 2651 obrui
1106 2604 1256 2665 parvitatem
1274 2604 1301 2652 in
1323 2603 1494 2653 altitudinibus
1522 2603 1650 2668 capiendis
1678 2604 1762 2655 414414
1788 2620 1833 2655 suo

470 2675 615 2725 tatisiaeere
634 2681 661 2723 et
677 2674 794 2737 sompnia
811 2680 899 2723 exacte
917 2673 1067 2739 distinguere
1085 2688 1135 2722 non
1153 2675 1241 2736 potuit

560 2752 721 2817 Philosophus
739 2753 781 2802 1114
799 2752 943 2811 Patarinus,
963 2757 1033 2817 cnjus
1051 2768 1107 2817 cap.
1129 2753 1169 2802 14.
1188 2755 1340 2804 mentionem
1357 2755 1432 2811 lacis,
1458 2766 1518 2803 soce
1542 2754 1708 2818 paralapseon
1726 2755 1833 2805 14444444

471 2824 574 2875 illudere
593 2825 670 2874 soluit
685 2824 767 2887 lapsui
786 2831 980 2874 astronomorum
999 2827 1065 2875 eirea
1082 2825 1149 2874 hane
1167 2827 1306 2876 materiam.
1331 2824 1395 2874 litut
1406 2826 1447 2887 sit,
1465 2830 1491 2875 44
1508 2826 1582 2873 risum
1601 2831 1628 2875 et
1642 2825 1833 2877 admhationem

471 2894 513 2947 lile
531 2902 646 2945 meretur.
683 2894 774 2953 Velim,
793 2899 847 2959 elus
866 2912 956 2947 nomen
975 2896 1120 2947 addidisses.
1159 2893 1256 2960 (Comp.
1276 2903 1362 2946 annot
1383 2893 1438 2955 28.)

560 2983 633 3045 Quae
650 2998 706 3049 cap.
725 2980 769 3033 23.
790 2986 821 3036 44
839 2987 946 3035 44444414
963 2985 1026 3035 44411
1044 2985 1168 3034 aiterablli
1186 2985 1287 3042 scribis,
1314 2986 1412 3034 intaeta
1429 2984 1552 3048 relinquo,
1580 2998 1628 3032 nee
1646 2984 1693 3033 4141
1711 2999 1830 3051 repugno,

470 3055 530 3121 quia
547 3056 601 3119 ipse
616 3058 670 3120 jam
689 3056 781 3108 dudum
799 3058 852 3106 lere
869 3059 895 3105 in
909 3071 965 3107 eam
983 3057 1135 3106 sentmtiam
1147 3071 1230 3121 vergo,
1249 3070 1314 3121 quae
1332 3057 1430 3105 alienae
1448 3055 1569 3104 materiae
1587 3056 1613 3103 in
1627 3055 1730 3105 aethere
1750 3056 1831 3106 loeum

469 3127 600 3176 4444411141
629 3142 735 3192 quomo
753 3129 906 3191 potissimum
924 3128 1001 3176 traxit
1018 3128 1156 3177 observatio
1184 3134 1344 3176 cometarum.
1381 3124 1475 3176 Verum
1492 3124 1558 3174 unde
1576 3125 1622 3174 1114
1645 3125 1736 3176 444441
1754 3130 1832 3191 possit

469 3202 516 3248 4444
532 3197 638 3254 debeat.
657 3200 682 3247 id
700 3213 740 3249 me
758 3199 880 3248 haetenm
904 3200 1011 3248 maxime
1038 3201 1156 3247 exercuit
1193 3197 1232 3247 Tu
1260 3201 1313 3260 ejus
1332 3199 1518 3263 generationem
1536 3204 1562 3245 et
1581 3195 1733 3247 efficientem
1759 3198 1831 3249 docte

468 3267 604 3333 investigas
616 3266 691 3333 (Cap.
705 3267 760 3330 24),
781 3269 978 3334 argumentando
996 3270 1028 3320 ab
1046 3270 1093 3318 isto
1112 3269 1203 3319 mundo
1222 3270 1349 3318 sublunari
1363 3269 1396 3318 ad
1414 3268 1566 3324 aethereum,
1585 3280 1632 3331 quo
1645 3272 1747 3319 nomine
1761 3278 1831 3319 tuam

467 3339 616 3390 indmtrism
633 3342 716 3390 lando.
753 3341 800 3390 Est
818 3349 903 3390 antem
920 3340 1001 3397 haee,
1021 3342 1127 3389 sirecte
1146 3354 1281 3403 assequor,
1300 3348 1345 3389 tna
1362 3342 1503 3388 sententia:
1526 3337 1735 3403 quemadmodum
1754 3340 1831 3390 ’14444

467 3417 570 3472 uetus,
596 3412 724 3477 globorum
741 3411 921 3460 mundanorum
940 3425 1018 3469 unus,
1046 3412 1194 3461 laenitatem
1211 3410 1288 3460 habet
1305 3411 1459 3467 naturalem,
1488 3424 1552 3472 quae
1570 3423 1615 3459 sue
1634 3410 1718 3460 calore
1738 3412 1831 3461 4441441

468 3495 573 3545 raperes
591 3491 617 3532 44
635 3483 744 3541 halitus,
770 3498 800 3531 ex
818 3484 905 3545 quibus
923 3483 1012 3532 deinde
1031 3483 1094 3531 finnt
1121 3491 1250 3541 meteora,
1274 3485 1524 3531 inconsentaneum
1547 3495 1619 3537 esse,
1643 3482 1689 3531 tali
1707 3482 1830 3531 laenitate

470 3555 546 3603 etiam
564 3555 670 3619 reliquos
683 3554 769 3618 globos
782 3554 931 3609 mundanos,
950 3554 1035 3603 stellae
1054 3555 1168 3603 nimirum
1182 3560 1207 3602 et
1220 3554 1334 3617 planetas
1348 3568 1402 3602 esse
1420 3552 1553 3615 praeditos,
1573 3558 1601 3600 nt
1614 3551 1644 3600 de
1657 3567 1685 3601 se
1702 3555 1830 3615 prolatant

469 3623 652 3684 exhalationes,
683 3640 747 3689 quae
774 3632 863 3688 postea
891 3625 982 3674 cedant
1001 3627 1027 3673 in
1050 3633 1160 3674 cometas
1179 3632 1205 3673 et
1222 3638 1299 3673 noras
1327 3624 1420 3672 stellas.
1457 3623 1505 3672 Hic
1533 3637 1624 3686 quaeso
1652 3626 1774 3686 patiaris,
1802 3631 1830 3673 nt

468 3709 607 3759 44444444,
636 3697 694 3760 qnid
712 3711 752 3746 me
770 3696 906 3759 impediet,
937 3711 984 3760 qno
1009 3698 1090 3744 minus
1107 3696 1167 3745 huie
1191 3698 1331 3744 sententiae
1359 3695 1519 3744 subscribam.
1557 3692 1637 3750 Nosti,
1657 3696 1691 3743 mi
1710 3694 1828 3758 Keplere,

467 3765 542 3831 longe
561 3767 637 3816 aliam
655 3782 710 3817 esse
737 3775 838 3817 4444444
857 3767 948 3816 Terrae
971 3780 1045 3831 qnam
1072 3767 1200 3816 stellarum
1226 3768 1362 3824 rationem,
1391 3765 1511 3830 siqnidem
1533 3763 1621 3812 harum
1649 3779 1755 3829 corpora
1771 3772 1829 3815 sunt

467 3838 606 3901 simplicia,
634 3839 770 3893 4144114414,
789 3846 815 3888 44
832 3845 896 3887 teste
919 3838 1063 3901 philosopho
1091 3839 1239 3901 purissima;
1267 3846 1353 3886 nostra
1371 3845 1455 3885 autem
1474 3835 1551 3884 Terra
1567 3850 1617 3884 non
1635 3836 1756 3900 simplex,
1784 3837 1827 3887 sed

468 3908 621 3959 dissimilmis
640 3917 666 3959 44
683 3911 788 3973 impura,
808 3911 846 3958 cui
860 3911 930 3959 varia
947 3910 1098 3958 diversorum
1117 3909 1311 3957 substantiarum
1330 3915 1357 3956 et
1374 3914 1623 3969 temperamentorum
1649 3922 1755 3971 corpora
1771 3915 1828 3957 sunt

466 3983 596 4043 permixta
635 3980 698 4029 Cum
726 3988 810 4029 antem
829 3980 861 4029 ad
881 3982 1004 4030 astionem
1031 3980 1207 4043 perficiendam
1235 3980 1378 4030 necessaria
1404 3981 1557 4042 requirantur
1585 3977 1651 4035 duo,
1681 3992 1781 4043 agens
1804 3987 1829 4028 44

468 4054 596 4114 patiens
615 4049 745 4115 (quidquid
764 4054 829 4100 eninr
848 4053 913 4115 agit,
933 4067 982 4099 non
1001 4054 1027 4100 in
1048 4066 1076 4100 se
1095 4053 1162 4115 agit,
1182 4050 1269 4099 sedin
1288 4048 1377 4110 41144),
1395 4049 1454 4099 hine
1473 4050 1564 4098 actioni
1583 4057 1609 4097 et
1626 4051 1737 4110 passioni
1761 4050 1830 4099 loeus

467 4121 567 4186 quidem
586 4121 703 4172 daturin
721 4130 807 4172 nostra
825 4122 937 4182 Tellure,
957 4124 998 4170 ubi
1017 4124 1078 4171 rarii
1096 4128 1228 4171 occurrunt
1250 4122 1363 4170 humores
1383 4127 1409 4170 et
1427 4122 1508 4175 succi,
1528 4121 1632 4183 inques
1651 4120 1721 4169 calor
1739 4120 1829 4170 Terrae

470 4194 595 4241 4441444444
615 4207 726 4242 exserere
745 4201 836 4257 potest,
856 4209 898 4243 eos
920 4193 1074 4242 attenuando
1094 4200 1120 4241 et
1132 4195 1157 4241 in
1170 4206 1273 4254 sapores
1292 4206 1322 4242 44
1341 4192 1434 4241 halitus
1454 4190 1605 4239 resolvendo.
1644 4190 1712 4251 Quid
1730 4205 1788 4241 vero
1805 4194 1830 4241 iu

469 4264 547 4313 4141114
566 4264 658 4313 dabis?
685 4263 767 4323 Quam
786 4266 950 4314 substantiam
970 4263 1145 4313 resolubilem?
1173 4264 1330 4313 Δ1444411144
1353 4262 1454 4311 humore
1480 4262 1561 4324 aliquo
1580 4270 1699 4311 4444444
1719 4264 1830 4328 periurat

467 4349 514 4385 seu
531 4342 700 4399 praegnantes
720 4336 796 4393 dices,
816 4337 896 4399 quiin
915 4348 1018 4398 sapores
1037 4334 1194 4383 resolvatur?
1213 4338 1248 4383 At
1265 4336 1301 4384 sic
1314 4349 1363 4382 non
1382 4339 1440 4382 sunt
1457 4347 1519 4395 pura
1532 4339 1558 4380 et
1576 4333 1700 4395 simplicis
1719 4349 1828 4398 corpora

467 4406 575 4467 Deinde,
596 4409 636 4456 441
648 4407 712 4456 4444
731 4408 866 4455 inserviunt
878 4414 930 4454 tum
943 4405 1029 4454 humor
1041 4406 1082 4454 ille
1100 4407 1138 4454 rel
1152 4407 1262 4471 analoga
1278 4407 1384 4454 materia
1396 4404 1455 4465 alia,
1470 4411 1522 4451 tum
1536 4402 1716 4460 exhalationes,
1729 4407 1756 4454 in
1769 4419 1830 4470 quar

467 4477 616 4528 resolvitur?
644 4482 684 4528 An
703 4485 732 4526 ut
750 4478 834 4541 reliqui
855 4477 962 4526 aetheris
980 4478 1088 4526 14441144
1106 4477 1228 4526 naturalis
1255 4476 1364 4531 habeat,
1391 4490 1439 4539 quo
1458 4474 1561 4523 subinde
1580 4483 1697 4540 repurget
1715 4478 1828 4541 inquina-

467 4550 574 4599 menta?
602 4548 631 4598 In
650 4556 733 4597 nostro
758 4549 831 4612 giobo
850 4549 901 4597 alia
919 4563 1003 4597 eornm
1022 4557 1060 4596 est
1078 4549 1190 4597 utilitas:
1216 4563 1275 4596 nam
1295 4547 1465 4595 exhalationes
1483 4561 1554 4594 sunm
1578 4546 1673 4594 habent
1691 4546 1786 4603 finem,
1803 4555 1830 4597 ut

467 4621 582 4670 nimirum
600 4627 728 4670 vertantur
745 4620 770 4667 in
788 4620 892 4683 pluvias,
912 4621 1002 4676 nivem,
1022 4634 1109 4676 rorem,
1128 4626 1222 4677 ventos,
1241 4618 1328 4683 qnibns
1351 4617 1507 4666 humectetur
1525 4623 1551 4665 et
1569 4617 1735 4668 foecundetur
1753 4617 1830 4668 Terra

467 4704 500 4741 44
517 4692 650 4741 mundetur
667 4695 718 4741 air.
755 4690 810 4739 Ista
828 4692 911 4740 omnia
929 4690 1018 4740 deinde
1037 4692 1173 4739 inserviunt
1197 4689 1368 4754 generationi,
1387 4694 1416 4736 nt
1434 4689 1573 4752 germinent
1590 4686 1684 4738 herbae
1703 4696 1730 4739 44
1748 4691 1829 4755 iungas

465 4762 493 4812 iu
511 4763 688 4812 nutrimentum
705 4769 732 4811 et
749 4763 955 4811 sustentationem
981 4763 1090 4809 omnium
1108 4762 1260 4810 animalium.
1299 4759 1379 4819 Quem
1397 4773 1468 4807 nsum
1493 4758 1620 4807 stellarum
1645 4759 1726 4823 globis
1744 4774 1828 4825 super·

467 4846 606 4884 raoaueum
625 4848 679 4883 ease
698 4847 771 4883 nemo
789 4834 901 4898 negabit,
920 4834 967 4881 nisi
985 4834 1026 4896 qui
1046 4847 1102 4881 eum
1119 4831 1229 4881 Jordano
1247 4831 1331 4881 Brnno
1349 4830 1446 4879 Nolano
1465 4837 1503 4879 tot
1519 4828 1626 4878 mundos
1650 4832 1752 4891 statuit,
1772 4839 1829 4897 quot

466 4910 527 4954 sunt
544 4905 611 4969 globi
628 4904 756 4953 mundani.
793 4904 827 4952 Et
844 4911 873 4953 nt
892 4905 1034 4952 summatim
1057 4903 1153 4960 414444,
1182 4908 1393 4952 excrementorum
1420 4908 1551 4964 proventus
1577 4902 1692 4950 comitari
1710 4903 1777 4952 solet
1792 4901 1829 4951 rei

468 4976 656 5040 generationem
674 4976 712 5025 rel
731 4974 890 5025 nutritionem
908 4975 947 5023 rel
974 4974 1098 5024 actionem
1125 4974 1173 5022 illis
1200 4973 1377 5029 famulantem,
1405 4979 1468 5036 puta
1494 4973 1640 5021 4444144444.
1679 4972 1771 5038 ltaque
1788 4973 1828 5022 ubl

467 5051 560 5096 ustura
577 5047 672 5096 nnllam
699 5047 806 5095 instituit
832 5047 1020 5111 generationem
1039 5051 1084 5093 ant
1109 5045 1285 5100 nutritionem,
1313 5045 1346 5093 ibi
1370 5044 1440 5092 nullo
1466 5043 1579 5106 producit
1606 5051 1787 5102 excrementa,
1803 5050 1828 5093 et

467 5118 578 5180 proinde,
596 5119 644 5168 nisi
662 5117 852 5176 demomtretur,
872 5116 1013 5168 scistellus
1031 5129 1153 5180 generare
1170 5115 1209 5165 rel
1228 5117 1314 5165 4444141
1331 5115 1369 5165 441
1384 5114 1517 5165 inhabituri
1535 5114 1567 5164 ab
1586 5116 1748 5174 animalibus,
1766 5129 1827 5184 quae
