4584 6192
917 574 949 626 re
966 573 1034 625 rur·
1052 573 1206 626 amusim
1225 573 1271 627 ae.
1707 574 1770 644 461

418 753 551 814 cultatee
584 752 700 814 aulicae
734 754 844 815 docent
873 752 1035 815 aestimare
1063 752 1155 814 etiarn
1183 754 1296 816 tenuia.
1365 752 1659 829 „Dissertatiouem“
1693 754 1775 818 edidi

417 841 492 904 meis
525 842 671 903 sumtibus
705 843 829 924 misique
862 842 1093 904 Frankolurtum
1124 842 1254 923 aliquem
1283 842 1400 922 justum
1433 862 1595 905 nnmerum.
1641 844 1773 906 Floren-

419 932 501 993 tinus
523 930 625 1010 itaque
659 933 865 1012 typographus
889 933 928 992 ad
952 932 1092 992 damnum
1115 952 1162 994 me
1187 932 1305 1010 redegit
1336 951 1392 992 ena
1416 932 1558 994 editione.
1605 932 1641 993 Id
1664 952 1717 1012 per
1740 951 1774 995 se

417 1021 620 1094 inhumanum,
646 1040 683 1079 an
708 1022 801 1081 etiam
823 1020 982 1099 injustum,
1013 1020 1124 1081 viderit
1146 1021 1310 1082 Florentia.
1357 1021 1436 1082 Nam
1466 1022 1491 1081 si
1521 1040 1577 1082 non
1609 1039 1774 1100 recognos-

417 1109 461 1171 cit
476 1108 639 1171 Caesarem
664 1110 854 1188 superiorem,
881 1109 953 1169 nihil
977 1128 1083 1188 queror
1092 1129 1100 1183 ;
1125 1110 1171 1170 sin
1196 1115 1306 1184 autern,
1332 1109 1470 1188 equidem
1494 1109 1651 1189 privilegio
1675 1111 1773 1172 muni-

419 1206 468 1260 tus
492 1206 559 1260 erat
581 1197 711 1260 libellus.
759 1199 887 1278 Propter
910 1198 987 1259 hanc
1011 1198 1240 1276 ambiguitatem
1263 1198 1293 1258 iu
1312 1217 1458 1277 suspenso
1484 1198 1550 1273 erit,
1576 1217 1633 1278 quo
1657 1199 1775 1262 nomine

418 1287 467 1348 ΙΙΙ.
493 1285 615 1349 Oratori
640 1287 695 1347 sim
720 1287 881 1365 obligatus.
927 1289 971 1347 At
994 1286 1050 1347 uisi
1076 1287 1184 1360 fallor,
1209 1306 1266 1347 non
1292 1288 1378 1347 sedet
1401 1287 1427 1348 is
1449 1288 1569 1366 Pragae
1593 1288 1775 1368 typographi

418 1396 517 1450 causa,
543 1376 597 1435 sed
621 1376 726 1454 Magni
741 1376 844 1448 Ducis,
871 1395 1014 1453 suamque
1038 1375 1269 1435 munificentiam
1293 1375 1350 1436 sibi
1373 1375 1516 1437 vindieat.
1564 1373 1679 1444 Quodsi
1703 1377 1776 1439 mihi

414 1465 490 1543 juris
513 1464 625 1543 aliquid
657 1472 739 1525 esset
763 1465 790 1524 iu
815 1464 1044 1545 typographum,
1069 1464 1296 1524 condemnarem
1321 1464 1402 1525 illum
1427 1465 1465 1525 ad
1480 1463 1604 1525 multam
1629 1464 1717 1539 hano,
1741 1473 1776 1528 ut

421 1552 481 1614 tuis
503 1552 602 1632 operis
627 1552 761 1613 solveret
783 1572 836 1632 pro
862 1572 918 1613 uno
943 1553 1020 1613 bono
1045 1560 1077 1613 et
1100 1553 1162 1613 lato
1187 1552 1264 1613 vitro
1288 1571 1436 1628 convexa,
1466 1553 1544 1632 quod
1573 1560 1657 1613 esset
1685 1553 1772 1635 frag·

418 1649 549 1703 mentum
583 1641 731 1720 sphaerae
768 1640 806 1703 12
831 1642 941 1721 pedum
965 1641 1180 1702 semidiametri
1209 1649 1261 1702 aut
1290 1641 1317 1702 ei
1349 1642 1577 1721 aequipolleret.
1622 1642 1703 1705 Nam
1726 1641 1775 1706 hic

417 1732 534 1809 Pragae
559 1730 648 1791 facile
673 1730 850 1804 invenirem,
876 1730 925 1809 qui
949 1748 1055 1791 cavum
1078 1729 1151 1790 mihi
1175 1730 1437 1804 accommodaret3
1472 1730 1500 1791 in
1533 1729 1676 1791 convexis
1700 1730 1774 1793 eolis

418 1819 580 1880 difficultas
605 1826 661 1880 est.
707 1817 778 1880 Suis
803 1819 880 1879 enim
902 1818 1013 1897 phialis
1036 1836 1141 1898 pamm
1166 1819 1301 1880 efficiunt
1332 1826 1363 1878 et
1394 1837 1463 1879 rnea
1492 1817 1610 1880 dictata
1633 1818 1776 1882 simulant

416 1927 449 1969 se
473 1927 634 1987 epemere,
667 1926 785 1987 exque
816 1907 961 1986 intelligo,
987 1927 1054 1968 esse
1077 1907 1153 1987 ipsis
1177 1907 1354 1987 expiscandi
1378 1906 1545 1969 consilium.
1591 1906 1694 1988 Atque
1718 1926 1774 1988 ego

417 2006 532 2058 sumtus
555 2016 612 2057 non
636 1995 733 2057 habeo
758 1997 922 2057 instruendi
946 1996 1026 2057 domi
1049 1996 1233 2070 machinam;
1262 1995 1340 2057 alitis
1363 2015 1453 2057 manu
1469 1996 1574 2057 infelix
1598 2016 1673 2070 sum,
1699 1997 1772 2059 solie

417 2084 674 2164 speculationibus
707 2085 836 2146 deditus.
897 2086 1077 2163 Hujusmodi
1109 2085 1188 2146 vitro
1220 2085 1279 2146 nisi
1311 2084 1431 2146 aliunde
1463 2083 1614 2159 instruar,
1654 2086 1776 2148 ademta

416 2173 488 2235 mihi
513 2181 561 2234 est
584 2174 780 2234 commoditas
804 2173 1026 2252 contemplandi
1049 2183 1132 2235 tuum
1164 2174 1248 2235 illum
1275 2174 1408 2235 vetulum
1431 2171 1601 2255 Geryonem
1625 2173 1775 2254 tricorpo-

418 2282 493 2336 rem,
516 2262 546 2323 iu
571 2282 627 2343 quo
652 2263 682 2323 in
698 2263 808 2324 Terras
832 2262 932 2323 vincto
957 2262 1129 2323 deducendo
1154 2270 1185 2324 tu
1210 2262 1339 2323 alterum
1358 2271 1388 2323 te
1409 2261 1591 2341 praestitisti
1605 2263 1776 2327 Herculem.

503 2368 562 2429 Est
603 2377 634 2429 et
674 2368 772 2429 altera
804 2370 925 2448 querela
957 2368 1177 2447 negligent-iae,
1217 2387 1276 2447 qua
1312 2367 1467 2428 mutilavit
1508 2386 1604 2428 meum
1644 2368 1776 2430 libellum

417 2456 642 2532 „Phaenomeni
666 2456 867 2534 Singularis,“
894 2465 946 2518 aut
971 2458 996 2518 si
1020 2457 1137 2517 omnino
1162 2456 1252 2517 breve
1277 2456 1388 2536 aliquid
1413 2474 1573 2534 excerpere
1592 2456 1696 2531 voluit,
1721 2475 1775 2518 our

416 2565 474 2606 non
499 2546 597 2625 ipsum
620 2547 758 2607 nucleum
782 2546 961 2625 exscripsit,
984 2546 1082 2624 ipsam
1106 2545 1224 2606 scilicet
1246 2564 1344 2606 meam
1368 2544 1631 2619 observationem3
1669 2545 1774 2607 curin

415 2635 597 2697 refutatione
622 2636 706 2713 ejus,
739 2635 787 2713 qui
812 2634 1052 2695 observationem
1076 2634 1198 2695 Adelmi
1222 2633 1411 2694 Benedictini
1435 2634 1577 2711 negavit,
1613 2633 1694 2695 lilum
1716 2633 1775 2696 ab·

415 2722 549 2802 rumpit?
596 2720 763 2803 Opestem
788 2722 936 2795 librorum,
963 2724 988 2783 si
1014 2723 1043 2783 id
1068 2742 1105 2783 ex
1128 2742 1210 2784 more
1233 2723 1326 2783 facit!
1364 2723 1472 2801 Itaque
1496 2729 1582 2783 tanto
1605 2723 1703 2802 major
1727 2732 1776 2784 est

416 2813 481 2891 ejus
505 2812 602 2891 culpa,
629 2812 677 2891 qui
701 2831 759 2872 nou
784 2820 900 2872 tantum
924 2812 1081 2890 privilegia
1096 2812 1270 2885 contemnit,
1295 2810 1465 2871 sedetiam
1488 2811 1600 2871 vitiosa
1624 2819 1655 2872 et
1669 2810 1776 2873 mutila

415 2900 540 2963 recudit.
589 2898 653 2961 Sed
679 2901 752 2961 haec
776 2899 963 2980 typographo
987 2920 1054 2961 meo
1070 2901 1207 2973 remitto,
1234 2901 1282 2979 qui
1307 2907 1423 2961 sumtus
1447 2901 1475 2961 in
1502 2899 1774 2974 „Phaenomeuon“

415 2989 579 3069 impendit;
603 3007 672 3049 nam
695 2990 752 3049 nisi
778 2990 874 3063 fallor,
901 2990 999 3049 solent
1022 2988 1066 3050 illi
1082 2998 1215 3050 mutuum
1238 2987 1366 3050 invicem
1388 2988 1563 3067 rependere.

508 3093 675 3157 Certiorem
709 3103 739 3156 te
774 3096 870 3168 facio,
908 3095 1067 3173 scripsisse
1099 3114 1146 3156 me
1185 3095 1330 3174 superiori
1362 3093 1502 3173 Augusto
1538 3102 1570 3155 et
1601 3092 1776 3175 Septembri

420 3183 710 3262 „Dioptricen“,
749 3202 825 3262 quae
862 3192 984 3244 constat
1015 3184 1271 3263 propositionibus
1305 3191 1338 3243 et
1369 3183 1570 3244 axiomatibus
1607 3183 1774 3262 promiscue

415 3273 583 3335 numeratis
622 3271 702 3346 150,
739 3291 798 3332 nna
835 3272 941 3334 minus.
995 3271 1073 3333 Eam
1111 3273 1222 3334 tradidi
1254 3272 1389 3333 Electori
1422 3270 1607 3334 Coloniensi.
1663 3272 1776 3351 Ingens

417 3361 538 3442 quidem
563 3361 647 3422 labor
671 3360 699 3421 in
725 3361 825 3421 causis
850 3361 1007 3435 eruendis,
1040 3381 1100 3422 non
1130 3361 1226 3423 minor
1257 3367 1356 3422 tamen
1387 3361 1526 3439 voluptas
1550 3360 1578 3421 iu
1602 3359 1775 3423 inventione

415 3470 530 3520 earum,
555 3469 642 3529 quam
667 3450 721 3511 tibi
746 3468 783 3509 ex
806 3449 1009 3511 Medioeorum
1034 3457 1087 3511 aut
1109 3449 1222 3530 figurae
1242 3448 1403 3512 Saturniae
1427 3449 1610 3511 inventione.
1657 3450 1693 3511 Id
1717 3466 1776 3527 ago

416 3549 452 3602 ut
483 3539 690 3617 imprimantur
721 3557 820 3617 pauca
853 3538 1037 3618 exemplaria
1047 3557 1057 3613 ;
1094 3538 1124 3599 id
1156 3540 1182 3599 si
1215 3538 1351 3617 impetro,
1376 3539 1416 3599 ad
1439 3539 1482 3598 Te
1515 3538 1634 3599 mittam
1668 3555 1777 3609 unum3

412 3627 649 3708 jucundissimas
674 3626 789 3688 videbis
814 3646 923 3688 causas
947 3626 1184 3706 contingentium
1207 3628 1287 3688 circa
1309 3627 1385 3687 haec
1409 3626 1565 3706 duplicata
1588 3625 1725 3706 specula,
1749 3624 1775 3686 ei

415 3716 508 3779 modo
532 3736 591 3778 nou
615 3724 708 3776 antea
732 3716 857 3776 rimatus
882 3735 915 3776 es
939 3716 1052 3777 eadem.

505 3821 563 3871 Huc
581 3835 658 3884 usque
672 3820 814 3883 Keplerus;
833 3821 928 3884 reliqua
945 3821 1043 3870 desunt.
1070 3821 1198 3871 Galilaeae
1210 3819 1313 3883 Kepleri
1332 3818 1541 3868 exhortationihus
1559 3823 1640 3867 metue
1658 3816 1779 3870 nomm

416 3893 514 3943 silentio
542 3892 671 3955 praeteriit
689 3898 715 3941 et
733 3892 818 3940 tubum
846 3907 917 3940 suum
937 3893 969 3942 ad
994 3893 1091 3942 coelum
1119 3892 1149 3941 de
1177 3906 1239 3941 noro
1268 3897 1413 3940 convertens
1440 3903 1506 3939 nova
1533 3889 1727 3953 admirandaque
1744 3890 1779 3940 ibi

416 3965 512 4014 detexit
536 3963 694 4026 spectacula,
723 3961 859 4011 Saturni
888 3963 1043 4012 annulum
1071 3970 1103 4012 et
1129 3961 1268 4011 Veneris
1295 3962 1431 4026 phasee,
1460 3974 1522 4023 qnae
1541 3960 1695 4010 detectiouee
1713 3959 1779 4010 deut

415 4037 509 4100 priores
528 4034 553 4082 in
572 4034 633 4083 Jove
651 4048 695 4096 per
712 4033 840 4082 lulianum
858 4033 971 4083 Medices
999 4048 1055 4083 cum
1074 4034 1181 4096 Keplero
1207 4034 1404 4083 communicarit
1440 4030 1512 4081 Haec
1537 4038 1636 4095 spectat
1653 4030 1779 4095 Keplerua

417 4107 521 4170 loquens
541 4104 572 4154 de
593 4105 724 4168 „Geryone
743 4104 890 4167 tricorpore“
912 4112 938 4154 et
958 4105 1054 4169 ,ligure
1073 4104 1262 4162 Saturniana“;
1288 4119 1345 4153 cum
1364 4109 1448 4152 autern
1471 4102 1581 4151 nondum
1599 4116 1678 4151 sermo
1697 4102 1731 4151 sit
1748 4103 1780 4153 (le

420 4176 530 4230 Venere,
550 4171 748 4225 concludendum
761 4180 808 4230 est,
827 4176 911 4224 literae
929 4177 1078 4238 praemissae
1091 4177 1198 4238 scriptas
1208 4190 1262 4225 esse
1275 4177 1340 4224 inter
1353 4171 1378 4222 9.
1391 4174 1453 4223 h'ov.
1470 4170 1538 4222 1610
1551 4180 1577 4222 et
1591 4172 1614 4222 1.
1628 4173 1687 4223 lau·
1702 4169 1778 4222 1611.

507 4255 578 4305 Haec
597 4262 663 4311 sunt,
683 4268 747 4319 quae
765 4255 888 4318 Keplerus
908 4270 964 4304 cum
983 4254 1096 4304 Galilaea
1116 4256 1256 4305 deflorkio
1274 4254 1421 4318 perlitatae
1439 4254 1500 4318 egit.
1537 4253 1656 4319 Superest
1673 4254 1779 4320 denique

326 4379 332 4385 ,
418 4326 526 4392 epistola
543 4325 720 4376 Maeetlini
748 4326 779 4375 de
798 4326 885 4375 eodem
904 4326 936 4375 ad
955 4326 1089 4389 Keplerum
1114 4326 1191 4383 data,
1219 4340 1294 4390 quam
1312 4326 1352 4375 hic
1380 4324 1552 4388 apponendam
1580 4340 1727 4383 censemus,
1751 4332 1781 4376 ut

418 4398 561 4449 testimonio
579 4398 687 4446 ulteriori
705 4397 739 4445 sit
757 4411 848 4453 sorum,
868 4411 932 4461 quae
951 4396 1054 4446 diximus
1074 4397 1104 4446 de
1116 4398 1154 4456 iia,
1175 4398 1216 4460 qui
1234 4398 1327 4460 passim
1340 4396 1369 4445 de
1383 4395 1489 4445 Galilaei
1506 4397 1688 4446 inventionibus
1709 4395 1779 4447 dubi·

418 4469 512 4520 tabant
528 4467 566 4517 vel
585 4481 628 4518 eas
647 4467 721 4530 plane
739 4469 875 4532 negabant.
902 4468 994 4516 Attulit
1009 4468 1076 4517 hane
1095 4469 1225 4531 epistolam
1243 4468 1296 4530 ipse
1313 4466 1421 4516 Horkiue
1438 4466 1555 4531 Ptegam,
1574 4468 1615 4532 qui
1634 4466 1731 4517 rediens
1750 4479 1781 4516 ex

418 4539 497 4591 Italia
515 4538 654 4602 Tuhiugem
673 4540 778 4587 transiit.
816 4538 887 4587 Data
905 4546 944 4587 est
961 4539 1090 4602 Tubingae
1109 4539 1132 4586 d.
1153 4535 1223 4597 7y17.
1245 4537 1314 4601 Sept.
1335 4534 1418 4594 1616,
1446 4543 1473 4586 et
1491 4550 1523 4587 ea
1540 4538 1603 4587 iorte
1622 4536 1678 4587 aliis
1696 4537 1780 4587 esurie

419 4610 608 4674 superveniente
620 4615 700 4657 motus
710 4608 833 4671 Keplerue
845 4608 1051 4665 ,Narratiouem“
1064 4623 1144 4664 mam,
1158 4610 1332 4674 quamvisjam
1344 4615 1421 4657 antea
1430 4607 1569 4657 absolutam
1581 4605 1618 4669 (d.
1631 4606 1672 4657 11.
1686 4603 1779 4670 Sept),

418 4683 447 4730 in
465 4679 589 4743 publicum
607 4681 715 4742 prolerre
733 4694 782 4728 non
800 4680 866 4728 ultra
889 4679 1009 4729 dubitavit
1034 4676 1135 4743 (prodiit
1152 4681 1223 4729 initio
1241 4680 1301 4730 anni
1321 4675 1412 4739 1611).
1449 4677 1617 4729 Excusatione
1643 4679 1781 4743 praeuius

420 4751 530 4801 diuturni
549 4749 642 4799 edentii
661 4748 731 4811 (inde
750 4751 782 4800 ab
799 4751 870 4799 initio
889 4752 949 4799 anni
969 4747 1036 4799 1605
1056 4748 1223 4812 obmutuerat)
1241 4752 1277 4800 ric
1293 4750 1375 4813 pergit
1392 4748 1558 4800 Maestlinue:

510 4828 569 4878 ,lem
586 4829 635 4878 huc
654 4831 785 4880 occasione
803 4830 875 4891 hujus
893 4828 996 4879 Martini
1015 4828 1115 4891 Horky,
1143 4830 1188 4878 viri
1207 4836 1235 4879 ut
1257 4830 1421 4880 animadverti
1448 4831 1474 4879 in
1501 4830 1574 4879 rebus
1596 4826 1781 4880 mathematicis

422 4906 450 4950 et
467 4898 522 4949 aliie
540 4900 618 4949 literis
636 4914 686 4949 non
705 4901 871 4963 aspernandi,
899 4900 930 4949 de
949 4899 1062 4950 Galilaeo
1080 4915 1200 4949 novorum
1222 4900 1380 4963 planetarum
1406 4907 1507 4951 anctore
1526 4906 1552 4950 et
1570 4900 1698 4949 inventore
1715 4898 1781 4951 lam
1804 4905 1810 4916 “

421 4970 538 5019 scribam.
575 4969 624 5020 Hie
641 4969 767 5020 Martinus
784 4971 894 5034 proiecto
917 4985 957 5019 me
979 4984 1072 5035 magna
1090 4970 1255 5020 sollicitudine
1283 4970 1403 5020 liberavit
1440 4971 1549 5036 Egregie
1565 4984 1629 5019 saue
1646 4976 1675 5019 tu
1692 4969 1719 5018 in
1737 4973 1781 5020 tue

421 5041 514 5103 scripto
534 5037 784 5102 („Dirrertatione“),
805 5044 876 5103 culus
893 5041 1018 5104 exemplar
1036 5047 1091 5091 ate
1102 5041 1163 5090 mihi
1179 5042 1281 5090 missurn
1298 5041 1366 5090 lectu
1382 5041 1588 5105 Jumdinrmum
1606 5046 1653 5102 eat,
1670 5053 1714 5104 pro
1731 5053 1781 5105 que

422 5111 502 5163 edem
519 5112 635 5176 ingentes
652 5112 698 5163 tibi
715 5125 765 5177 rgo
790 5112 901 5178 gratior,
920 5111 1061 5163 aarum
1086 5112 1248 5175 deplumat,
1276 5111 1393 5163 videlicet
1408 5111 1475 5177 quod
1491 5127 1543 5163 non
1559 5113 1614 5177 ipse
1630 5111 1689 5162 novt
1707 5110 1781 5175 huju
