4584 6192
947 602 987 653 Dc
1005 601 1085 654 Stella
1100 601 1174 654 tlon
1192 601 1344 668 somenam

1038 886 1159 984 Caput
1185 884 1248 958 IV.

576 1068 632 1132 Aa
653 1065 768 1127 divisio
789 1062 917 1123 zodiaci
937 1063 974 1124 ia
996 1062 1164 1125 duodecim
1181 1071 1294 1145 portes
1316 1060 1465 1143 aequales
1487 1064 1532 1124 ait
1552 1060 1727 1127 masada

557 1222 709 1303 Principio
732 1220 830 1281 dicam
855 1220 892 1280 de
915 1240 1008 1281 causa
1031 1220 1189 1282 divisionis
1204 1222 1423 1282 duodenariae:
1449 1222 1497 1282 ubi
1515 1241 1574 1282 non
1593 1239 1673 1301 nego
1694 1223 1833 1286 occasio-

470 1336 526 1378 nes
548 1312 708 1375 nonnnllas
731 1330 750 1369 a
771 1327 871 1369 rernm
893 1319 1005 1371 natura
1027 1310 1282 1381 subministratas,
1305 1311 1413 1390 quibus
1429 1312 1614 1371 admonitum
1639 1313 1831 1376 inventorum

467 1403 624 1468 arbitrium
645 1401 723 1462 hanc
745 1398 914 1478 praecisam
938 1398 1116 1459 divisionem
1140 1400 1354 1460 duodenariam
1376 1400 1553 1461 introduxit.
1597 1401 1718 1462 Harum
1742 1421 1832 1463 occa·

467 1493 585 1556 sianum
605 1487 766 1569 praecipue
789 1496 853 1546 tres
876 1485 1006 1547 invenio.

556 1579 660 1640 Prima
684 1573 892 1655 suppeditatur
915 1596 934 1633 a
956 1573 1150 1654 proportione
1174 1582 1273 1636 motus
1297 1574 1380 1636 Solis
1404 1575 1442 1635 ad
1466 1584 1581 1637 motum
1596 1578 1715 1639 Lunae.
1754 1579 1832 1642 Dan

472 1668 552 1732 enim
574 1666 628 1729 Sol
651 1665 805 1727 zodiacum
829 1664 922 1724 semel
945 1672 1105 1743 peragrat,
1137 1665 1224 1724 Luna
1251 1663 1412 1724 duodecies
1444 1666 1507 1725 lere
1537 1666 1618 1726 redit
1647 1667 1689 1726 ad
1718 1666 1830 1748 ipsulm

472 1751 758 1840 9191999991991
781 1751 903 1812 tertiam
927 1752 1009 1814 Solis
1032 1751 1247 1813 revolutionem
1275 1753 1343 1832 ipsa
1372 1750 1556 1814 tricesimam
1584 1751 1750 1834 septimam
1772 1757 1832 1819 fere

470 1844 605 1924 adjiciat.
652 1845 757 1922 ltaque
781 1839 922 1901 zodiacus
949 1837 989 1900 12
1012 1840 1226 1917 congressibus
1249 1842 1354 1901 Lunae
1384 1861 1450 1902 curn
1474 1842 1547 1904 Sole
1577 1862 1667 1923 quam
1697 1846 1831 1925 proxime

469 1931 501 1996 in
526 1929 567 1994 12
588 1931 733 2012 aequales
755 1937 860 2010 partes
884 1928 1036 1990 dividitur.
1446 1989 1449 1994 ,

557 2021 674 2083 Eadem
697 2036 774 2099 pene
798 2017 918 2078 occasio
942 2017 1007 2091 fuit,
1033 2016 1150 2095 signum
1174 2016 1330 2094 quodlibet
1352 2018 1382 2078 in
1397 2017 1522 2097 triginta
1538 2019 1653 2098 gradus
1668 2019 1829 2083 dividendi.

469 2111 553 2174 Inter
577 2110 653 2170 dnos
678 2107 756 2169 enim
786 2125 968 2185 congressus
990 2106 1096 2167 Lunae
1124 2123 1191 2164 cum
1215 2103 1304 2179 Sole,
1335 2106 1385 2187 qui
1407 2116 1441 2167 ut
1459 2105 1523 2185 jam
1541 2106 1662 2170 ¹dictum
1685 2128 1751 2171 999
1772 2110 1831 2172 tere

470 2200 557 2279 signo
580 2198 706 2270 distant,
731 2191 774 2256 30
798 2195 861 2256 fere
885 2195 951 2256 dies
973 2193 1202 2255 interlabantur.

559 2286 642 2349 Cum
658 2284 750 2365 igitur
774 2283 844 2344 olim
867 2291 939 2362 post
961 2281 1203 2343 distributionem
1217 2282 1337 2360 generis
1360 2282 1481 2344 humani
1504 2283 1536 2344 in
1552 2284 1657 2346 orbem
1671 2285 1831 2348 Terrarum

468 2376 556 2457 pauci
581 2381 685 2436 essent
707 2371 813 2433 literas
837 2372 928 2446 docti,
952 2372 1054 2451 itaque
1078 2382 1217 2431 carerent
1240 2371 1401 2431 diariorum
1417 2373 1641 2446 commoditate,
1667 2394 1729 2456 qua
1746 2373 1831 2437 hodic

468 2463 599 2527 maxime
630 2470 792 2524 acentum
821 2462 908 2521 annis
939 2459 1031 2521 utitur
1060 2460 1148 2538 plebs
1179 2460 1270 2521 etiam
1300 2460 1415 2521 intima:
1448 2463 1502 2522 sed
1531 2481 1628 2543 neque
1654 2482 1777 2543 semper
1797 2463 1831 2524 de

471 2560 618 2633 suggestu
641 2549 845 2613 indicerentur
870 2549 981 2622 feriae,
1005 2567 1131 2629 quarum
1155 2568 1253 2610 annuo
1275 2567 1398 2609 recursu
1422 2548 1459 2610 de
1483 2550 1605 2612 rusticis
1629 2553 1831 2615 admoneren-

468 2649 518 2707 tur
541 2638 681 2721 operibus
712 2638 807 2718 (quod
836 2636 884 2697 his
913 2637 996 2698 mille
1020 2635 1107 2697 annis
1132 2637 1260 2698 obtinuit
1283 2636 1312 2697 in
1336 2637 1492 2712 ecclesia),
1523 2638 1656 2718 sparsim
1686 2640 1830 2723 siqnidem

469 2729 651 2792 habitabant
673 2727 830 2807 rariusque
855 2725 1086 2787 conveniebant:
1119 2725 1166 2785 his
1196 2726 1288 2805 igitur
1311 2727 1574 2789 commoditatibus
1603 2737 1832 2792 cum‘carerent

467 2816 618 2889 homines,
643 2814 785 2876 credibile
805 2822 853 2875 est
876 2814 1015 2875 notitiam
1038 2814 1151 2873 numeri
1176 2815 1289 2875 dicrum
1314 2816 1445 2901 1919999
1470 2816 1600 2877 naturali
1625 2818 1665 2878 ad
1681 2817 1830 2897 paucissi-

468 2926 535 2986 mos
562 2902 756 2986 pertinuisse.
802 2904 850 2966 Ac
880 2904 938 2964 etsi
969 2905 1053 2965 fuere
1085 2921 1203 2982 semper
1233 2914 1265 2965 et
1295 2902 1432 2965 omnibus
1461 2903 1602 2983 gentibus
1634 2925 1711 2967 snae
1743 2905 1830 2969 leriae

470 3003 561 3076 atque
585 2992 795 3067 solennitates,
818 2991 1027 3071 utplurimum
1050 3000 1151 3052 tamen
1171 3011 1224 3052 eae
1240 2992 1368 3054 mobiles
1385 3003 1480 3067 erant,
1505 3002 1538 3055 ut
1551 3003 1691 3055 nostrum
1705 2995 1830 3068 Pascha,

470 3092 592 3146 etcum
616 3079 821 3144 lunationibus
844 3101 963 3142 rursum
985 3099 1182 3160 prorsnmque
1206 3082 1489 3160 transponebantur.
1531 3085 1638 3163 ltaque
1662 3083 1704 3144 ad
1728 3101 1830 3164 operas

467 3171 602 3252 rusticas
632 3190 748 3232 annuas
778 3189 838 3231 non
869 3168 1063 3231 sufficiebant.
1117 3169 1175 3230 His
1206 3171 1243 3230 de
1273 3171 1373 3232 causis
1405 3171 1557 3250 agricolae
1588 3173 1767 3235 necessario
1796 3173 1830 3233 ad

469 3263 599 3326 marum
621 3268 744 3321 exortus
768 3257 1015 3337 contemplandos
1031 3257 1147 3318 redacti
1164 3259 1283 3320 luerunt
1298 3260 1534 3340 exstiteruntqne
1551 3261 1631 3321 inter
1645 3260 1733 3341 ipsos
1746 3261 1830 3341 hujus

472 3347 650 3429 disciplinae
682 3354 847 3427 praecepta
877 3366 931 3426 per
962 3366 1069 3407 manus
1101 3346 1233 3421 tradita,
1267 3348 1355 3427 longe
1389 3348 1472 3428 prius
1505 3368 1594 3430 qnam
1627 3348 1666 3411 ab
1699 3349 1830 3413 Hesiodo

470 3438 640 3518 ceterisque
673 3435 858 3497 reserrentur
881 3435 911 3496 in
944 3434 1059 3495 literas.
1106 3435 1155 3496 Ex
1188 3436 1244 3496 hac
1279 3437 1440 3517 disciplina
1472 3438 1586 3498 rustica
1624 3458 1686 3518 qua
1717 3439 1829 3501 ratione

470 3528 601 3589 manarit
631 3544 771 3587 numerus
803 3523 970 3602 signorum,
1001 3522 1090 3583 facile
1121 3535 1169 3585 991
1200 3526 1400 3587 considerare.
1449 3526 1520 3588 Sive
1550 3526 1629 3587 enim
1655 3528 1696 3588 ad
1717 3529 1829 3590 Lunam

471 3617 592 3696 plenam
616 3614 681 3674 sive
705 3613 744 3673 ad
768 3622 942 3673 nascentem
966 3621 1019 3673 aut
1041 3613 1254 3674 dcnascentem
1279 3617 1342 3675 sive
1365 3615 1492 3696 denique
1516 3616 1555 3675 ad
1579 3616 1733 3695 quadras,
1758 3615 1829 3697 qaod

473 3702 645 3784 expeditius
670 3710 726 3774 est,
751 3701 955 3781 respexerint,
981 3701 1069 3760 facile
1094 3713 1160 3762 crat
1184 3702 1296 3778 videre,
1321 3706 1468 3783 quomodo
1492 3704 1576 3764 initio
1602 3705 1686 3766 facto
1708 3725 1739 3766 v.
1763 3724 1792 3785 g.
1814 3724 1829 3763 a

472 3792 611 3854 cornibus
626 3790 751 3862 Arietis,
778 3789 899 3850 secundi
916 3790 1028 3849 mensis
1043 3791 1158 3869 quadra
1178 3793 1256 3869 apud
1274 3813 1384 3852 cornua
1408 3794 1456 3853 vel
1481 3793 1599 3853 oculum
1622 3793 1730 3868 Tauri,
1752 3791 1829 3855 tem'i

469 3881 550 3962 apud
568 3879 675 3941 stellas
693 3878 899 3948 Geminorum,
921 3878 1020 3957 quarti
1043 3879 1122 3957 apud
1137 3880 1281 3941 obscuras
1298 3881 1406 3944 Cancri
1430 3881 1622 3961 reliquaeque
1640 3883 1722 3962 apud
1737 3881 1828 3943 sidera

470 3971 586 4049 reliqua
609 3967 759 4040 steterint,
784 3975 874 4047 atquc
899 3966 942 4026 ita
964 3974 1047 4027 totus
1063 3967 1179 4027 zodiaci
1203 3970 1332 4030 ambitus
1357 3971 1436 4030 intra
1451 3971 1580 4049 spatium
1595 3972 1667 4032 9991
1696 3969 1827 4033 1219919

471 4059 652 4138 quadrarum
674 4054 848 4135 praesentia
871 4054 961 4116 fuerit
984 4054 1130 4133 signatus.

563 4145 639 4207 Cum
669 4164 740 4205 vero
769 4152 905 4223 pateret,
936 4143 993 4203 hoc
1018 4144 1196 4223 quadrarum
1227 4164 1350 4205 recursu
1378 4167 1438 4207 999
1460 4146 1598 4224 praecise
1623 4145 1770 4209 constitui
1793 4139 1826 4206 12

469 4241 584 4316 partes,
609 4234 662 4293 sed
685 4234 861 4293 revolvente
885 4251 963 4292 anno
980 4232 1041 4292 alia
1059 4233 1122 4292 lieri
1143 4234 1323 4312 quadrarum
1340 4234 1417 4307 loca,
1442 4234 1599 4295 divisionis
1615 4255 1716 4298 novae
1732 4236 1823 4314 signa:

470 4331 590 4385 retenta
619 4330 719 4382 tamen
751 4321 811 4382 fuit
839 4320 978 4401 praecisa
1009 4319 1116 4381 divisio
1141 4321 1326 4383 duodenaria
1350 4323 1473 4404 ejusque
1496 4323 1678 4402 principium
1703 4324 1781 4386 idem
1800 4329 1824 4380 et

470 4419 613 4475 constans
635 4417 792 4489 perpetuo.

468 4489 473 4554 j
560 4500 692 4562 Causam
716 4499 804 4578 hujus
829 4497 900 4558 facti
924 4497 1001 4558 hanc
1024 4506 1185 4558 recensent
1202 4499 1389 4578 Alfraganus
1414 4499 1643 4576 etAlcabitius,
1667 4521 1760 4582 quam
1779 4515 1822 4584 pro

469 4590 604 4654 secunda
627 4606 835 4649 commemoro.
867 4586 932 4659 Sol,
957 4586 1106 4667 inquiunt,
1130 4586 1274 4654 ambitum
1297 4588 1413 4649 zodiaci
1437 4588 1595 4666 distinguit
1620 4589 1650 4652 in
1675 4587 1699 4653 4
1722 4599 1821 4670 partes,

470 4677 599 4742 totidem
622 4676 742 4756 punctis
767 4695 820 4736 seu
844 4675 1027 4736 notabilibus
1057 4674 1195 4736 torminis
1226 4685 1257 4736 91
1286 4687 1431 4756 perpetuo
1462 4676 1581 4757 quidem
1610 4678 1732 4742 iisdem.
1774 4677 1820 4741 Est

470 4765 550 4827 enim
574 4774 716 4844 punctum
741 4763 913 4837 solstitiale,
938 4763 968 4824 in
992 4763 1114 4843 quoSol
1139 4766 1172 4824 fit
1196 4763 1376 4839 altissimum
1402 4773 1450 4826 est
1471 4766 1620 4842 brumale,
1645 4768 1678 4830 in
1702 4766 1819 4850 quobu-

469 4854 629 4928 millimus;
661 4859 731 4912 sunt
758 4851 816 4912 duo
841 4851 1087 4933 aequinoctialia,
1119 4850 1148 4912 iu
1179 4852 1285 4931 quibus
1312 4855 1428 4915 medius
1451 4855 1486 4915 fit
1508 4855 1586 4915 inter
1609 4857 1702 4935 polos
1723 4850 1817 4918 mund.

470 4941 538 5004 Illic
562 4942 627 5001 dics
650 4939 844 5017 longissimos
868 4941 916 5001 vel
940 4940 1150 5014 brevissimos,
1182 4941 1231 5002 hic
1261 4942 1398 5003 noctibus
1427 4944 1571 5022 aequales
1596 4944 1680 5006 19911.
1728 4948 1761 5007 19
1782 4939 1817 5002 his

471 5024 493 5090 4
515 5030 635 5108 punctis
661 5024 767 5089 49991
791 5029 971 5089 decumanas
994 5036 1193 5109 tempestates
1217 5030 1347 5091 reducit:
1373 5038 1624 5110 vennestatem,
1649 5040 1816 5097 autumem..

470 5116 615 5189 hiemem;
640 5134 716 5198 quae
742 5118 841 5177 omnia
864 5117 1014 5179 naturalia
1037 5125 1117 5191 9991,
1140 5138 1199 5179 999
1223 5119 1386 5199 pendentia
1409 5121 1446 5181 ab
1470 5120 1602 5182 hominis
1627 5121 1762 5184 arbitrio.
