4584 6192
573 635 640 703 550
733 620 748 640 ’
1185 640 1312 704 Dtoptrice

609 814 724 881 litt-¹⁸·
848 818 892 878 Ut
916 826 1014 877 autern
1040 829 1071 875 et
1095 827 1197 876 erecta
1222 818 1261 877 sit
1286 815 1392 893 imago,
1418 825 1538 895 oportet
1567 838 1633 878 eam
1661 818 1708 879 bis
1736 818 1843 879 everti.
1891 818 1936 878 Et

581 948 597 986 Δ
651 974 708 981 ,...
723 946 739 996 's
763 915 794 966 nt
817 907 873 966 hoc
898 907 958 977 fiat,
987 907 1096 965 lentem
1120 906 1288 982 propiorem
1314 914 1435 982 oportet
1455 907 1551 984 ipsam
1576 907 1667 967 etiam
1693 926 1760 967 esse
1785 915 1933 968 remotam

703 959 724 1132 s
762 1016 780 1053 a
804 994 963 1054 remotiore
989 995 1067 1053 ultra
1093 994 1172 1052 illius
1197 1004 1308 1071 puncta
1332 1013 1502 1054 concursus,

849 1082 898 1142 Sit
922 1084 998 1141 enim
1022 1083 1078 1141 AB
1108 1081 1240 1153 visibile,
1276 1080 1384 1141 CDIJF
1408 1083 1472 1141 lens
1497 1083 1533 1142 ab
1563 1083 1648 1141 oculo
1682 1082 1834 1143 remotior.
1882 1082 1933 1144 Sit

690 1137 704 1235 i
761 1172 788 1229 l(
812 1167 952 1248 punctum
984 1189 1156 1230 concursus.
1205 1169 1237 1230 Si
1268 1188 1339 1247 ergo
1372 1171 1471 1248 imago
1502 1171 1596 1248 ipsius
1621 1172 1677 1231 AB
1703 1172 1851 1231 evertitur
1875 1172 1931 1231 hac

760 1278 817 1318 una
843 1260 932 1330 lente,
956 1267 1097 1336 punctum
1119 1258 1166 1317 ubi
1192 1259 1289 1336 imago
1315 1269 1440 1336 apparet
1465 1278 1570 1319 ercrsa
1594 1260 1652 1319 erit
1675 1261 1756 1320 ultra
1776 1260 1805 1319 K
1831 1279 1931 1319 remo-

758 1348 817 1407 tius
842 1368 860 1406 a
885 1348 963 1407 lente.
988 1366 1041 1425 per
1059 1347 1192 1409 LXXV.
1231 1347 1279 1407 Sit
1303 1347 1351 1407 ille
1376 1349 1459 1406 locus
1485 1349 1518 1420 L,
1545 1355 1574 1407 ct
1599 1349 1669 1426 quia
1693 1350 1810 1427 species
1837 1348 1931 1427 ipsius

759 1436 848 1496 lentis
872 1435 924 1494 EF
947 1455 1070 1513 cumque
1095 1455 1131 1494 ea
1155 1437 1253 1511 imago
1278 1454 1384 1495 eversa
1408 1437 1500 1513 Ipsius
1516 1437 1571 1495 AB
1597 1437 1688 1496 debet
1712 1438 1805 1497 everti
1833 1439 1930 1497 denuo

660 1528 665 1564 t
759 1543 812 1601 per
835 1525 925 1583 aliam
952 1525 1070 1594 lentem,
1097 1543 1172 1603 quae
1197 1525 1236 1583 sit
1255 1522 1324 1596 Gli,
1351 1525 1447 1602 imago
1472 1544 1542 1583 vero
1568 1524 1609 1583 rei
1632 1527 1687 1586 AB
1712 1545 1821 1586 eversa
1846 1544 1931 1586 corn·

672 1651 677 1700 κ,
758 1612 952 1690 prehenditur
976 1612 1062 1673 lineis
1086 1612 1206 1682 ADFL,
1233 1611 1361 1672 BCEL:
1392 1633 1515 1672 necesse
1540 1623 1587 1672 cst
1613 1613 1702 1689 igitur
1732 1615 1844 1674 lentem
1871 1612 1930 1674 GH

736 1692 825 1759 'esse
851 1702 931 1761 ultra
952 1702 978 1760 L
1002 1720 1055 1778 pcr
1076 1700 1224 1762 LXXXI.
1262 1701 1331 1761 Fuit
1356 1703 1468 1761 veroL
1492 1723 1510 1761 a
1535 1702 1613 1761 lente
1629 1702 1683 1762 EF
1707 1713 1826 1762 remota
1851 1703 1931 1763 ultra

691 1863 693 1868 Ι
757 1788 786 1847 Κ
818 1797 959 1866 puuctum
992 1807 1162 1848 concursus.
1215 1790 1295 1866 Ergo
1331 1790 1391 1850 GH
1421 1791 1485 1849 lens
1519 1791 1652 1850 secunda
1684 1791 1777 1851 multo
1812 1792 1930 1870 longius

675 1871 702 1962 s,
757 1877 956 1937 removebitur
989 1878 1069 1937 ultra
1101 1878 1130 1935 K
1163 1878 1226 1954 ejus
1257 1887 1400 1953 punctum
1433 1897 1614 1953 concursus,
1647 1887 1680 1938 ιιι
1703 1879 1800 1953 FLII,
1832 1878 1929 1951 ELG,

757 1965 915 2025 venientes
940 1965 977 2025 ab
1007 1966 1248 2026 extremitatibus
1273 1967 1325 2040 rei,
1355 1968 1516 2027 secundam
1542 1967 1758 2027 retractionem
1782 1968 1812 2028 in
1838 1967 1878 2043 G,
1902 1967 1930 2027 H

691 2051 705 2078 ⁰
757 2054 849 2131 passi,
875 2055 997 2113 tandem
1022 2053 1127 2113 iterun]
1154 2061 1263 2114 cadant
1287 2066 1318 2115 et
1342 2065 1489 2133 cogantur
1514 2057 1552 2115 ad
1578 2057 1693 2115 oculum
1718 2055 1747 2116 in
1772 2057 1798 2115 Ι.

845 2141 980 2220 Denique
1013 2141 1086 2202 haec
1118 2144 1219 2220 imago
1254 2145 1349 2205 minor
1380 2157 1428 2205 est
1461 2164 1491 2204 re
1523 2144 1642 2204 visibili.
1690 2145 1770 2204 nam
1803 2144 1928 2223 primum

756 2230 874 2310 species
898 2230 992 2309 ipsius
1016 2230 1070 2290 EF
1093 2233 1268 2310 (eorumque
1293 2253 1369 2312 qnae
1393 2253 1446 2312 per
1471 2252 1535 2292 eam
1567 2233 1721 2303 videntur)
1746 2251 1855 2293 eversa
1877 2251 1931 2311 per

666 2325 668 2328 ’
758 2319 867 2379 lentem
893 2318 951 2379 GH
981 2327 1013 2379 et
1041 2319 1184 2382 distincta
1209 2339 1370 2398 apparens,
1395 2322 1452 2382 erit
1475 2321 1570 2381 rninor
1594 2322 1622 2380 iu
1646 2323 1661 2380 I
1685 2340 1738 2398 per
1762 2321 1928 2383 LXXXV.

757 2408 818 2468 Sed
843 2427 897 2487 per
921 2409 1055 2480 eandem,
1083 2410 1168 2468 oculo
1194 2408 1222 2468 in
1243 2411 1269 2470 L
1293 2410 1468 2484 constituto,
1493 2411 1588 2487 ipsum
1613 2411 1703 2469 etiam
1729 2409 1848 2470 visibile
1873 2410 1928 2471 AB

756 2514 810 2575 per
826 2497 937 2557 lentem
953 2494 1008 2559 CD
1030 2515 1176 2570 eversum,
1203 2498 1299 2561 minus
1324 2518 1471 2579 occupare
1496 2500 1625 2576 spatium
1645 2499 1763 2558 videtur
1783 2498 1812 2558 in
1837 2498 1927 2572 lente,

759 2604 846 2664 quam
875 2603 928 2662 pro
957 2604 1012 2645 sua
1042 2586 1262 2664 magnitudine,
1296 2590 1365 2669 quia
1389 2590 1415 2649 L
1440 2605 1497 2647 non
1528 2595 1630 2665 potest
1661 2606 1728 2647 esse
1760 2588 1928 2664 proximum

758 2672 815 2752 ipsi
840 2672 869 2734 Κ
892 2682 1002 2752 puncto
1032 2693 1209 2745 concursus,
1237 2696 1273 2735 ne
1298 2678 1388 2738 nimia
1412 2677 1453 2736 sit
1476 2677 1622 2736 confusio.
1670 2677 1696 2735 L
1720 2676 1799 2735 enim
1822 2677 1927 2755 proxi·

758 2781 836 2822 mum
866 2780 933 2821 esse
968 2762 1058 2822 debet
1089 2772 1200 2841 puncto
1234 2766 1436 2827 distinctionis
1468 2773 1499 2823 ut
1533 2774 1563 2824 et
1594 2765 1617 2826 l.
1673 2763 1803 2825 Gemino
1838 2766 1929 2845 igitur

758 2849 873 2911 nomine
898 2850 1015 2911 visibile
1039 2851 1100 2911 ΑΒ
1122 2863 1367 2932 repraesentatur
1390 2872 1525 2933 parvum.

679 2677 691 2902 l
844 2939 1056 3001 LXXXVIII.
1080 2939 1285 3004 Problema.
1332 2944 1457 3004 Duobus
1481 2942 1623 3002 convexis
1647 2941 1770 3020 pingere
1795 2942 1928 3003 visibilia

673 3027 675 3040 '
755 3047 845 3107 snper
868 3046 980 3108 papyro
1005 3029 1064 3087 situ
1090 3036 1199 3090 erecto.

650 3043 676 3514 Z

648 2660 675 2699 nr

845 3117 1004 3177 Problema
1028 3116 1076 3176 diu
1101 3119 1280 3195 quaesitum.
1328 3120 1471 3180 Habeant
1501 3118 1592 3195 igitur
1622 3135 1757 3178 convexa
1781 3127 1815 3178 ιιι
1843 3136 1925 3198 prop.

757 3206 951 3276 LXXXVII,
967 3204 1083 3264 scilicet
1097 3215 1129 3265 ut
1145 3207 1208 3267 lens
1219 3209 1339 3288 propior
1353 3226 1466 3287 papyro
1487 3206 1527 3266 sit
1542 3206 1622 3266 ultra
1637 3206 1665 3263 K
1683 3215 1827 3284 punctum
1853 3227 1926 3268 oon-

755 3314 868 3354 cursus.
920 3294 998 3353 Nam
1030 3294 1160 3371 penicilli
1194 3296 1275 3358 circa
1302 3298 1332 3357 K
1366 3297 1538 3356 desinentes
1563 3294 1592 3353 iu
1621 3312 1755 3368 acumen,
1790 3296 1927 3356 ultraX

755 3385 921 3442 dilatantur
945 3382 1052 3442 iterum
1077 3391 1108 3442 et
1132 3383 1293 3463 divergunt
1316 3407 1335 3444 a
1354 3405 1386 3445 se
1411 3394 1520 3444 mutuo.
1560 3384 1621 3442 Eos
1647 3383 1747 3461 itaque
1770 3384 1835 3444 lens
1854 3404 1945 3445 con--

650 3499 654 3568 y
754 3491 831 3531 texo
856 3472 954 3531 altera
978 3470 1139 3547 excipiens,
1166 3492 1244 3533 nora
1264 3475 1444 3534 refractione
1470 3475 1551 3531 facta
1570 3480 1601 3530 et
1624 3473 1705 3531 acuit
1729 3473 1838 3533 iterum
1863 3473 1926 3533 sin-

646 3571 651 3668 y
753 3560 839 3637 gulos
864 3568 894 3619 et
918 3578 1098 3637 convcrgcrc
1124 3561 1201 3622 inter
1225 3585 1257 3622 se
1284 3565 1357 3622 iacit
1381 3563 1534 3622 univorsos
1555 3562 1593 3618 ad
1619 3580 1726 3620 novam
1751 3563 1926 3632 sectionem,

754 3669 811 3727 qua
836 3658 979 3725 superata
1003 3648 1064 3724 jam
1100 3649 1262 3728 divergunt
1285 3658 1317 3711 et
1340 3652 1383 3709 sic
1409 3651 1436 3708 iu
1466 3668 1610 3729 papyrum
1644 3649 1796 3726 primitivo
1823 3653 1925 3711 ordine

753 3737 938 3797 acuminibus
964 3737 1025 3796 suis
1055 3737 1198 3799 incidunt.
1245 3739 1295 3800 I'it
1319 3740 1397 3799 enim
1428 3740 1581 3797 schemate
1612 3738 1658 3798 17.
1685 3758 1741 3797 non
1768 3757 1867 3811 secus,
1892 3757 1925 3798 ac

634 3689 647 3964 l
753 3827 777 3885 si
798 3826 861 3903 jam
895 3824 1012 3884 visibile
1040 3823 1093 3884 OE
1118 3837 1201 3886 essct
1226 3830 1255 3888 iu
1279 3828 1335 3889 DI
1364 3827 1510 3974 picturam
1544 3826 1724 3886 translatum
1750 3836 1781 3886 et
1807 3826 1863 3888 ΟΡ
1887 3828 1925 3887 sit

609 3949 636 3990 ·,
747 3917 893 3993 jamnon
919 3916 1020 3974 oculus
1046 3915 1098 3974 sed
1128 3917 1259 3976 secunda
1289 3916 1394 3975 lens
1387 3936 1414 3974 ιιι
1419 3916 1464 3975 ra
1494 3916 1578 3975 illud.
1627 3914 1741 3983 Quodsi
1777 3917 1845 3976 lens
1874 3915 1926 3976 ΟΡ

751 4005 792 4063 sit
815 4002 948 4082 proxime
982 4022 1010 4061 ιιι
1015 4003 1060 4061 ra
1092 4004 1242 4081 picturam
1266 4005 1338 4077 DI,
1372 4005 1490 4083 pictura
1519 4004 1574 4062 TV
1607 4005 1745 4081 postulat
1779 4023 1924 4085 papyrum

604 3987 713 4233 ’Ἶᾪ
752 4101 896 4152 remotam
922 4092 1009 4151 etlit
997 4101 1154 4169 t.rnagna

838 4180 1019 4241 LXXXIX.
1046 4180 1250 4239 l'robloma.
1299 4181 1407 4240 'Iribus
1432 4179 1574 4240 convexis
1599 4189 1700 4239 erecta
1723 4187 1755 4239 ct
1780 4180 1925 4240 distIncta

637 4323 641 4358 ,
677 4343 679 4354 Ι
752 4280 782 4330 ct
805 4269 921 4346 majora
944 4276 1049 4345 praest
1051 4287 1101 4327 are
1127 4268 1268 4329 visibilia.

640 4363 642 4394 I
839 4359 906 4418 Duo
938 4375 1072 4416 convexa
1101 4366 1131 4417 et
1119 4358 1269 4417 toculns
1303 4358 1345 4415 sic
1381 4357 1658 4427 accommodentur,
1694 4365 1727 4415 ιιι
1759 4357 1816 4415 liat
1848 4356 1923 4435 quod

642 4360 678 4524 li
751 4449 862 4508 dictum
891 4464 974 4524 prop.
1001 4444 1199 4517 LXXXVII,
1227 4447 1328 4505 demto
1354 4446 1408 4504 lroc
1434 4445 1572 4517 unico,n
1556 4444 1714 4503 ntoculus
1740 4444 1782 4503 sit
1805 4445 1924 4523 propior

649 4534 665 4603 'a'
749 4546 859 4614 puncto
889 4533 1021 4594 distinct'
1001 4535 1089 4593 tronis
1120 4535 1279 4613 videatque
1309 4534 1442 4593 confuse.
1490 4535 1568 4595 Nam
1604 4534 1723 4592 tertium
1756 4552 1922 4594 convexum

652 4597 671 4678 b
750 4626 793 4685 sic
819 4624 1013 4702 applicatum,
1038 4631 1071 4682 ut
1088 4632 1134 4683 est
1152 4624 1263 4682 lactum
1289 4642 1316 4699 p.
1334 4622 1517 4683 LXXXVI.
1543 4640 1608 4680 cunr
1624 4622 1757 4681 secunda
1773 4623 1815 4682 ibi
1834 4622 1922 4693 lente,

754 4713 869 4775 scilicet
884 4722 917 4772 ιιι
941 4713 1042 4771 oculus
1058 4712 1098 4770 sit
1121 4711 1242 4790 propior
1263 4710 1334 4770 lenti
1356 4729 1442 4789 quarn
1467 4718 1609 4788 punctum
1634 4729 1807 4784 concursus,
1834 4712 1924 4771 saciet

567 4813 599 4866 nt
623 4805 740 4884 species
766 4805 857 4881 (quae
881 4802 926 4860 bis
959 4819 1066 4859 eversa
1090 4802 1160 4871 fuit,
1191 4808 1222 4858 et
1246 4800 1309 4877 jam
1340 4807 1441 4859 erecta
1465 4809 1514 4858 est
1537 4816 1631 4876 eoque
1659 4801 1757 4858 minor
1790 4799 1923 4871 reddita)

521 4894 524 4897 ’
566 4914 683 4955 rursum
699 4899 862 4970 augeatur
889 4889 994 4968 quodsi
1015 4888 1097 4965 justa
1122 4888 1212 4948 tuerit
1233 4887 1354 4947 lentrum
1370 4886 1534 4965 proportio
1560 4895 1752 4965 augmentum
1769 4888 1925 4965 superabit

565 4983 693 5061 priorem
718 4977 943 5040 diminutionem
965 4994 1019 5054 per
1043 4976 1116 5035 duas
1141 4976 1222 5035 solas
1248 4976 1391 5035 lactam'
1384 4996 1411 5035 ιιι
1429 4976 1625 5036 [XXXVII.
1665 4975 1831 5036 Distinctio
1856 4994 1924 5037 vero

565 5090 603 5131 ex
628 5072 664 5131 iis
689 5069 789 5130 causis
813 5074 964 5144 sequetur
988 5082 1063 5141 quae
1088 5072 1158 5123 sunt
1182 5063 1386 5141 allegataep.
1414 5065 1595 5126 LXXXVI
1611 5059 1654 5134 ²²)
