4584 6192
456 566 522 632 620
935 563 975 613 De
994 563 1072 615 Stella
1089 564 1161 615 Nora
1179 562 1330 628 serpentuli

789 645 818 692 θ

458 744 612 815 cantibus;
644 739 860 802 scintillatione
890 741 1075 814 clarissima,
1106 741 1314 801 coruscatione
1338 759 1391 800 seu
1414 740 1583 803 vibratione
1607 752 1676 805 tam
1700 746 1823 827 rapida,

456 842 490 893 ut
511 831 688 910 negaverint
711 829 847 908 quidam,
881 830 938 889 sibi
962 831 1032 891 dum
1056 830 1194 889 viverent
1216 849 1345 907 unquam
1368 829 1527 911 quicquam
1550 832 1579 891 in
1606 832 1697 893 coelo
1721 835 1825 897 visum

456 940 524 982 esse
549 938 643 999 aeque
666 917 780 995 pernici
802 926 895 989 motu,
919 927 953 978 ut
975 918 1032 997 ipsi
1057 919 1263 997 loquebantur.
1310 919 1411 996 Atque
1435 919 1492 979 hoc
1515 920 1611 981 variis
1635 922 1823 984 similitudi-

442 1008 543 1071 ‘nibus
574 1024 750 1085 expressere
781 1005 908 1079 diversi3
945 999 1024 1078 cum*
1050 1007 1128 1067 enim
1159 1015 1190 1066 et
1219 1005 1320 1065 colore
1351 1016 1434 1066 esset
1463 1016 1550 1068 tanto
1580 1011 1685 1089 magis
1715 1012 1822 1087 rutilo,

360 1144 363 1151 .
456 1105 568 1177 quanto
601 1104 667 1155 erat
700 1094 818 1153 occasui
850 1095 977 1155 vicinior
1007 1104 1039 1154 et
1066 1096 1095 1155 in
1127 1094 1289 1172 vaporibus
1319 1096 1511 1173 profundior,
1547 1098 1685 1176 speciem
1715 1100 1822 1162 dixere

457 1185 583 1248 orientis
605 1184 636 1244 in
659 1183 821 1262 longinquo
846 1183 991 1258 incendii;
1022 1184 1074 1244 alii
1102 1183 1256 1261 pulchrius
1279 1194 1491 1261 compararunt
1520 1185 1607 1246 illam
1629 1188 1711 1261 faci,
1746 1207 1822 1269 quae

456 1280 586 1336 avento
616 1271 765 1349 agitatur,
796 1281 956 1349 propterea
985 1272 1063 1350 quod
1086 1282 1120 1332 ut
1143 1272 1173 1331 in
1196 1272 1250 1330 illa
1274 1281 1430 1333 ventorum
1462 1273 1595 1351 impulsu
1626 1277 1821 1339 flammarum

455 1359 681 1438 interrumpitur
704 1360 899 1432 continuatio,
923 1360 1088 1438 primisque
1112 1360 1164 1418 vix
1188 1360 1322 1438 depulsis
1337 1362 1385 1420 vel
1401 1361 1560 1422 exstinctis
1585 1383 1687 1425 novae
1713 1385 1821 1427 succc-

455 1450 544 1512 dunt:
570 1449 613 1509 sic
637 1448 693 1508 hoc
717 1467 833 1526 quoque
857 1449 941 1508 sidus
964 1449 1066 1510 radios
1086 1448 1151 1525 jam
1167 1447 1341 1526 porrigebat
1364 1450 1539 1528 longissime
1557 1452 1704 1532 dictoque
1730 1455 1818 1516 citius

455 1539 576 1600 eosdem
599 1537 630 1596 in
647 1555 679 1595 se
696 1536 882 1609 resorbebat,
907 1536 994 1596 simul
1018 1555 1095 1598 novo
1118 1556 1187 1597 orsu
1205 1535 1354 1597 dilatabat
1377 1539 1540 1617 irrequieta
1563 1541 1818 1619 reciprocatione.

454 1624 609 1689 Austriaci
633 1624 730 1684 nostri
752 1625 849 1685 adhuc
878 1625 1056 1702 elegantiori
1086 1624 1239 1685 idiotismo
1270 1626 1446 1686 laborare
1478 1628 1561 1687 illam
1591 1629 1745 1691 dicebant
1766 1651 1819 1692 ve-

454 1713 695 1778 bemontissime:
721 1712 777 1773 hoc
801 1714 892 1773 verbo
916 1713 1097 1791 adpulsum
1122 1713 1269 1786 febrilem,
1293 1714 1331 1773 ad
1348 1732 1475 1791 agonem
1490 1716 1539 1775 vel
1563 1718 1737 1795 pugnantis
1757 1720 1837 1799 jam

451 1805 574 1884 jamque
599 1800 736 1879 oppressi
760 1802 807 1861 vel
832 1803 861 1861 in
886 1822 980 1881 aquas
1011 1802 1126 1879 delapsi
1151 1802 1199 1861 vel
1230 1801 1361 1862 animam
1391 1804 1510 1881 agentis
1541 1806 1719 1868 alludente:
1753 1827 1820 1869 nam

455 1903 491 1956 ut
513 1892 543 1953 hi
566 1889 700 1951 brachiis
723 1890 906 1969 pedibusque
930 1890 1040 1950 micare
1065 1891 1180 1961 solent,
1211 1890 1255 1949 sic
1285 1891 1360 1951 haec
1386 1912 1506 1971 ¹quoque
1539 1894 1633 1954 stella
1658 1897 1819 1958 tremulam

456 1981 613 2062 quatiebat
635 1977 740 2037 aciem.

546 2067 640 2139 Mihi,
672 2066 720 2145 qui
744 2065 935 2144 potissimum
959 2066 1157 2144 respiciebam
1181 2067 1219 2125 ad
1243 2068 1376 2127 colorum
1400 2067 1486 2128 iridis
1510 2070 1714 2145 varietatem,
1747 2092 1818 2154 quos

454 2178 508 2239 pro
526 2155 753 2218 scintillationis
769 2154 829 2214 alio
845 2164 934 2234 atque
951 2156 1010 2215 alio
1027 2155 1131 2215 habitu
1147 2155 1289 2229 evomuit,
1306 2156 1420 2234 placuit
1435 2158 1478 2217 uti
1495 2160 1636 2237 exemplo
1647 2160 1819 2222 adamantis

349 2275 358 2298 ·
455 2243 652 2322 multanguli,
691 2243 740 2322 qui
774 2242 856 2303 Solis
889 2243 991 2303 radios
1024 2244 1102 2303 inter
1136 2245 1369 2304 convertendum
1403 2246 1442 2304 ad
1475 2247 1683 2324 spectantium
1719 2249 1818 2313 oculos

456 2333 595 2396 variabili
618 2333 736 2409 fulgore
761 2331 941 2393 revibraret:
969 2332 1056 2392 simul
1080 2332 1120 2392 ad
1143 2350 1266 2392 causam
1290 2332 1516 2395 scintillationis
1540 2336 1571 2395 in
1596 2335 1723 2415 Opticis
1746 2336 1818 2398 meis

456 2425 581 2485 allatam
604 2421 739 2482 alludere
763 2420 854 2501 volui.

543 2514 590 2572 De
614 2508 766 2569 coloribus
789 2508 971 2569 Maestlinus
995 2508 1084 2585 plane
1108 2527 1234 2582 mecum,
1260 2528 1312 2569 eos
1331 2509 1371 2568 ad
1387 2522 1538 2571 momenta
1555 2513 1681 2591 singula
1698 2517 1816 2590 variari,

458 2621 495 2663 ex
518 2602 598 2662 flava
621 2617 691 2658 mox
711 2616 857 2670 croceam,
881 2617 897 2656 e
914 2596 1043 2674 vestigio
1059 2616 1239 2675 purpuream
1255 2605 1287 2657 et
1301 2598 1408 2673 rufam,
1432 2602 1643 2679 utplurimum
1660 2606 1817 2667 candidam

458 2689 563 2761 videri,
587 2686 637 2747 ubi
661 2704 698 2745 ex
721 2686 882 2763 vaporibus
906 2685 997 2763 paulo
1021 2685 1113 2746 altius
1137 2686 1279 2746 elevetur.

452 2798 461 2809 ··
548 2778 583 2837 In
616 2775 713 2853 prima
742 2774 947 2852 magnitudine
979 2793 1095 2853 quoque
1126 2775 1318 2835 consentiunt
1347 2794 1423 2853 pene
1456 2776 1586 2858 omnium
1621 2781 1816 2854 traditiones;

460 2865 607 2943 majorem
630 2862 806 2941 apparuisse
830 2883 888 2922 non
912 2871 1028 2922 tantum
1044 2861 1130 2940 primi
1155 2862 1277 2923 honoris
1302 2863 1462 2937 sideribus,
1487 2866 1541 2925 sed
1565 2868 1661 2928 etiam
1677 2869 1816 2942 Saturno,

461 2957 562 3016 Marte
586 2958 617 3012 et
636 2952 728 3023 Jove,
753 2951 802 3030 qui
826 2952 942 3011 vicinus
967 2951 992 3009 ei
1018 2951 1121 3010 stabat
1144 2958 1208 3011 toto
1227 2951 1361 3023 Octobri,
1387 2953 1507 3013 luminis
1530 2955 1630 3016 amica
1655 2968 1688 3017 et
1711 2958 1817 3018 blanda

461 3044 560 3123 quiete
585 3062 603 3101 a
626 3039 798 3100 turbulenta
829 3039 938 3100 sideris
970 3039 1179 3099 coruscatione
1208 3039 1307 3099 facilis
1336 3040 1489 3102 distinctu.
1538 3041 1732 3112 Quibusdam
1755 3065 1817 3107 cum

459 3133 579 3193 Venere
611 3148 677 3190 cum
707 3136 755 3189 est
784 3128 935 3189 altissima
965 3135 1082 3188 certare
1112 3127 1286 3201 videbatur;
1324 3128 1396 3189 mihi
1428 3131 1549 3191 dubium
1580 3133 1717 3207 nullum,
1752 3135 1816 3215 quin

459 3220 540 3283 omni
560 3220 685 3279 *l'enere
709 3226 791 3278 esset
813 3217 919 3277 minor.
969 3216 1036 3287 Quo
1060 3216 1182 3294 saepius
1207 3225 1306 3277 autem
1337 3219 1456 3297 relego,
1487 3238 1563 3301 quae
1589 3221 1697 3300 Tycho
1720 3223 1816 3285 Brabe

459 3317 541 3371 tomo
564 3309 588 3368 Ι.
619 3308 779 3385 Progymn.
811 3325 879 3383 pag.
906 3302 970 3367 300
1000 3305 1036 3364 de
1066 3324 1144 3364 novo
1176 3304 1290 3378 sidere,
1323 3307 1400 3385 quod
1429 3328 1506 3368 anuo
1543 3305 1638 3370 1572.
1675 3312 1761 3373 fulsit
1787 3311 1814 3371 iu

461 3396 648 3474 Cassiopea,
674 3394 810 3472 scripsit,
835 3394 891 3454 hoc
914 3394 1037 3471 propius
1061 3394 1194 3453 adducor
1217 3402 1250 3453 ut
1273 3394 1407 3466 credam,
1436 3405 1570 3457 nostrum
1600 3397 1660 3458 hoc
1686 3400 1814 3461 omnibus

460 3486 579 3547 omniuo
602 3482 756 3544 attributis
780 3502 846 3542 cum
870 3482 922 3542 illo
947 3502 1033 3560 quam
1056 3481 1192 3560 proxime
1209 3483 1382 3555 convenire,
1407 3504 1461 3544 nec
1482 3505 1529 3544 nie
1552 3497 1658 3545 movet
1680 3488 1812 3566 amplius,

460 3575 537 3655 quod
563 3573 619 3632 viri
643 3589 752 3649 graves
776 3572 942 3642 affirmant,
975 3571 1109 3648 superari
1140 3570 1270 3647 priorem
1301 3571 1382 3630 illam
1413 3573 1450 3633 ab
1480 3574 1568 3651 hujus
1593 3576 1810 3652 magnitudine

459 3664 600 3723 viderunt
630 3661 708 3720 enim
739 3660 815 3719 hanc
848 3659 925 3719 inter
956 3659 1041 3718 initia
1071 3678 1137 3719 cum
1168 3667 1250 3721 esset
1281 3659 1412 3719 maxima
1443 3662 1526 3722 etin
1551 3665 1735 3740 vaporibus;
1767 3664 1811 3724 illa

460 3770 578 3830 semper
609 3749 746 3809 sublimis
777 3756 808 3807 et
837 3769 855 3806 a
878 3746 981 3807 multis
1013 3756 1075 3808 tum
1105 3747 1223 3807 demum
1254 3757 1301 3807 cst
1331 3761 1510 3828 conspecta,
1544 3770 1610 3811 curn
1644 3753 1810 3814 decrescere

460 3840 620 3919 coepisset.

515 3999 520 4007 ,
548 3927 651 4007 Tycho
677 3945 762 3985 suam
777 3926 854 3985 Jove
871 3923 968 3984 vicino
993 3924 1203 4002 pronunciavit
1222 3924 1406 4004 aliquantum
1429 3925 1589 4002 majorem3
1614 3927 1692 3988 haec
1717 3937 1809 3989 nostra

459 4018 536 4079 Jove
560 4014 654 4075 multo
678 4013 735 4073 luit
757 4013 869 4090 major,
900 4033 972 4072 sane
1004 4013 1073 4091 quia
1097 4021 1166 4071 tunc
1192 4013 1283 4072 etiam
1305 4013 1424 4090 Jupiter
1447 4014 1550 4072 Terris
1575 4025 1644 4075 erat
1666 4017 1808 4095 proximus

461 4114 493 4165 et
514 4105 620 4182 major,
645 4102 693 4162 hic
712 4103 777 4181 jam
801 4101 1020 4161 remotissimus
1045 4109 1075 4160 et
1097 4101 1193 4161 minor
1216 4100 1292 4160 visu.

549 4194 591 4253 Et
612 4191 805 4251 memorabile
830 4198 887 4263 est,
912 4190 1036 4250 eundem
1061 4190 1154 4248 fuisse
1180 4190 1268 4249 situm
1289 4189 1371 4249 Solis
1395 4190 1433 4249 ad
1450 4190 1602 4250 Venerem
1626 4212 1707 4253 anuo
1729 4188 1806 4255 1572

463 4281 518 4343 sub
549 4287 687 4341 exortum
718 4279 800 4339 illius
831 4277 940 4338 sideris
971 4281 1077 4356 (quem
1108 4277 1228 4356 quidam
1258 4278 1360 4337 itidem
1392 4279 1422 4338 in
1453 4277 1617 4339 Octobrem
1652 4280 1719 4358 ejus
1749 4276 1806 4339 anui

460 4370 661 4447 rejecerunt),
694 4368 742 4447 qui
769 4367 834 4444 jam
865 4386 942 4425 anno
978 4361 1070 4427 1604.
1102 4366 1238 4425 recurrit.
1292 4366 1405 4426 Notum
1436 4366 1514 4425 enim
1546 4375 1595 4427 est
1625 4366 1806 4436 astronomis,

461 4458 592 4520 Veneris
622 4475 689 4516 cum
713 4456 785 4517 Sole
815 4462 1006 4531 comparatos
1038 4473 1142 4514 cursus
1176 4453 1263 4513 annis
1295 4462 1362 4513 octo
1394 4455 1581 4514 vertentibus
1612 4454 1643 4515 in
1675 4456 1806 4535 pristinos

460 4547 606 4608 articulos
637 4545 793 4614 insistere;
825 4550 856 4602 et
886 4541 934 4602 bic
965 4552 1035 4603 sunt
1064 4542 1134 4601 anni
1164 4550 1269 4621 quater
1298 4551 1365 4602 octo
1391 4543 1569 4603 intermedii.
1616 4544 1719 4607 Annis
1741 4542 1805 4604 euim

462 4633 557 4710 1580,
586 4631 679 4705 1588,
708 4629 801 4694 1596.
827 4631 1000 4691 acciderunt
1023 4633 1137 4691 eadem.

550 4723 626 4786 Cum
657 4721 748 4799 igitur
777 4738 886 4780 novum
917 4720 973 4779 hoc
1004 4719 1088 4780 sidus
1118 4718 1341 4796 magnitudine,
1379 4717 1557 4796 splendore,
1590 4718 1805 4786 scintillatione,

460 4812 582 4874 luminis
606 4809 733 4872 aetherii
757 4808 889 4886 puritate
913 4808 1022 4868 ceteris
1045 4808 1113 4867 fixis
1143 4807 1245 4885 illique
1269 4826 1346 4866 novo
1371 4805 1402 4865 in
1424 4804 1607 4885 Cassiopeia
1630 4808 1671 4868 ad
1692 4821 1805 4887 unguem

437 4900 671 4978 ‘responderet
703 4899 814 4957 factum
846 4903 910 4968 est,
941 4901 975 4955 ut
1004 4895 1132 4974 primmn
1163 4903 1252 4973 atque
1283 4894 1313 4953 in
1343 4901 1496 4971 aspectum
1528 4893 1612 4955 illius
1640 4896 1805 4957 incidissent

461 4986 638 5060 astronomi,
663 4985 765 5045 statim
790 4982 1004 5045 concluderent
1027 4983 1116 5043 etde
1140 4982 1240 5061 quiete
1265 4983 1320 5044 sub
1344 4981 1411 5042 fixis
1435 4981 1525 5041 etde
1550 4982 1618 5043 loco
1632 4978 1805 5046 mundibuic
1855 5045 1856 5060 ,

462 5093 578 5154 quoque
602 5093 667 5134 cum
691 5072 753 5133 illis
777 5070 939 5146 communi;
965 5071 1042 5151 quod
1065 5072 1227 5149 paucorum
1250 5070 1366 5131 dierum
1389 5069 1577 5147 experientia
1601 5066 1805 5153 comprobant
