4584 6192
564 608 626 678 lot
1035 608 1227 676 rmrrpmsns
1244 611 1270 661 a
1288 607 1454 662 neruoram.

560 797 624 851 tam
651 788 798 851 minutam
830 787 978 867 picturam
1003 790 1067 850 luce
1098 796 1161 848 tam
1189 790 1322 867 maligna
1355 789 1537 849 illustratam
1566 786 1697 866 capiant
1746 784 1864 850 Contra
1893 787 1919 848 ai

561 879 647 938 laxes
672 879 823 948 foramen,
856 886 942 938 tanto
973 877 1093 957 quidem
1125 875 1234 937 clarior
1256 888 1288 938 et
1310 877 1488 938 evidentior
1511 877 1565 937 sed
1588 885 1620 937 et
1647 885 1734 937 tanto
1762 875 1864 937 rudior
1887 885 1919 936 et

560 966 712 1029 confusior
740 965 797 1026 erit
826 966 954 1044 pictura.
1003 967 1108 1044 ltaque
1141 967 1326 1028 moderatum
1357 966 1492 1026 foramen
1525 973 1646 1043 oportet
1675 984 1755 1026 esse.
1802 963 1920 1026 Deinde

562 1055 588 1116 si
612 1054 714 1133 paries
738 1074 756 1113 a
781 1054 925 1115 foramine
949 1055 1074 1115 multum
1099 1054 1203 1127 distet,
1227 1056 1346 1134 pictura
1365 1054 1483 1132 quidem
1508 1053 1710 1132 distinguetur
1732 1052 1920 1133 exquisitius,

561 1150 746 1204 vanescente
769 1144 960 1221 proportione
985 1142 1138 1204 foraminis
1164 1143 1202 1202 ad
1227 1144 1422 1204 distantiam:
1448 1151 1481 1203 at
1505 1142 1561 1203 boc
1584 1141 1716 1203 vicissim
1741 1141 1919 1204 incommodi

561 1231 705 1312 sequitur,
731 1232 809 1310 qnod
834 1231 960 1293 lucentis
984 1232 1100 1293 colores
1125 1241 1327 1293 extenuantur
1345 1230 1472 1309 longius.
1496 1240 1530 1292 et
1546 1231 1644 1293 risum
1668 1230 1821 1292 tenuiores
1845 1230 1920 1293 facti
1960 1238 1964 1246 '

561 1320 739 1382 imbecillius
772 1329 908 1393 movent,
943 1321 1079 1401 quodque
1111 1328 1183 1393 aer,
1216 1321 1266 1400 qui
1296 1319 1399 1380 estin
1429 1339 1569 1392 camera,
1604 1321 1716 1381 mixtus
1746 1320 1922 1399 pulvisculis

561 1408 738 1489 profundius
772 1409 945 1470 inclarescit
977 1419 1009 1469 et
1045 1408 1170 1486 parietis
1207 1410 1355 1487 picturam
1393 1408 1571 1470 claritudine
1604 1408 1756 1489 opprimit.
1814 1408 1921 1488 Itaque

562 1498 680 1560 colores
705 1497 833 1576 maligne
858 1499 896 1557 ad
925 1499 1072 1577 parietem
1097 1498 1184 1558 nimis
1213 1497 1378 1558 distantem
1410 1497 1601 1576 perveniunt,
1636 1498 1722 1577 longe
1752 1496 1922 1558 evidentius

559 1604 708 1666 papyrum
731 1585 831 1647 albam
857 1587 967 1647 feriunt
990 1597 1023 1647 et
1050 1587 1187 1647 colorant
1211 1607 1230 1646 a
1252 1587 1416 1666 propinquo
1447 1586 1603 1647 foramine.
1650 1586 1733 1647 Idem
1757 1585 1920 1647 tenendum

561 1676 599 1735 de
623 1681 693 1735 aere
717 1684 749 1734 et
772 1674 920 1736 distantia
944 1676 1103 1736 forinseca.
1141 1676 1221 1737 Nam
1244 1676 1304 1735 etsi
1327 1676 1393 1755 quis
1417 1671 1531 1736 directe
1550 1695 1599 1736 res
1623 1685 1756 1735 remotas
1778 1683 1918 1736 cuntem·

560 1764 668 1842 pletur‚
693 1763 775 1824 color
799 1782 901 1824 earum
925 1772 1105 1825 extenuatus
1130 1763 1306 1825 imbecillius
1330 1773 1432 1825 moret
1454 1763 1551 1824 visum
1575 1773 1607 1823 et
1630 1764 1756 1842 tingitur
1778 1764 1918 1825 eaemleo

561 1850 676 1931 copiosi
693 1851 772 1912 aeris
787 1850 938 1930 interjecti
958 1853 1057 1913 colore
1073 1853 1304 1932 offuscaturque,
1329 1852 1431 1931 sicque
1447 1852 1539 1912 etiam
1555 1853 1583 1913 in
1603 1871 1753 1913 cameram
1770 1851 1917 1931 pervenit.

654 1938 805 2001 Conducit
829 1950 860 2001 et
888 1940 959 2001 foris
990 1940 1100 2001 uallum
1134 1941 1284 2021 quoddam
1318 1940 1404 2020 qnasi
1432 1941 1561 2002 frontem
1589 1960 1738 2020 opponere
1769 1939 1918 2012 foramini,

563 2047 601 2090 ne
624 2027 812 2089 coelum'rel
835 2036 888 2090 adr
911 2029 1062 2107 regionem
1095 2030 1221 2108 parietis
1246 2029 1303 2089 sibi
1334 2029 1482 2107 objectam
1515 2030 1606 2091 nimia
1637 2031 1776 2092 claritate
1807 2029 1919 2091 imbuat

563 2119 665 2197 sicque
689 2117 840 2178 imbecilla
858 2118 949 2196 juxta
965 2118 1056 2178 fortia
1078 2119 1180 2197 posita
1204 2118 1394 2187 delitescant,
1418 2128 1470 2179 aut
1485 2124 1539 2178 aer
1553 2119 1634 2180 intus
1658 2119 1747 2181 nimis
1770 2119 1919 2180 clarescat

562 2218 595 2268 et
617 2206 734 2267 colores
757 2205 786 2266 in
814 2208 931 2284 pariete
960 2206 1064 2267 diluat.
1112 2206 1251 2269 Omnium
1284 2205 1453 2268 clarissima
1485 2207 1544 2267 erit
1573 2208 1709 2286 pictura,
1743 2208 1770 2268 si
1794 2206 1850 2269 Sol
1872 2226 1919 2268 res

564 2295 839 2374 repraesentandae
863 2295 1062 2356 illustraverit
1086 2296 1199 2357 directe
1223 2295 1370 2356 horizonti
1394 2294 1518 2355 vicinus.

652 2382 822 2444 Foraminis
855 2384 950 2445 conici
989 2384 1245 2462 importunitatem
1275 2385 1305 2444 in
1338 2383 1480 2445 crassiori
1508 2402 1591 2445 muro
1626 2384 1708 2445 rimis
1737 2383 1766 2445 in
1796 2393 1919 2464 utraque

562 2472 638 2534 muri
661 2470 817 2550 superficie
832 2473 946 2552 apertis
962 2473 1137 2547 declinabis,
1163 2473 1207 2533 ita
1222 2473 1385 2534 manebunt
1408 2473 1543 2551 integrae
1558 2473 1621 2533 fere
1637 2472 1712 2534 muri
1736 2473 1916 2551 superficies.

656 2560 808 2639 Expectat
833 2561 964 2623 fortasse
985 2562 1088 2635 lector,
1111 2571 1145 2623 ut
1159 2561 1190 2621 J.
1206 2560 1243 2622 B.
1259 2561 1383 2623 Portam
1406 2561 1454 2621 liic
1468 2575 1523 2640 per
1545 2560 1661 2642 reliqua
1683 2561 1822 2633 artificia,
1846 2579 1919 2642 qnae

563 2649 654 2711 habet
686 2649 762 2710 libro
799 2649 848 2712 17.
874 2649 995 2729 lllagiae
1026 2670 1149 2730 sequar,
1185 2649 1238 2710 scd
1267 2650 1323 2712 hoc
1352 2669 1447 2729 neque
1480 2648 1641 2711 methodus
1667 2669 1722 2711 nec
1749 2648 1920 2714 institutum

564 2755 662 2800 meum
686 2736 755 2798 fert.

651 2825 741 2905 Prop.
767 2826 853 2887 Vlll.
906 2826 1042 2905 Figura
1075 2826 1170 2887 radii
1193 2825 1295 2888 Solis
1333 2826 1390 2887 vel
1413 2826 1538 2888 Lunae
1570 2826 1700 2905 plenae
1732 2843 1798 2905 per
1822 2827 1919 2887 fene·

563 2924 678 2976 stram
711 2914 861 2994 figurae
891 2915 1082 2994 angularis
1117 2915 1282 2993 ingressi
1315 2932 1493 2995 eousque,
1527 2924 1567 2975 nt
1598 2915 1718 2977 minor
1751 2916 1806 2977 sit
1837 2932 1921 2994 pro-

564 3002 691 3084 portio
715 3004 910 3064 fenestrae
934 3003 980 3063 ad
1007 3022 1107 3064 suam
1131 3024 1150 3063 a
1172 3004 1321 3082 pariete
1353 3003 1591 3076 distantiam,
1623 3022 1727 3083 quam
1750 3002 1855 3066 Solis
1878 3002 1921 3063 ad

564 3111 683 3167 suam,
716 3092 903 3170 paulatim
936 3093 1054 3171 magis
1087 3102 1199 3171 atque
1232 3092 1346 3172 magis
1379 3093 1423 3153 ad
1455 3092 1728 3154 rotunditatem
1761 3091 1921 3162 accedit,

563 3199 633 3261 quo
667 3181 820 3259 longius
844 3201 862 3241 a
886 3182 1055 3242 fenestra
1083 3181 1340 3260 progreditur.
1386 3178 1462 3242 Cum
1487 3200 1515 3241 n.
1550 3181 1704 3243 circularis
1728 3180 1923 3243 luminaribus

566 3270 663 3348 ligura
686 3269 747 3342 sit,
776 3288 837 3347 qua
868 3270 1023 3332 incurrunt
1045 3270 1075 3330 in
1099 3270 1221 3343 oculos,
1256 3287 1309 3348 per
1332 3277 1451 3329 sextam
1484 3269 1576 3348 igitur
1606 3279 1694 3347 patet
1725 3268 1922 3349 propositum.

563 3357 671 3438 Itaque
687 3376 744 3417 non
761 3367 809 3418 est
824 3377 925 3418 verum
940 3358 1126 3438 simpliciter,
1141 3376 1196 3436 per
1215 3358 1376 3438 angulares
1393 3358 1542 3419 fenestras
1562 3358 1739 3437 angularem
1753 3358 1922 3436 ingressum

563 3446 593 3507 in
617 3464 780 3526 progressu
815 3447 962 3525 exquisite
995 3448 1154 3509 rotundum
1179 3448 1252 3507 fieri.
1300 3447 1446 3508 Defectus
1469 3466 1497 3508 n.
1523 3447 1697 3507 insensum
1726 3446 1870 3521 incurrit,
1896 3445 1922 3506 si

566 3536 737 3595 accuratius
760 3534 912 3613 inspicias.
950 3533 1036 3605 Quae
1053 3537 1131 3596 falsa
1154 3535 1310 3614 persuasio
1333 3545 1468 3596 veterum
1493 3535 1614 3612 ingenia
1633 3542 1793 3614 tantopere
1820 3536 1923 3597 torsit.

564 3623 657 3684 Porro
683 3641 720 3683 ex
753 3623 859 3683 iisdem
892 3624 1046 3702 principiis
1077 3634 1180 3704 patet,
1212 3625 1239 3685 si
1272 3624 1406 3685 fenestra
1435 3624 1476 3683 sit
1508 3623 1680 3696 circularis,
1712 3623 1829 3686 radium
1862 3625 1926 3685 fore

543 3705 749 3784 circularem,
774 3712 800 3772 si
824 3714 1031 3792 quadrangula
1055 3715 1165 3792 ampla,
1189 3713 1304 3773 radium
1325 3731 1382 3772 non
1407 3712 1496 3790 plane
1520 3713 1758 3792 quadrangulum
1781 3714 1926 3786 futurum,

567 3802 622 3862 sed
647 3801 820 3862 obtusorum
844 3801 1018 3879 angulorum
1043 3803 1071 3863 in
1096 3802 1237 3862 circulum
1261 3801 1462 3862 reductorum.

651 3890 742 3968 Prop.
768 3889 824 3950 lX.
872 3890 1039 3972 Deficiente
1068 3889 1139 3952 Sole
1181 3891 1301 3950 deficiet
1330 3897 1362 3950 et
1390 3889 1507 3968 species
1540 3888 1683 3950 illustrati
1716 3888 1844 3968 parietis
1872 3907 1927 3969 per

564 3980 768 4059 qualecunque
794 3978 928 4039 foramen
952 3989 1016 4039 tanr
1040 3980 1101 4040 alte
1127 3980 1317 4049 intromissa,
1343 3988 1377 4040 ut
1399 3978 1494 4038 minor
1518 3977 1559 4038 sit
1583 3977 1735 4039 fenestrae
1768 3977 1926 4057 proportio

563 4068 602 4129 ad
626 4067 813 4139 distantiam,
840 4085 927 4145 quam
952 4066 1033 4128 Solis
1058 4068 1096 4127 ad
1120 4087 1215 4128 snam.
1263 4066 1339 4129 Cum
1363 4087 1390 4129 n.
1421 4065 1581 4146 deliquium
1606 4064 1687 4128 Solis
1718 4066 1872 4128 consistat
1895 4065 1925 4128 in

563 4165 645 4217 motu
667 4158 771 4217 Lunae
796 4156 851 4217 sub
867 4156 948 4217 Solis
972 4174 1106 4233 corpore,
1132 4175 1190 4235 quo
1214 4164 1296 4216 motu
1321 4177 1340 4215 a
1362 4154 1509 4234 principio
1534 4155 1572 4214 ad
1597 4156 1685 4216 finem
1710 4154 1838 4216 subinde
1862 4154 1926 4215 alia

565 4253 655 4322 atque
681 4246 741 4304 alia
766 4244 848 4306 Solis
872 4245 1008 4322 species,
1042 4246 1146 4306 lunata
1180 4256 1280 4304 tamen
1314 4263 1432 4322 seraper
1456 4265 1507 4303 seu
1537 4245 1724 4305 corniculata
1756 4242 1929 4313 exhibetur,

565 4332 617 4393 fiet
640 4334 719 4411 qnod
743 4334 770 4393 in
802 4333 1008 4411 propositione
1042 4334 1173 4412 septima
1207 4333 1384 4406 didicimus,
1419 4333 1504 4407 cnjus
1535 4333 1591 4392 liuc
1624 4351 1740 4412 quoque
1773 4334 1930 4393 translata

566 4422 649 4481 valet
673 4421 900 4483 demonstratio.
939 4422 1053 4482 Eodem
1074 4423 1161 4483 inodo
1182 4423 1383 4500 depinguntur
1403 4422 1440 4480 ad
1457 4420 1603 4499 parietem
1619 4432 1650 4481 et
1665 4422 1770 4482 Lunae
1794 4421 1929 4502 eclipses

565 4509 691 4589 ejusque
715 4511 826 4590 pbases
851 4520 940 4571 noctu
964 4513 1048 4571 sisae
1073 4512 1126 4571 sed
1152 4511 1317 4571 obscurius.
1880 4561 1887 4572 .

655 4598 746 4679 Prop.
761 4598 803 4659 X.
841 4600 879 4659 ln
905 4601 1031 4678 specie
1057 4601 1112 4660 rel
1137 4599 1241 4661 radio
1262 4598 1366 4660 Solis
1391 4598 1612 4659 deficientis
1631 4616 1699 4677 per
1722 4597 1929 4660 fenestram

566 4688 821 4750 orbicularem
847 4688 1012 4766 legitinre
1043 4687 1266 4751 intromissa
1294 4706 1430 4748 currina
1461 4707 1532 4748 non
1557 4696 1593 4747 nt
1617 4687 1652 4747 iu
1677 4687 1781 4747 coelo
1806 4697 1930 4756 acuta,

567 4778 630 4838 sed
660 4778 692 4837 in
726 4777 893 4836 obtusum
927 4777 1081 4838 reducta
1113 4788 1295 4857 apparent
1327 4775 1490 4837 orbiculo
1526 4777 1731 4836 fenestrae.
1779 4774 1831 4837 Sit
1855 4794 1931 4837 rera

566 4867 684 4945 species
723 4866 842 4926 inversa
872 4863 952 4925 Solis
992 4866 1159 4926 deficientis
1188 4863 1302 4925 DACE
1345 4865 1441 4944 qualis
1474 4874 1505 4925 et
1546 4872 1658 4943 quanta
1699 4882 1753 4942 per
1791 4873 1931 4926 centrum

568 4955 720 5016 fenestrae
754 4954 851 5014 influit
879 4973 933 5032 per
965 4953 1152 5014 corollarium
1186 4953 1314 5024 tertiae,
1346 4954 1373 5012 in
1406 4954 1490 5031 cujus
1523 4953 1667 5014 extremis
1694 4952 1739 5027 D,
1763 4951 1806 5022 E,
1832 4952 1875 5027 C,
1902 4955 1931 5014 A

568 5045 739 5106 scribantur
767 5042 868 5105 circuli
894 5043 1036 5126 aequiales
1061 5044 1227 5117 fenestrae,
1252 5041 1324 5109 DE,
1349 5040 1423 5116 EG,
1448 5039 1516 5117 CF,
1542 5042 1598 5104 AB
1621 5061 1676 5123 per
1698 5043 1876 5104 secundam.
