4584 6192
936 584 1057 652 derebus
1077 584 1180 649 Opticis.
1304 624 1313 643 .
1687 587 1730 655 45

367 755 427 805 bere
446 756 527 814 volni.
545 760 713 809 animadverti
732 765 787 809 eam
807 761 942 823 opticorum
961 761 1088 809 doctrinae
1108 763 1144 810 ita
1163 761 1300 816 advenam,
1320 770 1348 810 ut
1366 764 1406 825 qui
1419 765 1461 812 uni
1475 763 1547 813 fidem
1562 767 1647 823 habet,
1667 769 1730 818 alte·

368 840 420 876 ram
439 837 519 893 neget
537 838 663 894 oporteat.
700 831 759 881 Esto
779 833 844 880 eninr
862 831 954 880 Terrae
972 832 1058 895 globus
1078 836 1147 894 cujus
1167 840 1278 882 centrum
1290 835 1313 880 Α
1333 841 1358 881 et
1376 835 1517 896 superficies
1536 837 1572 895 Β,
1592 841 1656 887 auris
1675 854 1731 888 vero

369 899 502 949 ambientis
522 902 668 964 superficies
686 904 719 952 sit
737 902 772 958 C,
800 903 899 952 horizon
919 902 1071 952 Zemblensis
1090 904 1212 952 sensibilis
1226 903 1309 957 BCD.
1341 906 1467 954 rationalis
1487 908 1508 955 ei
1527 910 1659 971 parallelus
1679 912 1730 964 ΔΡ,

374 1952 432 2003 Solis
451 1958 584 2019 comesi),
604 1958 670 2021 quod
683 1974 765 2008 versus
785 1964 895 2008 austrum
914 1961 989 2009 situm
1008 1962 1073 2010 inira
1091 1962 1243 2011 horizontem
1263 1963 1331 2011 BCD
1351 1959 1382 2009 4¹¹
1401 1964 1434 2010 sit
1452 1962 1601 2025 depressum.
1627 1957 1660 2005 Et
1671 1959 1730 2020 quia

373 2026 555 2077 semidiamcter
573 2028 667 2079 Terrae
686 2030 730 2078 AB
749 2032 774 2079 iu
802 2029 908 2092 sphaera
927 2028 990 2080 Solis
1018 2033 1144 2082 subtendit
1169 2048 1252 2081 arcum
1273 2031 1297 2081 3¹
1316 2033 1390 2097 paulo
1410 2035 1541 2085 minorem.
1570 2043 1673 2077 successe
1692 2036 1730 2077 est

374 2095 452 2146 Solem
470 2100 550 2148 etiam
568 2100 644 2165 longe
671 2102 735 2150 inira
753 2102 904 2150 horizontem
924 2104 1070 2152 rationalem
1091 2105 1133 2152 AF
1153 2107 1300 2154 constitisse.
1340 2105 1398 2152 Esto
1415 2107 1468 2165 jam
1494 2104 1560 2151 linea
1578 2100 1729 2147 incidentiae

375 2166 615 2229 EC(hanctulscis
634 2179 779 2237 tangentem
799 2173 871 2227 aeris,
889 2167 993 2223 causam
1006 2191 1054 2223 nou
1074 2176 1194 2239 intelligo,
1213 2190 1259 2224 uec
1270 2176 1364 2224 ridetur
1373 2174 1431 2223 mihi
1449 2189 1504 2223 vero
1515 2169 1729 2229 consentaneum).

458 2241 665 2321 Keplerus:
699 2241 786 2314 Quod
811 2243 928 2305 miraris
953 2265 1005 2305 cur
1029 2246 1138 2324 eligam
1164 2248 1255 2307 talem
1280 2246 1361 2308 Solis
1387 2246 1517 2318 radium,
1548 2244 1597 2322 qui
1620 2251 1730 2319 tangat

375 2329 449 2390 aeris
474 2331 638 2409 sphaeram
662 2340 693 2392 et
723 2333 751 2393 iu
776 2340 886 2411 puncto
909 2333 962 2394 illo
987 2336 1134 2396 refractus
1168 2344 1277 2414 tangat
1300 2342 1408 2414 postea
1432 2344 1462 2395 et
1486 2335 1596 2394 Terrae
1621 2349 1727 2409 super-

374 2417 482 2490 iiciem,
506 2439 602 2481 causa
625 2428 673 2481 est
696 2421 789 2482 haec:
814 2421 934 2483 sienim
958 2432 1110 2484 secantem
1136 2424 1361 2498 assumsissenr,
1388 2423 1526 2502 tangenti
1550 2420 1646 2498 major
1670 2419 1726 2478 ad-

374 2506 425 2568 buc
449 2507 629 2570 obvenisset
650 2510 807 2582 refractio‚
847 2529 934 2589 quam
959 2512 1001 2573 illi
1031 2514 1157 2574 secanti.
1204 2514 1346 2592 Tangeus
1376 2512 1454 2572 enim
1479 2513 1535 2572 hoc
1559 2510 1624 2588 ipso
1647 2510 1726 2587 quod

375 2605 501 2675 tangens
528 2599 658 2659 maxime
682 2599 856 2671 inclinatur,
891 2620 933 2661 sc.
958 2619 1012 2680 per
1036 2597 1104 2665 90⁰.
1152 2602 1219 2680 Ego
1244 2621 1313 2663 vero
1343 2600 1443 2679 potius
1474 2600 1617 2661 minorem
1641 2616 1730 2676 quam

376 2686 513 2764 majorem
538 2687 752 2750 refractionem
776 2687 989 2749 horizontalem
1015 2699 1180 2768 optassem.

458 2774 669 2840 Breuggorns
685 2778 780 2841 pergit:
809 2776 876 2825 linea
894 2777 1049 2826 retractionis
1068 2778 1124 2835 CB,
1151 2778 1352 2841 perpendiculum
1372 2776 1428 2831 cd.
1448 2776 1561 2826 cathetus
1580 2774 1730 2823 incidentiae

376 2841 425 2893 tn.
463 2843 547 2895 iocum
565 2847 641 2910 igitur
659 2848 774 2912 imaginis
787 2847 850 2897 Solis
867 2849 939 2908 juxta
958 2849 1052 2911 opticus
1071 2855 1134 2899 teste
1149 2850 1282 2898 i'itelliono
1294 2849 1337 2897 lib.
1351 2848 1382 2905 X,
1398 2847 1438 2895 15.
1458 2849 1505 2896 luit
1522 2850 1547 2895 in
1566 2854 1657 2909 puncto
1671 2860 1729 2894 con·

376 2927 454 2964 eamus
473 2916 569 2966 catheti
588 2918 739 2967 incidentiae
758 2917 804 2966 ΕΗ
823 2924 849 2966 et
867 2916 908 2967 CB
928 2918 1009 2968 lineae
1028 2920 1196 2976 retractionis,
1215 2920 1241 2967 id
1259 2926 1297 2968 est
1315 2920 1340 2967 in
1359 2919 1387 2974 I,
1411 2919 1475 2981 quod
1500 2918 1568 2967 cadit
1586 2918 1610 2964 in
1628 2917 1729 2980 plagam

376 2985 497 3036 borealem
515 2985 601 3037 SoliE
620 2990 764 3052 oppositam.
805 2988 944 3050 adjicerem
964 2990 1213 3046 demonstrationem,
1233 2992 1278 3038 nisi
1298 2991 1429 3039 sciremte
1447 2991 1501 3038 sine
1520 2989 1729 3037 demonstratione

376 3055 417 3106 hoc
434 3058 526 3107 ridere.
564 3060 599 3107 At
616 3061 682 3108 risus
700 3067 739 3108 est
756 3061 860 3110 Batavis
880 3059 922 3109 Sol
940 3062 965 3108 in
984 3068 1053 3123 parte
1073 3063 1176 3111 australi
1196 3064 1262 3110 circa
1281 3061 1320 3119 D,
1345 3062 1386 3109 ubi
1405 3060 1485 3108 nullus
1500 3074 1553 3108 esse
1570 3060 1651 3121 potuit
1669 3073 1727 3107 con·

378 3139 455 3176 cursus
475 3129 571 3178 catheti
592 3145 648 3179 cum
665 3130 809 3181 horizonte:
837 3146 939 3180 necesse
958 3138 996 3180 est
1014 3134 1101 3196 igitur,
1129 3132 1211 3182 Solem
1231 3140 1301 3181 extra
1320 3131 1447 3180 cathetum
1472 3131 1622 3180 incidentiae
1641 3130 1727 3178 visum.

377 3197 405 3245 Et
422 3199 479 3262 qnid
499 3200 583 3249 obstat
602 3216 649 3264 quo
667 3202 748 3250 minus
766 3202 868 3251 tandem
888 3202 1047 3259 concludam,
1077 3205 1198 3269 imagines
1224 3217 1382 3267 quascunque
1407 3217 1451 3265 per
1469 3203 1626 3250 reflexionem
1646 3207 1671 3249 et
1690 3215 1728 3249 re·

378 3270 517 3320 bardonem
537 3280 686 3334 apparentes
713 3288 839 3338 nunqnam
859 3273 884 3321 in
904 3273 1010 3323 cathetis
1028 3274 1180 3323 incidentiae
1208 3272 1325 3337 reperiri?
1354 3279 1484 3336 exceptam
1507 3279 1592 3320 tamen
1615 3271 1655 3320 hic
1674 3270 1728 3319 volo

379 3340 529 3391 reflexionem
549 3356 565 3391 a
583 3343 683 3405 speculo
702 3343 784 3406 plano.
823 3343 894 3402 Quod
914 3346 934 3391 si
953 3346 978 3392 in
998 3345 1118 3407 parallelo
1131 3346 1292 3408 apparentiae
1311 3344 1392 3394 locum
1412 3345 1434 3392 ei
1453 3344 1625 3398 concedamus,
1646 3344 1729 3391 omnia

377 3419 437 3460 nece
454 3427 483 3461 ce
500 3410 605 3462 habent,
642 3413 708 3462 Nam
727 3415 803 3464 ducta
821 3414 889 3463 linea
902 3414 946 3463 ΕΙ)
960 3416 1081 3478 parallelo
1098 3415 1272 3479 perpendiculo
1292 3414 1351 3470 CG,
1370 3414 1433 3463 haec
1453 3415 1575 3462 concurrit
1594 3428 1650 3462 cum
1662 3414 1730 3463 linea

379 3481 509 3532 reflexionia
527 3481 572 3532 Bc
591 3484 617 3532 in
635 3491 726 3547 puncto
746 3485 769 3533 D
790 3492 908 3548 exparte
928 3486 1043 3541 australi,
1063 3488 1127 3550 quod
1146 3487 1311 3536 observationi
1328 3484 1430 3548 pulchre
1449 3484 1589 3547 respondet.

458 3554 578 3603 Prolixior
590 3555 624 3603 ini
643 3556 668 3603 iu
687 3555 759 3618 hujus
778 3558 928 3620 quaestionis
946 3558 1097 3606 tractatione
1116 3572 1190 3621 quam
1208 3558 1254 3606 lert
1274 3556 1393 3619 epistolae
1412 3556 1510 3605 modus:
1529 3555 1624 3619 placuit
1643 3562 1728 3605 tamen

379 3621 444 3672 latius
462 3638 519 3673 eam
537 3625 676 3687 explicare.
704 3633 733 3675 ut
749 3627 846 3690 plenius
865 3627 1015 3692 intelligeres
1033 3628 1091 3692 quid
1109 3630 1216 3677 sentiam
1240 3634 1265 3676 et
1294 3643 1337 3677 cur
1366 3627 1397 3675 ab
1417 3627 1471 3675 aliis
1491 3627 1642 3676 dissentiam.
1678 3627 1728 3675 Diu

380 3706 413 3742 me
430 3702 454 3743 et
472 3710 489 3745 a
512 3695 597 3744 multis
616 3698 688 3745 annis
707 3712 853 3761 suspensum
871 3701 966 3755 tenuit,
995 3713 1042 3747 nec
1060 3698 1136 3748 habui
1155 3715 1210 3749 cum
1228 3714 1275 3762 quo
1295 3699 1325 3747 de
1351 3713 1382 3747 ea
1400 3698 1535 3747 conferrem
1560 3712 1606 3748 nec
1625 3697 1728 3760 propriis

381 3766 563 3828 cogitationibus
581 3768 683 3816 nimium
701 3768 776 3818 fidere
797 3783 870 3817 ausus
891 3770 938 3822 lui.
967 3770 1071 3833 ideoque
1097 3771 1183 3833 opticis
1206 3770 1303 3832 publice
1328 3770 1437 3817 indicere
1463 3769 1552 3817 bellum
1572 3769 1652 3824 nolui,
1683 3767 1728 3816 sed

381 3836 436 3951 ¹qnod
452 3845 480 3887 tu
499 3838 530 3887 de
549 3846 617 3887 recte
635 3838 861 3903 philosophantibus
880 3842 967 3903 optiois
987 3840 1115 3906 eleganter
1132 3842 1218 3891 scribis
1238 3838 1294 3901 (sub
1307 3840 1381 3890 mem
1395 3854 1448 3902 cap.
1459 3839 1502 3897 IV,
1516 3836 1544 3899 6)
1564 3853 1620 3889 mea
1631 3839 1728 3901 privata

388 3905 484 3958 ’bertate
504 3915 637 3958 contentus
656 3909 698 3959 ini.

459 3979 667 4059 Keplerus:
702 3979 791 4051 Quod
814 4001 907 4061 penes
938 3982 1199 4043 retractiones
1228 3980 1307 4042 idem
1331 3980 1492 4041 absurdum
1517 3980 1642 4041 Vitellio
1667 3979 1724 4040 ad-

384 4065 469 4137 misit,
493 4068 657 4148 imaginem
679 4077 751 4149 post
773 4071 906 4145 oculum,
931 4090 968 4131 ex
992 4090 1026 4132 eo
1050 4070 1135 4131 vides
1158 4070 1330 4149 analogiam
1354 4069 1433 4130 inter·
1456 4068 1578 4147 specula
1592 4087 1727 4130 concava

386 4164 410 4214 et
429 4157 525 4218 media
549 4156 679 4233 rari01·a;
704 4177 758 4220 nec
782 4158 938 4219 miraberis
962 4158 1092 4238 ineptias
1117 4178 1200 4220 meas
1216 4178 1281 4237 cap.
1299 4159 1354 4220 lV.
1394 4158 1489 4218 Plane
1505 4165 1604 4218 autem
1628 4166 1727 4219 tecum

386 4246 470 4306 sentio
494 4246 616 4321 ethic,
643 4247 778 4327 quamvis
803 4267 860 4309 non
883 4247 1026 4327 perpendi
1052 4267 1117 4308 curu
1143 4248 1249 4309 librum
1274 4246 1445 4307 scriberem.
1479 4246 1519 4307 Et
1544 4264 1627 4307 meus
1647 4245 1725 4308 ima·

388 4329 450 4407 ginis
470 4334 553 4395 locus
573 4336 693 4396 omuino
713 4335 911 4398 vitellianum
930 4337 1006 4397 lrunc
1032 4337 1194 4398 absurdum
1215 4334 1343 4415 perimit.
1375 4334 1436 4395 Est
1454 4334 1532 4396 eninr
1551 4334 1622 4395 mihi
1643 4336 1726 4397 locus

388 4416 508 4501 imaginis
524 4421 607 4485 Solis
631 4423 659 4485 in
679 4443 823 4486 concursu
838 4425 983 4486 linearum
997 4444 1035 4485 ex
1050 4434 1175 4504 utroque
1191 4425 1276 4485 oculo
1300 4443 1353 4503 per
1376 4432 1488 4502 puncta
1512 4422 1725 4485 refractionum

388 4511 591 4585 productorum.
637 4513 721 4575 Nihil
745 4522 872 4593 peccant
896 4513 973 4574 oculi
1003 4521 1056 4574 aut
1086 4521 1166 4574 certe
1198 4513 1349 4574 minimum
1380 4511 1408 4571 in
1441 4510 1665 4591 propinquitate
1695 4522 1727 4571 et

389 4599 535 4662 remotione
560 4600 683 4680 imagini
698 4599 780 4664 Solis
804 4602 997 4676 ascribenda,
1022 4622 1087 4664 cum
1111 4603 1236 4681 angulus
1260 4600 1362 4679 ὄψεων
1385 4600 1630 4679 couvergentium
1653 4599 1725 4660 nihil

390 4695 432 4746 aut
449 4697 529 4751 certe
553 4707 657 4768 parum
682 4699 814 4752 mutetur
829 4690 859 4752 in
874 4692 1028 4769 superficie
1044 4690 1221 4752 refractoria
1244 4698 1367 4782 prumter
1391 4688 1455 4767 ejus
1480 4688 1724 4768 magnitudinem.
1770 4755 1772 4760 ¹

391 4770 430 4835 Sic
454 4796 507 4838 nec
538 4778 568 4839 in
598 4779 779 4859 perspicillis
811 4780 974 4852 distantiae
1004 4787 1181 4859 punctorum
1212 4778 1324 4839 directe
1352 4777 1484 4839 visorum
1514 4786 1668 4838 mutantur
1695 4776 1725 4838 in

391 4858 524 4944 imagine:
555 4886 671 4930 rursum
702 4868 780 4930 enirn
808 4868 884 4930 radii
915 4887 953 4929 ex
982 4877 1107 4947 utroque
1136 4868 1221 4929 oculo
1253 4867 1291 4927 ad
1320 4884 1409 4927 uuum
1432 4865 1559 4928 visibilis
1583 4872 1725 4945 puuctum

392 4950 532 5016 tendentes
562 4953 592 5016 iu
620 4957 751 5037 trajectu
781 4956 1017 5037 perspicillorum
1049 4957 1143 5018 nihilo
1167 4956 1263 5035 magis
1286 4954 1335 5014 vel
1358 4953 1456 5015 minus
1480 4962 1723 5034 contorquentur,

393 5053 463 5115 quam
484 5042 515 5105 in
537 5061 662 5123 egressu
684 5066 723 5108 ex
746 5046 842 5107 oculo.
889 5043 982 5107 Atei
1006 5064 1096 5106 unum
1119 5044 1322 5126 perspicillum
1346 5042 1498 5121 utriusque
1521 5042 1599 5103 oculi
1623 5042 1726 5103 radios

392 5127 503 5210 excipit,
525 5138 660 5197 mutatur
681 5134 823 5215 imaginis
855 5134 937 5196 locus
963 5140 994 5195 et
1016 5134 1197 5215 propinquat
1218 5151 1273 5213 per
1295 5148 1385 5203 cava,
1417 5130 1546 5193 discedit
1573 5149 1628 5211 per
1650 5148 1725 5193 con·
