4584 6192
467 636 532 709 7116
974 643 1166 747 thm
1183 643 1309 712 'wlff’

466 841 520 904 pro
543 841 596 897 eo,
630 822 709 905 quod
738 822 849 902 legitur
880 830 948 885 octo
972 822 1056 899 dies,
1089 822 1247 903 legendum
1277 820 1413 883 dixeram
1442 817 1592 891 octoties,
1629 834 1686 897 pro
1716 814 1822 878 octies.

465 911 551 974 Haec
574 912 730 993 responsio
753 930 825 974 vera
848 921 906 976 est.
953 912 1031 975 Nam
1055 912 1081 974 si
1104 912 1161 975 hoo
1184 912 1229 974 ita
1251 917 1421 995 spectatum
1444 916 1493 971 est
1510 907 1601 970 XVI.
1618 903 1689 969 Cal.
1705 905 1822 987 Aprilis

467 1022 527 1064 uno
562 1001 629 1064 die:
663 1019 722 1063 non
755 1009 803 1062 est
835 1001 927 1081 igitur
957 1008 1127 1082 spectatum
1159 1021 1213 1083 per
1235 1001 1273 1076 7,
1303 996 1443 1065 80019
1472 996 1549 1059 dies.
1594 995 1724 1076 Excipit
1754 1014 1824 1056 vero

415 1114 420 1130 ·
468 1090 654 1171 disputator,
686 1109 746 1152 non
777 1110 880 1153 omnes
909 1096 1047 1153 auc'tores
1078 1092 1189 1154 habere
1217 1099 1285 1153 octo
1309 1088 1392 1163 dies,
1426 1106 1464 1150 ex
1487 1106 1546 1168 000
1581 1084 1730 1147 00001000
1758 1084 1824 1165 0010

466 1180 603 1243 efformet
624 1180 699 1244 illud
721 1180 866 1257 octoties,
895 1200 965 1243 nam
989 1180 1069 1261 apud
1091 1180 1277 1262 Eginardum
1300 1197 1368 1243 esse
1392 1178 1457 1241 dies
1480 1175 1510 1252 7,
1534 1175 1566 1238 in
1588 1174 1697 1238 Bedae
1721 1174 1824 1236 codiee

467 1267 585 1335 (11009.
1135 1327 1140 1336 .

554 1358 746 1439 Respondeo,
770 1368 885 1424 certum
909 1378 977 1422 esse
1000 1377 1089 1432 unum
1112 1357 1242 1440 aliquem
1270 1357 1397 1439 primum
1425 1355 1533 1431 101000,
1557 1353 1608 1436 001
1631 1352 1828 1433 consignavit

467 1449 546 1512 hane
569 1447 713 1511 visionem
728 1447 827 1512 Solis:
853 1457 970 1512 ceteros
984 1448 1093 1511 abhoc
1117 1447 1323 1528 descripsisse.
1357 1446 1465 1509 Fuisse
1484 1452 1586 1508 autem
1603 1451 1826 1516 astronomum,

469 1535 632 1618 descriptio
656 1537 724 1618 ipsa
746 1539 879 1602 indicat:
902 1537 1082 1601 Maculam
1105 1556 1253 1618 parvam
1276 1537 1311 1599 in
1335 1534 1422 1599 8010
1445 1535 1570 1598 visam.
1595 1530 1686 1607 Quis,
1702 1531 1825 1606 0001000,

467 1625 526 1689 0101
550 1633 756 1702 00100000000,
788 1627 849 1690 0001
872 1621 1690 1707 011000111101000000010000001001101001100100,
1724 1621 1827 1684 oculos

468 1716 498 1779 in
522 1711 623 1777 Solem
647 1715 760 1796 dirigat
781 1715 941 1799 videatque
965 1716 1113 1779 maculam
1135 1734 1261 1797 parvam
1283 1713 1415 1791 108010,
1439 1714 1466 1777 01
1488 1712 1580 1776 etiam
1602 1710 1755 1792 perennis
1777 1710 1828 1773 ills

466 1804 576 1867 esset?
610 1802 740 1875 Quando
769 1824 806 1868 ne
837 1805 922 1868 illum
973 1805 1072 1884 uidem
1103 1812 1203 1868 atrum
1231 1811 1374 1886 punctum
1403 1805 1435 1866 in
1463 1800 1658 1865 extremitate
1692 1800 1827 1880 corporis

467 1893 573 1959 Lunae
594 1894 700 1956 vident
722 1911 841 1971 omnes,
874 1895 933 1958 etsi
953 1826 1043 1958 10000
1066 1895 1147 1960 00110
1172 1895 1281 1958 damno
1310 1894 1462 1957 oculorum
1491 1890 1599 1972 inspici
1623 1890 1665 1952 ab
1688 1889 1828 1953 omnihus

467 1990 581 2066 potest.
1237 1999 1257 2056 ·,
1416 1999 1418 2006 ·
1553 2011 1556 2018 ·

557 2069 687 2153 Reliqua
718 2080 915 2153 argumenta,
953 2074 1058 2155 001100
1088 2072 1235 2154 probatur
1267 2071 1443 2154 scriptorem
1474 2068 1568 2133 fuisse
1605 2075 1824 2140 astronomum,

469 2179 579 2242 operae
603 2160 731 2240 pretium
756 2171 805 2224 est
827 2181 864 2224 ex
887 2164 1017 2244 epistola
1040 2181 1107 2240 mea
1130 2169 1327 2243 cognoscere,
1351 2180 1440 2245 quam
1463 2177 1553 2241 super
1575 2158 1637 2220 hac
1660 2177 1698 2219 re
1723 2156 1824 2238 scripsi

469 2250 508 2313 ad
531 2249 717 2331 praedictum
745 2250 897 2331 iuvenem,
920 2251 1049 2316 thesium
1070 2259 1333 2335 propugnatorem,
1360 2247 1412 2315 16.
1435 2246 1619 2315 Novembris
1647 2247 1726 2310 anni
1750 2246 1823 2309 serti

469 2357 561 2420 supra
583 2340 854 2404 sexcentesimum:
885 2361 972 2425 quem
995 2342 1076 2405 diem
1103 2343 1223 2405 notabit
1253 2343 1363 2420 lector,
1396 2348 1430 2403 ut
1453 2337 1570 2401 deiide
1594 2354 1722 2408 eornm,
1755 2355 1823 2418 0000

468 2435 640 2513 sequentur,
665 2428 764 2510 possit
786 2448 854 2492 esse
877 2439 964 2495 tanto
987 2432 1109 2510 certior.
1125 2426 1169 2507 ⁸¹)
1215 2430 1268 2495 Sic
1289 2425 1383 2511 igitur
1403 2430 1483 2492 inter
1505 2434 1627 2490 cetera:
1654 2423 1770 2502 „Quae
1790 2425 1837 2487 de-

468 2517 620 2581 11000οτ10
643 2516 699 2598 suh
717 2517 789 2581 8010
812 2520 878 2582 viso
901 2520 1052 2602 objecisti,
1075 2540 1194 2584 00000
1216 2521 1392 2603 persuades.
1429 2515 1575 2581 Historioi
1599 2515 1685 2598 quod
1709 2535 1749 2577 ex
1772 2531 1822 2577 mo

469 2608 644 2672 matheseos
674 2608 774 2689 perito
805 2619 1005 2694 acceperunt,
1038 2603 1312 2691 transscripserunt
1342 2609 1421 2673 male
1451 2607 1651 2671 intellectum.
1709 2604 1822 2670 Fateris

469 2695 544 2780 ipse,
569 2699 740 2778 corruptim
758 2699 838 2780 apud
856 2702 1014 2782 plerosque
1030 2700 1232 2782 descriptores
1246 2700 1289 2763 rei
1303 2699 1515 2774 narrationem,
1535 2713 1687 2757 annorum
1707 2709 1822 2757 numero

470 2786 530 2850 alio
553 2792 644 2867 atque
668 2785 737 2850 alio.
784 2785 843 2860 Qui
868 2808 939 2853 vero
962 2790 1076 2872 primus
1097 2791 1161 2854 ista
1183 2790 1314 2871 scripsit,
1338 2790 1385 2851 ita
1407 2786 1538 2870 loquitur
1560 2793 1596 2846 01
1613 2791 1822 2859 astronomum

471 2876 509 2939 de
532 2874 637 2939 diehns
669 2882 742 2952 0010,
769 2875 899 2960 intelligi
922 2898 980 2942 000
1004 2888 1115 2961 potest.
1163 2879 1243 2943 Nam
1270 2879 1297 2942 si
1325 2878 1390 2942 dies
1419 2883 1488 2939 octo
1520 2873 1716 2954 intelligendi
1744 2875 1822 2945 'sunt

470 2983 527 3028 non
550 2964 634 3027 vices
656 2974 725 3027 octo
748 2964 830 3029 intra
852 2987 940 3031 unam
964 2968 1056 3045 diem,
1090 2968 1160 3053 quid
1191 2968 1315 3033 attinuit
1337 2967 1374 3029 de
1398 2964 1524 3030 nubibus
1554 2962 1714 3045 querelam
1737 2962 1823 3026 insti·

376 3081 380 3088 ·
470 3062 565 3131 10000,
589 3053 695 3136 quihus
724 3053 885 3137 impeditus
916 3058 1043 3141 primum
1073 3057 1213 3123 Mercurii
1245 3058 1414 3141 ingressum
1436 3057 1465 3118 10
1493 3055 1632 3137 clypeum
1665 3050 1752 3115 Solia
1780 3050 1822 3114 vel

380 3211 384 3218 ,
470 3143 583 3208 exitum
606 3141 742 3208 ultimum
763 3146 866 3210 videre
885 3167 942 3211 non
961 3147 1113 3232 potuerit?
1136 3149 1245 3230 quippe
1259 3150 1316 3211 hoc
1337 3145 1581 3229 impedimentum
1596 3149 1707 3205 noctes
1726 3142 1822 3215 etiam,

470 3235 497 3298 01
520 3251 597 3316 qnae
619 3233 699 3297 inter
720 3241 769 3297 tot
790 3235 855 3299 dies
883 3237 1146 3311 intercessissent,
1170 3238 1343 3320 potuissent
1374 3236 1523 3317 objicere,
1548 3229 1623 3295 Sole
1648 3250 1720 3294 curn
1744 3232 1824 3294 Mer·

471 3323 553 3386 curio
576 3323 632 3386 sub
654 3323 750 3386 'derra
772 3331 939 3396 00000010.Ι
961 3327 1027 3390 lmo
1049 3327 1119 3409 qnid
1144 3327 1269 3391 multis?
1292 3327 1348 3389 1110
1371 3334 1560 3390 astronomus
1584 3321 1770 3384 attenderat
1791 3319 1824 3382 ad

470 3413 550 3475 diem
572 3412 788 3493 conjunctionis
803 3412 884 3478 Solis
904 3424 936 3479 01
948 3407 1107 3492 Μο000011;
1132 3437 1170 3479 ex
1183 3423 1364 3499 praeparato
1384 3415 1423 3478 ad
1436 3414 1515 3476 hanc
1537 3410 1824 3492 contemplationem

471 3510 660 3578 accesserat,
693 3504 779 3565 acsi
805 3505 869 3585 quis
900 3514 995 3568 staret
1026 3507 1197 3585 procinctus
1225 3508 1262 3569 ad
1295 3504 1417 3585 eclipsin
1451 3500 1696 3564 observandam:
1730 3500 1824 3580 itaque

471 3593 562 3655 etiam
595 3593 738 3673 quando
769 3596 920 3674 primum
954 3596 1154 3658 intraverit
1185 3596 1362 3677 quominus
1392 3593 1525 3660 videret,
1559 3589 1727 3651 nubibus
1760 3589 1824 3651 luit

470 3682 680 3762 impeditus.
727 3682 841 3764 Magna
874 3685 901 3747 in
933 3685 1051 3747 homine
1081 3685 1189 3747 fiducia
1222 3686 1339 3748 1010000
1372 3678 1576 3764 eclipsationis
1601 3677 1691 3740 Solis
1723 3678 1824 3761 arguit,

471 3773 567 3853 ipsum
592 3778 623 3832 et
646 3773 790 3852 exemplis
815 3773 883 3835 aliis
908 3773 1155 3836 antecedentibus
1179 3782 1210 3836 et
1234 3774 1371 3837 doctrina
1398 3790 1556 3853 expressa,
1580 3768 1665 3830 10010
1691 3771 1823 3831 Arabum

471 3869 524 3923 ant
546 3860 706 3922 Persarum
731 3859 830 3945 (misit
854 3864 930 3925 euim
953 3863 1020 3925 Rex
1044 3864 1204 3927 Persarum
1228 3872 1414 3925 automatum
1438 3861 1476 3922 ad
1501 3858 1649 3922 carolum
1672 3859 1824 3939 Magnum,

471 3958 679 4029 argumentum
703 3951 837 4013 eruditae
851 3954 964 4031 gentis)
981 3953 1074 4014 fuisse
1093 3954 1156 4034 jam
1176 3953 1289 4032 pridem
1305 3954 1342 4015 de
1361 3971 1392 4014 00
1416 3951 1491 4031 ipsa,
1514 3948 1615 4030 quoad
1630 3948 1701 4010 fieri
1726 3947 1823 4029 possit,

472 4041 686 4112 confirmatum,
711 4048 741 4102 01
764 4041 890 4104 scivisse
914 4044 981 4105 loca
1003 4042 1146 4105 nodorum
1171 4043 1321 4106 Mercurii.
1369 4040 1445 4112 Quis
1473 4056 1585 4119 quaeso
1615 4038 1754 4101 dixisset
1776 4034 1824 4098 0101

472 4136 672 4204 astronomus,
699 4130 777 4192 diem
801 4131 883 4193 illum
908 4151 975 4193 esse
999 4131 1217 4212 conjunctionis
1233 4130 1314 4194 Solis
1330 4138 1361 4193 et
1373 4127 1537 4192 Mercurii?
1560 4126 1605 4188 Et
1629 4128 1708 4209 quia
1732 4136 1823 4190 astru-

471 4236 577 4282 nomus
600 4225 633 4279 et
659 4226 706 4280 tot
736 4219 890 4302 eplipsium
921 4222 1117 4296 observator,
1150 4222 1296 4302 quomodo
1326 4220 1463 4301 ignorare
1491 4214 1612 4298 potuit,
1644 4216 1823 4279 Mercurium

472 4304 598 4369 celerius
631 4327 719 4388 quam
748 4318 815 4371 octo
849 4311 962 4372 dierum
996 4310 1094 4390 spatio
1122 4310 1178 4373 sub
1203 4309 1274 4373 8010
1306 4308 1460 4372 100001οο1
1498 4304 1586 4376 Quae
1617 4305 1659 4367 da
1691 4307 1779 4369 nodis
1798 4310 1824 4364 et

471 4411 582 4476 magna
613 4395 772 4459 latitudine
796 4399 938 4462 Mercurii
962 4400 991 4461 in
1020 4400 1227 4480 conjunctione
1252 4398 1333 4463 Solis
1367 4397 1490 4477 objicis,
1521 4395 1671 4474 respondi
1702 4396 1779 4458 satis
1798 4394 1821 4454 in

408 4552 409 4555 ,
470 4483 599 4567 Opticis.
638 4485 700 4549 Sed
724 4487 765 4549 111
788 4488 819 4549 10
843 4489 929 4569 signo
954 4489 1060 4552 erravi.
1097 4493 1180 4568 (Vide
1208 4496 1313 4570 supra.)
1350 4488 1430 4550 Nam
1454 4484 1541 4548 hodie
1565 4483 1671 4547 nodus
1691 4482 1823 4548 Mercurii

470 4592 527 4637 nou
552 4575 652 4636 estin
676 4576 761 4638 initio
785 4578 885 4649 Tauri,
910 4579 963 4640 sed
979 4578 1182 4641 Geminorum.
1219 4579 1255 4639 Id
1279 4576 1427 4658 comperio
1443 4575 1473 4636 in
1488 4592 1659 4656 progressu
1686 4572 1822 4637 examinis

470 4671 604 4725 motuum
618 4664 759 4728 Mercurii
783 4676 814 4728 et
829 4667 1011 4748 deprehendi
1034 4685 1165 4729 errorem
1189 4668 1306 4742 calculi,
1332 4666 1380 4747 qui
1400 4664 1473 4726 mihi
1491 4664 1527 4724 de
1543 4662 1651 4725 Tauro
1678 4663 1821 4727 dicebat“

558 4754 643 4815 Haeo
666 4754 757 4833 igitur
775 4764 860 4833 tunc,
885 4776 928 4819 sc.
959 4753 1006 4820 16.
1030 4755 1313 4819 Novembris'anno
1341 4750 1435 4820 1606.
1461 4750 1580 4832 scripsi,
1606 4753 1652 4814 ad
1678 4772 1823 4816 commen·

472 4841 626 4903 dationem
649 4843 718 4904 fidei
742 4845 897 4925 scriptoris
920 4847 1083 4908 Annalium
1106 4846 1301 4927 pertinentia.
1347 4844 1455 4907 Fuisse
1478 4859 1549 4903 vero
1574 4841 1758 4906 Annoninm
1780 4842 1823 4904 illo

469 4930 668 5010 posteriorem
692 4939 724 4994 01
747 4934 790 4995 010
813 4954 871 4997 000
896 4934 1057 5014 circum,
1084 4943 1172 5015 patet
1202 4954 1240 4996 ex
1269 4935 1413 4997 historiae
1442 4940 1543 5005 textu,
1574 4950 1648 4995 cum
1673 4933 1824 4996 Annonins

470 5018 587 5098 longius
610 5021 796 5102 provehatur
818 5025 849 5086 in
873 5025 1028 5105 sequentia
1051 5032 1197 5106 tempora.

559 5108 695 5192 Denique
728 5112 777 5191 qui
804 5114 966 5177 Francicus
997 5114 1141 5177 historias
1174 5132 1232 5176 non
1262 5111 1457 5191 indiligenter
1488 5116 1624 5186 tractat,
1663 5111 1824 5176 invenitis

470 5195 621 5274 Annonio,
643 5198 812 5279 Reginone,
837 5201 959 5277 Adone,
984 5201 1259 5284 Schafnabmgensi
1285 5201 1422 5281 integros
1454 5199 1675 5281 paragraphos
1700 5224 1720 5265 a
1745 5202 1824 5266 verbu
