4584 6192
952 599 1345 668 Destedsllosndsrpsutnrti
1458 661 1463 674 ¹

1009 887 1129 988 Caput
1154 885 1277 963 XXV.

493 1061 719 1151 'comparatio
743 1066 837 1154 111666
857 1065 968 1131 Noooc
991 1064 1112 1131 Stellae
1134 1084 1204 1127 oum
1225 1064 1329 1129 ultera
1351 1063 1453 1140 Nono,
1477 1085 1559 1147 quoe
1581 1083 1668 1128 unae
1692 1058 1787 1126 1572

800 1154 915 1238 effudit
935 1157 971 1218 ia
995 1154 1190 1237 cassiopaea,
1215 1162 1246 1218 et
1267 1174 1340 1219 6666
1360 1154 1495 1217 cometis.

555 1314 628 1379 Dixi
651 1275 751 1395 capite
778 1314 889 1396 primo,
923 1322 1066 1397 quantum
1089 1334 1128 1376 ex
1150 1314 1227 1377 lrbro
1250 1314 1403 1396 Tychouis
1424 1314 1537 1377 Brahei
1569 1312 1675 1393 colligi
1707 1312 1825 1393 possit:

470 1404 555 1467 sidus
577 1404 636 1466 boc
657 1422 764 1466 recens
787 1403 831 1466 illi
845 1404 940 1485 priori
964 1403 1035 1465 anni
1053 1402 1146 1467 1572.
1171 1403 1291 1465 luminis
1314 1403 1463 1478 claritate,
1487 1402 1718 1478 scintillatione,
1741 1402 1825 1464 colo-

463 1493 563 1567 ribus,
587 1492 802 1573 magnitudine,
826 1494 1029 1569 decremento,
1050 1494 1160 1576 quiete,
1184 1494 1279 1555 fuisse
1303 1492 1497 1555 simillimum.

555 1583 621 1645 Nec
643 1581 708 1644 ulla
730 1581 893 1644 diversitas
915 1582 946 1644 in
970 1583 1143 1657 duratione,
1166 1583 1285 1665 quade
1308 1582 1375 1664 quis
1397 1581 1507 1643 testari
1528 1588 1647 1661 posset.
1696 1580 1827 1642 Incensa

374 1718 377 1722 ι
467 1678 535 1734 eret
565 1670 620 1733 illa
651 1689 754 1733 meuse
778 1669 904 1734 Octobri
935 1672 984 1734 vel
1006 1672 1172 1735 Novembri
1203 1672 1274 1734 anni
1304 1670 1407 1734 1572:
1439 1671 1563 1732 incensa
1593 1669 1674 1731 haee
1699 1668 1826 1733 Octobri

467 1760 538 1822 anni
557 1754 651 1823 1604.
689 1758 749 1821 1116
766 1760 918 1821 exstincta
931 1767 1003 1840 post
1021 1758 1059 1824 16
1075 1780 1206 1836 meuses,
1221 1760 1335 1823 Martio
1358 1760 1477 1821 scilicet
1494 1758 1565 1821 anni
1588 1754 1697 1833 1574;
1721 1766 1827 1820 nostra

466 1867 535 1913 cum
548 1847 678 1911 Octobri
697 1845 879 1912 66611665.
904 1849 1002 1911 adhuc
1024 1849 1186 1925 videretur,
1209 1858 1370 1931 postquam
1389 1846 1428 1911 12
1446 1867 1566 1910 menses
1585 1849 1652 1927 jam
1672 1848 1826 1921 dunsset,

467 1937 662 2020 sequentibus
699 1945 828 2019 quatuor
863 1939 1016 2001 mensibus
1049 1940 1086 2002 ob
1116 1939 1201 2004 Solis
1235 1939 1438 2019 praesentiam
1476 1937 1571 1999 videri
1607 1956 1670 1998 non
1708 1936 1826 2016 potuit3

467 2025 634 2092 Februario
662 2034 694 2088 et
719 2026 833 2089 Martio
862 2027 932 2089 anni
964 2024 1056 2092 1606.
1088 2028 1287 2109 disparuerat
1334 2030 1468 2091 Fuerunt
1496 2037 1528 2088 et
1557 2025 1617 2087 situ
1649 2024 1826 2088 simillimae

468 2114 582 2196 duplici
604 2113 740 2177 nomine:
774 2123 900 2198 utraque
930 2117 1049 2179 scilicet
1070 2118 1101 2180 iu
1123 2117 1175 2179 via
1201 2118 1315 2193 lactea,
1347 2126 1473 2199 6166666
1496 2117 1526 2178 16
1550 2133 1670 2176 summo
1702 2114 1825 2177 aethere

469 2204 550 2267 inber
571 2203 704 2285 reliquae
726 2205 812 2266 fixas.
857 2206 1021 2269 Roeslinus
1042 2226 1115 2270 vero
1141 2214 1277 2278 (iudicium
1302 2215 1363 2266 oder
1385 2215 1521 2268 Manlau
1543 2228 1599 2262 rom
1625 2227 1719 2264 neven
1746 2212 1826 2264 dun

464 2300 556 2367 cona.
576 2300 633 2351 vot
653 2299 674 2363 u
692 2316 718 2367 p.
736 2298 801 2364 117)
821 2295 912 2357 etiarn
929 2296 986 2357 hnc
1008 2296 1152 2371 celebrat,
1176 2306 1333 2378 utramque
1355 2297 1426 2359 Jovi
1449 2296 1543 2358 fuisse
1561 2294 1705 2373 junctam
1728 2291 1825 2375 quood

468 2381 707 2462 longitudinem:
730 2391 896 2466 utramque,
919 2385 999 2467 quod
1021 2386 1271 2468 aequinoctialem
1295 2386 1415 2460 attinet,
1439 2386 1469 2448 in
1492 2384 1590 2464 igneis
1611 2382 1724 2444 fuisse.
1771 2382 1825 2447 111⁸

427 2556 431 2563 Ι
467 2471 547 2535 enim
570 2490 637 2534 cum
659 2471 755 2552 primo
777 2472 895 2535 Arietis
917 2474 1035 2536 coelum
1057 2476 1211 2537 mediabat
1233 2475 1328 2557 (quod
1351 2475 1456 2537 sedulo
1471 2473 1612 2537 Brahcus·
1633 2470 1823 2544 inculcavit),

468 2561 528 2624 etsi
550 2560 582 2623 in
604 2562 704 2623 Tauro
736 2561 808 2624 fuit:
840 2563 916 2625 haec
945 2571 1045 2626 autem
1069 2564 1100 2626 iu
1123 2564 1291 2645 Sagittario
1315 2563 1412 2626 stetit
1457 2564 1500 2626 Et
1521 2562 1599 2624 adde
1628 2579 1711 2642 quae
1737 2580 1824 2642 supra

345 2678 394 2754 .·'
468 2669 535 2731 cap.
560 2650 584 2711 I.
609 2650 646 2711 de
669 2650 730 2712 sit-u
752 2652 883 2715 Veneris
906 2652 1044 2734 utrinque
1067 2654 1173 2716 eodem
1196 2653 1268 2718 dixi.

557 2737 617 2801 Tot
639 2739 809 2802 nominibus
836 2749 942 2805 nostra
962 2742 1038 2803 haec
1061 2743 1106 2805 illi
1132 2743 1227 2824 priori
1254 2741 1495 2823 aequiparanda;
1526 2739 1594 2801 vide
1617 2757 1700 2801 nnnc
1724 2738 1822 2812 etiam.

468 2827 575 2910 quibus
598 2827 953 2894 circumstantiis-eidem
975 2832 1018 2894 sit
1038 2833 1236 2895 anteferenda
1258 2831 1443 2912 longissime.
1482 2830 1567 2892 Nihil
1591 2829 1629 2890 de
1654 2846 1692 2889 eo
1718 2827 1821 2900 dicam

468 2916 549 3000 quod
571 2912 671 2997 magni
701 2918 822 3000 quidam
843 2920 919 2996 viri,
948 2921 998 3003 qui
1020 2921 1150 3001 priorem
1173 2922 1256 2983 illam
1284 2920 1441 2993 viderant,
1468 2920 1546 2981 hano
1569 2917 1667 2979 multo
1689 2936 1821 2998 pronup-

469 3006 589 3070 oiarunt
609 3007 764 3086 majorem.
802 3010 882 3072 Nam
902 3017 939 3072 ut
960 3011 1017 3072 hnc
1039 3010 1102 3073 illis
1124 3011 1287 3085 videretur,
1312 3011 1427 3072 efficere
1449 3008 1548 3089 potuit
1571 3006 1684 3068 stellae
1709 3004 1820 3089 quotics

469 3103 632 3177 appareret
662 3096 871 3180 propinquitas
893 3100 934 3161 ad
956 3100 1142 3162 horizontem
1158 3108 1196 3163 et
1217 3100 1339 3162 humida
1369 3098 1440 3160 anni
1470 3104 1661 3177 tempestas,
1693 3095 1821 3177 qnodet

468 3203 561 3265 supra
592 3185 704 3248 dictum
735 3205 801 3267 cap.
835 3188 873 3258 1.
912 3188 955 3249 Et
983 3188 1093 3271 oppido
1127 3208 1268 3269 maguam
1300 3188 1436 3251 Braheus
1468 3205 1554 3248 suam
1585 3185 1714 3246 stellam
1746 3183 1818 3256 fecit,

468 3281 575 3355 utpote
600 3274 744 3353 majorem
767 3267 844 3337 Jove
868 3278 1046 3361 acrouychio
1070 3285 1103 3340 et
1123 3278 1259 3360 proxime
1283 3278 1438 3357 aequalem
1465 3275 1583 3348 l'eneri,
1609 3274 1693 3353 quod
1718 3273 1818 3336 miror:

468 3351 582 3442 magua
611 3362 690 3425 enim
714 3371 763 3425 est
790 3364 960 3462 differentia
991 3368 1202 3447 magnitudinis
1230 3369 1309 3429 iuter
1328 3364 1437 3439 Jovem
1461 3375 1493 3426 et
1515 3364 1687 3435 Venerem,
1717 3363 1818 3425 uersu

468 3452 648 3533 praesertim
671 3452 863 3540 viciniorem,
894 3474 960 3517 cum
984 3455 1136 3536 ampliori,
1167 3466 1201 3518 ut
1223 3456 1359 3518 Braheus
1382 3455 1442 3528 ait,
1472 3453 1549 3515 facie
1572 3453 1718 3514 collucet.
1766 3448 1818 3512 Sed

470 3551 502 3602 et
527 3542 563 3601 de
587 3541 634 3603 die
658 3542 754 3604 visam
779 3543 897 3605 asserit.
935 3545 1051 3606 Nostra
1073 3566 1168 3626 neque
1192 3545 1321 3608 interdiu
1345 3544 1410 3606 visa
1431 3545 1523 3616 (torte
1548 3542 1585 3602 ob
1612 3541 1818 3610 bumilitatem,

469 3640 528 3692 nou
553 3630 591 3691 ob
624 3629 773 3694 defectum
802 3632 1031 3712 magnitudinis)
1064 3654 1159 3715 neque
1183 3636 1334 3697 Venerem
1364 3634 1515 3712 aequavit.
1561 3632 1674 3711 Itaque
1707 3636 1820 3692 maneat

470 3719 546 3781 baec
570 3719 819 3783 illis·commuuio
841 3722 1066 3802 magnitudinis.

559 3808 660 3870 Prima
684 3809 713 3870 in
738 3810 953 3874 scintillatione
985 3812 1169 3894 differentia:
1203 3831 1278 3892 quae
1307 3831 1372 3873 cum
1403 3810 1433 3873 in
1466 3818 1569 3871 nostro
1601 3809 1708 3870 sidere
1742 3804 1820 3868 luerit

468 3897 664 3977 cumprimis
688 3899 864 3961 admiranda
887 3910 918 3963 et
941 3901 1132 3981 spectabilis,
1156 3899 1369 3981 praecunctis
1393 3900 1461 3961 aliis
1484 3899 1550 3960 fixis
1574 3898 1696 3973 stellis,
1721 3897 1818 3976 imple-

467 3987 603 4066 veritque
633 3989 764 4053 omnium
796 3990 898 4051 oculos
930 4001 962 4051 et
994 4011 1066 4053 ora:
1100 3990 1153 4051 illa
1185 4002 1291 4052 contra
1322 3990 1392 4052 anni
1427 3984 1518 4052 1572.
1548 3988 1668 4050 modice
1703 3989 1742 4049 ab
1773 3986 1820 4046 bac

402 4101 404 4105 ⁴
469 4075 684 4138 scintillatione
715 4078 896 4142 celebratur.
943 4079 1088 4141 Nimirum
1113 4079 1166 4141 illa
1188 4080 1274 4141 Jovis
1304 4080 1400 4140 lumen
1430 4080 1565 4157 proxime
1599 4077 1820 4143 aemulabatu13

468 4163 544 4225 baec
568 4184 626 4226 uon
650 4166 694 4227 ita
722 4167 831 4247 pingue
864 4169 978 4242 lumen,
1012 4171 1100 4248 quale
1123 4166 1210 4231 Jovis
1238 4178 1295 4243 est,
1321 4168 1373 4229 sed
1405 4166 1545 4229 subtilius
1563 4166 1601 4227 'et
1625 4166 1840 4234 defaecatius·

468 4253 556 4335 quale
582 4254 643 4315 sere
667 4256 807 4319 Mercurii
831 4266 885 4318 aut
908 4259 995 4338 quale
1020 4256 1100 4332 sirii,
1126 4258 1375 4338 repraesentavit.
1413 4257 1521 4336 Itaque
1545 4266 1577 4317 et
1600 4256 1723 4317 colores
1746 4252 1821 4317 iridis

413 4351 418 4358 '
467 4342 587 4404 vibratu
612 4344 753 4406 continuo
776 4345 988 4425 reciprocabat
1010 4348 1115 4408 statim
1138 4349 1177 4409 ab
1205 4347 1305 4418 initio,
1333 4363 1399 4407 cum
1423 4347 1557 4424 superior
1581 4346 1637 4408 illa
1663 4346 1722 4407 sub
1744 4342 1820 4425 prin·

468 4432 578 4513 cipium
597 4432 776 4496 albicaverit
795 4436 1010 4497 tantummodo.
1049 4433 1191 4497 Vicissim
1206 4455 1277 4498 vero
1296 4436 1413 4497 colores
1432 4435 1485 4499 illa
1499 4434 1675 4498 successive
1692 4430 1821 4496 mutavit

467 4521 543 4584 6666
567 4530 674 4583 nostra
697 4523 753 4584 hoc
776 4524 894 4587 nomine
919 4525 1080 4587 manifesta
1104 4542 1161 4587 nou
1186 4526 1252 4600 luit,
1276 4523 1334 4586 nisi
1359 4524 1437 4604 quod
1462 4528 1657 4588 decremento
1682 4520 1821 4606 paulatin

467 4611 671 4681 emoriebatur
694 4611 816 4692 rapidus
840 4614 891 4675 ille
914 4616 1001 4694 vigor
1024 4614 1250 4678 scintillationis
1274 4623 1306 4675 et
1329 4634 1390 4676 uua
1411 4614 1542 4677 colorum
1565 4614 1731 4694 projectio.

555 4699 723 4780 Praecipua
745 4720 817 4764 vero
841 4711 873 4763 et
901 4703 1140 4766 consideratione
1171 4703 1350 4784 dignissime
1380 4703 1594 4767 dissimilitudo
1626 4703 1689 4765 suit
1710 4702 1741 4764 in
1764 4701 1822 4762 locu

468 4795 501 4850 ot
524 4797 669 4868 tempore.
716 4790 775 4852 Illa
802 4791 881 4853 enim
913 4802 1001 4860 extra
1031 4791 1142 4855 limites
1175 4793 1290 4855 zodiaci
1323 4792 1409 4854 fulsit
1430 4795 1461 4857 in
1491 4794 1591 4856 sidere
1615 4790 1822 4872 Cassiopeise.

467 4876 534 4939 loco
563 4877 639 4939 coeli
671 4879 855 4959 infrequenti
882 4901 936 4943 nee
965 4882 1034 4944 ullis
1061 4882 1251 4962 planetarum
1282 4882 1504 4948 accessionibus
1537 4882 1723 4945 nobilitato:
1756 4881 1822 4942 baec

469 4966 631 5029 stationem
656 4968 714 5030 sibi
735 4970 830 5049 elegit
851 4970 984 5049 proxime
1001 4971 1079 5033 viam
1099 4971 1213 5051 regiam
1227 4971 1319 5045 Solis,
1338 4970 1442 5037 Lunae
1466 4982 1698 5053 ceterorumque
1722 4971 1822 5052 plane·

468 5060 588 5130 tarum3
614 5054 657 5117 sic
681 5067 715 5121 ut
738 5060 776 5121 ab
799 5059 935 5123 omuibus
959 5060 1090 5139 planetis
1114 5060 1308 5135 salutaretur,
1329 5058 1462 5127 Saturno
1484 5079 1556 5126 vero
1579 5080 1662 5141 pene
1685 5078 1823 5142 corpore·

470 5140 540 5203 liter
564 5143 749 5222 jungeretur.
797 5147 883 5208 Illam
913 5148 970 5209 etsi
999 5150 1099 5212 clarae
1128 5149 1243 5229 aliquot
1271 5150 1380 5212 stellae
1408 5154 1438 5215 iu
1468 5151 1653 5232 Cassiopeia
1680 5150 1822 5215 secundet
