4584 6192
977 578 1062 643 Caput
1077 577 1110 629 V.
1134 574 1161 630 ³.
1682 578 1748 648 255

392 764 525 835 utraque.
575 752 693 825 Quodsi
716 773 789 833 ergo
812 753 954 815 conoides
977 753 1072 815 etiam
1095 755 1223 815 alterum
1246 754 1275 815 in
1300 755 1386 817 oculo
1409 767 1467 829 cst,
1492 758 1565 820 illud
1585 760 1615 820 iu
1636 779 1747 822 cornea

391 862 456 907 esse
479 861 608 905 necesse
631 851 694 906 est:
719 842 888 924 crystallini
912 860 982 904 vero
1002 843 1188 920 superficiem
1202 843 1336 920 perfecte
1350 846 1519 918 rotundam,
1543 856 1577 909 ut
1591 849 1747 911 venientes

390 933 489 995 radios
513 940 733 1013 convergeutes
757 932 795 992 ad
822 932 900 992 idem
924 938 1068 1009 punctum
1091 931 1205 993 directe
1228 931 1375 1010 excipiat:
1400 941 1433 994 et
1446 936 1664 998 rotunditatem
1677 937 1746 1017 qui·

388 1023 453 1085 dem
480 1021 562 1083 banc
588 1039 727 1100 pressam
758 1022 918 1083 admodum
948 1027 1069 1098 oportet
1097 1039 1180 1089 esse,
1212 1027 1248 1080 ut
1279 1020 1364 1099 cujus
1392 1031 1528 1085 centrum
1556 1025 1644 1104 longe
1675 1032 1747 1104 post

387 1111 503 1173 oculum
527 1119 577 1171 est
598 1110 738 1172 futurum.

472 1198 689 1278 Propositie
719 1195 838 1259 XXVI.
885 1196 1016 1257 Pollex
1044 1195 1138 1255 oculi
1167 1214 1350 1257 cameram
1374 1199 1602 1278 contingens
1626 1201 1747 1278 major

382 1289 489 1367 justo
513 1294 554 1347 et
577 1287 757 1347 confusus
780 1293 950 1362 apparet.
997 1284 1076 1344 Nam
1101 1285 1170 1362 quia
1194 1283 1270 1344 visio
1293 1285 1327 1345 lit
1349 1302 1403 1363 per
1425 1287 1591 1363 picturam,
1625 1293 1747 1352 turbata

385 1377 502 1456 pictura
526 1374 666 1437 turbatur
688 1374 775 1435 visio.
809 1371 871 1433 Sed
894 1391 949 1451 per
971 1371 1161 1435 corollarium
1185 1370 1216 1433 2.
1240 1372 1426 1451 praemissae
1453 1370 1503 1437 16.
1528 1378 1747 1458 propinquante

384 1475 495 1545 puncto
519 1462 669 1537 radiante,
689 1473 724 1523 ut
746 1462 796 1523 hic
818 1460 946 1539 pollice,
970 1458 1086 1524 recedit
1108 1460 1283 1522 intersectis
1307 1461 1374 1540 ejus
1401 1463 1612 1527 radiationum.
1662 1466 1745 1546 Ergo

385 1553 494 1633 pollice
519 1552 559 1613 ad
583 1551 700 1613 oculum
724 1550 906 1623 accedente,
930 1548 1105 1611 iutersectic
1129 1549 1221 1627 (quae
1245 1557 1294 1610 est
1315 1549 1404 1627 hujus
1427 1551 1563 1630 picturae
1585 1554 1744 1632 penicillus

384 1661 436 1721 per
459 1639 513 1706 20.
537 1640 752 1719 praemissam)
777 1639 884 1717 recipit
907 1657 940 1701 se
964 1638 1042 1699 intro
1066 1637 1095 1697 in
1120 1645 1213 1716 caput
1236 1638 1333 1716 ipsum
1358 1646 1389 1699 et
1412 1639 1510 1702 retina
1533 1652 1620 1703 secat
1638 1661 1744 1704 conum

385 1733 464 1792 intra
486 1730 641 1791 verticem.
688 1727 851 1789 Penicillus
876 1726 966 1805 igitur
989 1744 1110 1787 crassus
1134 1745 1192 1786 non
1217 1727 1301 1787 clara
1322 1733 1355 1786 ct
1377 1726 1509 1790 dilucida
1531 1730 1615 1791 ducit
1645 1731 1742 1792 linea-

385 1827 488 1881 menta
511 1825 545 1878 et
567 1815 711 1878 terminos
735 1816 854 1888 dilatat,
879 1834 934 1893 pro
958 1814 1038 1875 liuea
1061 1814 1248 1893 superficiem
1272 1814 1417 1877 scribens.

470 1904 687 1985 Propositio
723 1904 859 1965 XXVII.
925 1900 1009 1965 Cum
1056 1921 1113 1963 res
1160 1903 1410 1980 aspectabilis
1456 1906 1644 1967 collocata
1680 1916 1744 1969 est

385 1996 485 2057 ultra
507 2002 681 2073 punctum
706 1992 860 2053 cuilibet
883 1992 988 2053 oculo
1012 2000 1144 2052 natura
1163 1992 1358 2062 tributum,
1383 2011 1425 2054 ex
1448 2012 1514 2072 quo
1539 1996 1572 2055 iu
1597 1995 1742 2058 retinas

384 2090 555 2163 puuctum
592 2100 719 2142 omnes
757 2078 990 2142 radiatioues
1028 2080 1312 2156 colligerentur,
1354 2099 1418 2141 res
1456 2082 1534 2142 illa
1570 2083 1743 2146 confusa

385 2180 552 2251 apparet.
599 2171 691 2231 Patet
714 2169 866 2230 contraria
888 2169 1015 2229 ratione.
1060 2166 1183 2229 Etenim
1206 2187 1261 2245 per
1284 2166 1314 2229 2.
1344 2169 1445 2230 coroll.
1476 2168 1523 2231 lli.
1555 2171 1742 2249 praemissae

385 2281 440 2321 nou
465 2267 518 2321 est
540 2259 619 2320 idem
643 2266 799 2337 punctum,
835 2258 873 2318 ad
898 2258 974 2337 quod
999 2265 1131 2319 remotae
1157 2257 1249 2317 etad
1278 2257 1355 2335 quod
1379 2257 1563 2338 propinquae
1587 2260 1630 2321 rei
1654 2260 1742 2322 colli-

385 2356 495 2427 guntur
519 2346 721 2408 radiatiooes:
746 2354 918 2408 esttamen
942 2346 972 2406 iu
997 2362 1054 2405 uno
1079 2344 1196 2405 homine
1220 2364 1294 2405 unus
1319 2351 1351 2405 et
1373 2345 1450 2407 idem
1465 2354 1610 2425 perpetuo
1625 2349 1741 2410 retinae

385 2436 460 2499 situs
483 2437 523 2498 ad
550 2436 698 2497 humores.
731 2436 776 2497 At
798 2454 856 2496 nou
879 2433 1061 2513 expediebat
1083 2433 1351 2495 remotissimarum
1365 2451 1463 2496 rerum
1483 2435 1740 2500 distinctissimam

384 2526 528 2587 visionem
552 2523 713 2585 conciliare
737 2523 857 2595 homiui,
883 2542 940 2602 quo
962 2530 1054 2602 pacto
1077 2522 1252 2600 praesentia
1275 2522 1373 2600 ipsum
1396 2523 1554 2602 fugissent.
1598 2523 1661 2586 Sed
1685 2545 1738 2586 nec

384 2613 520 2689 proxima
543 2614 641 2673 solum
656 2611 798 2673 distincte
814 2611 917 2673 debuit
932 2611 1042 2679 videre,
1066 2618 1100 2671 ut
1122 2622 1240 2672 remota
1263 2611 1320 2689 ipsi
1337 2611 1456 2672 nimium
1476 2613 1738 2677 confunderentur.

385 2703 488 2782 ltaque
513 2702 694 2763 libramento
719 2719 792 2781 opus
816 2700 884 2761 fuit.
916 2700 950 2761 Id
975 2709 1077 2760 autem
1101 2718 1166 2760 cum
1190 2699 1302 2759 habeat
1317 2699 1504 2762 latitudInem
1521 2720 1616 2775 suam,
1641 2702 1741 2763 variat

384 2811 433 2870 per
455 2790 635 2870 singularia.
670 2790 717 2851 Ac
733 2788 874 2850 fortassis
896 2788 975 2849 idem
999 2796 1048 2849 est
1062 2787 1091 2848 in
1107 2787 1244 2849 omnibus
1258 2787 1426 2867 crystallini
1446 2789 1523 2850 situs
1547 2789 1587 2850 ad
1601 2790 1738 2864 retinam,

385 2899 437 2941 non
462 2880 575 2940 eadem
601 2896 674 2939 vero
704 2878 858 2939 humorum
885 2876 1033 2937 densitas.
1078 2876 1161 2954 Ergo
1189 2895 1256 2937 curn
1285 2884 1426 2954 punctum
1457 2878 1499 2939 rei
1532 2877 1662 2940 visibilis
1691 2891 1740 2941 est

384 2968 470 3030 nimia
493 2975 658 3040 remotum,
695 2985 787 3027 conus
816 2967 880 3045 ejus
912 2965 1033 3026 radians
1066 2964 1242 3027 terminatur
1270 2975 1430 3045 antequam
1454 2966 1492 3026 ad
1515 2966 1643 3029 retinam
1666 2987 1738 3049 per-

385 3057 491 3136 tingat,
515 3075 571 3137 per
594 3054 783 3117 corollarium
806 3054 953 3135 superius.
1000 3055 1097 3114 Facta
1118 3053 1221 3132 itaque
1253 3049 1392 3114 sectione
1410 3054 1477 3133 jam
1505 3055 1637 3116 dilatans
1671 3075 1740 3117 sese

383 3147 486 3206 iterum
510 3147 540 3206 iu
563 3144 692 3205 retinam
714 3143 895 3223 impingitur.
928 3142 1002 3204 Inde
1026 3150 1083 3214 est,
1107 3150 1141 3203 ut
1163 3161 1217 3219 pro
1236 3162 1295 3203 una
1318 3161 1349 3202 re
1370 3142 1439 3203 exili
1464 3153 1495 3203 et
1510 3144 1597 3221 longe
1613 3144 1740 3206 distanti

383 3234 514 3312 geminas
532 3240 594 3294 'aut
617 3232 801 3311 tergeminae
815 3232 948 3301 videant,
973 3230 1021 3310 qui
1045 3230 1102 3291 hoc
1122 3230 1195 3292 vitio
1220 3230 1367 3292 laborant
1401 3231 1480 3292 Hinc
1503 3250 1557 3310 pre
1579 3253 1637 3294 una
1651 3234 1739 3295 Luna

383 3324 485 3384 decem
508 3330 564 3383 aut
587 3320 717 3400 amplius
739 3320 811 3382 mibi
836 3320 1022 3399 objiciuntur.
1060 3318 1103 3380 Et
1126 3320 1244 3399 quidem
1268 3329 1301 3380 ut
1323 3320 1459 3380 conlusio
1484 3321 1576 3381 etiarn
1595 3331 1740 3401 sequatur

384 3411 458 3472 banc
481 3410 551 3471 coni
574 3410 754 3483 sectionem,
790 3418 910 3487 opertet
932 3407 1165 3470 teneritudinem
1192 3408 1274 3470 visus
1298 3409 1460 3483 accedere,
1494 3408 1544 3489 qui
1568 3430 1587 3470 a
1610 3411 1738 3472 sortibus

384 3498 602 3561 radiationibus
625 3505 782 3559 moveatur
805 3498 904 3558 valide
927 3505 992 3559 tam
1016 3497 1044 3557 iu
1069 3507 1180 3576 puncto
1195 3496 1321 3571 retinae,
1345 3497 1395 3559 ubi
1419 3497 1566 3559 distincta
1588 3500 1738 3572 estvisio,

384 3607 469 3667 quam
493 3587 606 3648 circum
628 3605 682 3665 per
705 3587 771 3648 coni
796 3586 907 3647 radiosi
932 3586 1021 3659 (vitio
1045 3586 1198 3659 abor-tan)
1224 3585 1423 3647 latitudinem.
1457 3586 1624 3664 Propterea
1638 3587 1736 3649 omui-

384 3676 436 3737 bus
459 3676 582 3756 quidem
605 3675 672 3737 coni
694 3676 874 3737 radiationis
897 3674 1039 3737 coelestis
1063 3674 1247 3748 dilatantur,
1282 3684 1316 3735 at
1343 3693 1401 3735 nou
1430 3692 1533 3736 ornnes
1565 3677 1630 3736 ideo
1660 3694 1735 3738 con-

385 3767 445 3827 luse
467 3764 584 3825 vident

467 3851 687 3930 Propositio
715 3850 868 3912 XXVIII.
916 3849 986 3920 Qui
1018 3857 1164 3913 remota
1196 3850 1378 3912 distincte
1409 3850 1549 3924 vident,
1581 3852 1734 3930 propin-

384 3961 447 4021 qua
469 3942 640 4013 contuse,
666 3940 712 4000 iis
736 3940 958 4018 perspicilla
981 3958 1144 3999 convexa
1166 3949 1332 4016 prosunt.
1377 3937 1446 4010 Qui
1470 3958 1555 4001 vero
1583 3941 1736 4002 confuse

383 4031 512 4092 rident
535 4036 692 4102 remota,
722 4028 904 4090 distincte
927 4028 1152 4107 propinqua,
1172 4028 1359 4105 juvantur
1382 4030 1560 4090 concavis
1582 4030 1735 4107 perspi-

383 4119 497 4182 eillis.
546 4115 669 4187 Quanta
692 4116 862 4185 admiratio,
886 4117 929 4178 rei
953 4126 1058 4178 tantae
1083 4125 1146 4177 tam
1171 4117 1231 4178 late
1247 4127 1447 4195 propagatum
1462 4135 1556 4190 usum,
1581 4128 1611 4178 et
1636 4126 1736 4179 tamen

382 4226 503 4270 musam
525 4205 657 4281 ignorari
681 4205 842 4277 hacteuus,
868 4213 901 4265 ut
924 4204 1090 4266 titubanter
1112 4206 1313 4284 pronunciern,
1337 4204 1514 4267 clarissimis
1543 4205 1735 4269 demonstra-

382 4296 511 4360 tionibus
534 4293 677 4355 inventis.
724 4294 809 4355 Unus
832 4294 976 4372 Baptista
999 4294 1092 4355 Porta
1115 4294 1271 4372 professus
1294 4304 1358 4363 est,
1392 4293 1539 4355 rationem
1562 4295 1591 4357 in
1616 4293 1737 4375 Opticia

383 4386 525 4447 reddere:
560 4401 637 4463 quae
668 4402 687 4443 a
716 4382 846 4444 librariis
879 4382 992 4443 frustra
1023 4382 1171 4444 hactenus
1202 4377 1413 4461 requisivist’)
1458 4382 1526 4444 Non
1564 4384 1656 4445 semel
1689 4402 1736 4445 me

383 4470 570 4544 discruciari
596 4481 629 4532 ut
652 4489 774 4532 causam
797 4469 998 4550 inquirerem;
1023 4472 1150 4544 frustra,
1175 4489 1242 4532 cum
1265 4490 1311 4531 me
1337 4470 1460 4533 visionis
1483 4472 1589 4534 modus
1614 4473 1733 4534 lateret.

383 4561 422 4625 Et
443 4560 522 4624 facio
546 4559 738 4622 meritissime
766 4558 1012 4620 honestissimam
1042 4558 1223 4620 mentionem
1246 4559 1286 4621 D.
1310 4559 1457 4621 Ludcvici
1479 4560 1517 4621 L.
1541 4560 1578 4622 B.
1603 4580 1623 4621 a
1644 4560 1736 4621 Diet-

384 4650 534 4724 ricbsteiu,
561 4648 775 4710 Maecenatum
798 4665 930 4709 meorum
960 4647 1130 4727 praecipui;
1155 4649 1203 4726 qui
1236 4666 1289 4727 per
1317 4647 1477 4709 triennium
1506 4649 1572 4728 jam
1601 4666 1648 4711 me
1676 4648 1733 4710 hac

384 4737 555 4820 quaestione
578 4737 723 4799 exercuit.
770 4735 885 4813 Accipe
909 4737 1047 4809 tandem,
1076 4736 1122 4797 vir
1146 4736 1315 4809 literarum,
1345 4736 1453 4798 artium
1477 4746 1509 4798 et
1531 4737 1736 4815 professorum

384 4839 468 4909 atque
493 4827 587 4889 etiam
610 4825 669 4888 mei
691 4825 770 4886 inter
788 4833 958 4903 postremos
982 4824 1188 4886 amantissime
1208 4826 1356 4905 juxtaque
1379 4824 1591 4903 sagacissime,
1617 4827 1736 4898 (cetera

386 4917 502 4982 laudaut
535 4913 693 4977 Austriaci
728 4913 879 4993 principes
916 4922 949 4975 et
986 4913 1191 4992 amplissimae
1228 4913 1414 4993 provinciae)
1452 4914 1563 4992 scalpe,
1603 4913 1734 4993 iuquam,

386 5023 555 5086 responsum
578 5003 607 5064 si
631 5021 689 5064 nou
713 5003 790 5064 satis
813 5005 926 5064 clarum
950 5009 982 5062 et
1004 5001 1171 5070 indubium,
1202 5002 1280 5064 satis
1302 5009 1385 5064 certe
1408 4997 1586 5075 tardum.**)
1633 5002 1736 5065 Causa

387 5112 437 5156 uon
458 5102 509 5157 est
530 5093 564 5170 iu
586 5092 645 5154 Iroc
667 5091 747 5166 sits,
779 5091 859 5173 quod
890 5090 1058 5171 propinqua
1089 5092 1208 5174 majora
1228 5091 1391 5154 reddantur
1415 5091 1558 5153 convexis
1589 5092 1733 5177 specillis,
