4584 6192
573 640 639 708 690
746 641 750 650 “
1051 632 1090 682 De
1110 629 1189 683 Stella
1207 628 1279 679 Nora
1297 626 1448 693 serpentarii

568 820 667 883 altera
690 836 728 878 ex
751 817 849 878 altera
871 816 1034 890 conspecta
1066 816 1156 888 atque
1188 826 1281 887 penes
1314 825 1369 868 uos
1396 807 1459 889 jam
1493 814 1621 889 utraque
1654 808 1817 890 apparet?
1849 817 1934 892 utque

568 906 762 972 inveniantur
785 900 945 964 intervalla
968 900 1046 960 inter
1069 907 1224 977 utramque
1249 896 1347 957 stellis
1372 916 1481 965 vacua,
1515 896 1655 977 aequalia
1687 897 1739 960 his
1768 898 1935 963 intervallis

567 998 648 1060 inter
671 1015 726 1055 uos
751 1001 782 1054 et
804 987 981 1068 utramque?

655 1081 826 1155 Fortassis,
851 1079 990 1158 inquam,
1023 1096 1071 1138 res
1095 1074 1151 1134 hoe
1175 1081 1265 1152 pacto
1290 1074 1425 1154 adjuvari
1449 1083 1569 1154 posset,
1602 1073 1629 1136 si
1667 1074 1751 1138 dnae
1777 1076 1869 1138 solae
1891 1086 1936 1140 aut

568 1192 683 1255 paucae
707 1171 815 1233 stellae
839 1173 952 1240 essent,
977 1167 1002 1226 si
1026 1184 1083 1226 non
1108 1163 1136 1223 in
1163 1163 1264 1223 orbem
1280 1162 1490 1242 circumjectae
1505 1171 1537 1224 et
1555 1163 1795 1229 disseminatae.
1846 1164 1935 1249 Equi.

570 1265 637 1326 dem
661 1268 716 1322 aut
737 1257 861 1320 alternis
885 1254 1053 1334 hujusmodi
1076 1251 1184 1313 stellas
1208 1252 1332 1313 attolles
1356 1261 1387 1313 et
1410 1252 1574 1332 relinques,
1604 1263 1659 1315 aut
1682 1254 1865 1318 universas.
1908 1253 1937 1318 si

571 1349 707 1425 alternis,
732 1366 791 1408 non
813 1355 860 1406 est
880 1344 1001 1405 sublata
1025 1341 1172 1422 quaestio,
1197 1340 1255 1401 etsi
1275 1359 1435 1421 parumper
1454 1341 1620 1404 imminuta.
1659 1340 1754 1414 Quae
1770 1343 1855 1407 enim
1873 1364 1936 1426 pro·

572 1441 700 1522 pinquae
722 1442 907 1507 manserunt,
932 1433 968 1493 de
992 1432 1028 1493 iis
1052 1437 1155 1504 manet
1178 1429 1340 1491 etiamnum
1364 1431 1469 1491 eadem
1493 1430 1674 1494 affirmatio:
1702 1434 1871 1513 propiores
1893 1435 1935 1496 in-

569 1528 665 1591 vicem
690 1544 757 1587 esse
780 1524 868 1586 binas
891 1520 1114 1601 comparatione
1146 1518 1287 1580 instituta
1319 1518 1531 1581 distantiarum
1562 1520 1600 1581 ad
1635 1521 1815 1585 diametros
1849 1523 1936 1604 adque

570 1615 747 1680 distantiam
772 1630 871 1674 earum
895 1610 1011 1672 aSole.
1051 1606 1137 1680 Quae
1162 1626 1233 1669 vero
1248 1615 1319 1669 sunt
1340 1607 1432 1671 altius
1447 1608 1605 1684 sublatae,
1632 1610 1804 1674 distabunt
1828 1612 1937 1694 quidem

527 1769 530 1776 ,
570 1705 697 1785 lougius,
722 1703 775 1764 sed
800 1702 829 1762 in
854 1718 964 1779 magua
987 1697 1177 1776 nihilomiuus
1199 1697 1392 1776 proportione
1416 1705 1511 1759 erunt.
1558 1698 1662 1779 Atque
1695 1701 1757 1763 hoc
1795 1719 1854 1782 ego
1877 1701 1935 1782 qui·

571 1795 638 1857 dem
662 1793 740 1855 citra
763 1808 873 1854 causae
897 1787 1106 1850 detrimentum
1132 1786 1220 1847 facile
1244 1786 1461 1849 concesserim:
1494 1786 1587 1848 ailina
1610 1788 1717 1850 omnia
1741 1790 1856 1852 eadem
1878 1810 1935 1851 esse

571 1881 793 1961 magnitudine:
818 1896 941 1959 quorum
964 1896 1040 1958 quae
1055 1894 1165 1954 magna
1185 1875 1270 1935 uobis
1290 1884 1446 1955 apparent,
1470 1875 1638 1957 propinqua
1657 1876 1726 1941 sint
1741 1879 1847 1954 uobis,
1871 1897 1935 1961 qnae

570 1990 679 2053 parva,
704 1977 790 2031 tantu
814 1967 989 2028 remotiora:
1027 1976 1105 2039 ,Non
1127 1976 1197 2045 quod
1219 1976 1298 2029 olara
1317 1974 1415 2040 minus,
1438 1978 1485 2029 sed
1500 1978 1571 2047 quod
1585 1978 1679 2050 magis
1695 1978 1764 2033 alta
1780 1979 1935 2036 resedent&

571 2070 605 2123 nt
628 2058 712 2122 cauit
732 2056 888 2119 Manilius.

660 2145 869 2212 concesserim
892 2144 1023 2223 iuquam,
1048 2161 1106 2204 non
1126 2140 1348 2203 affirmaverim.
1383 2141 1463 2203 Nam
1479 2160 1573 2221 acque
1589 2142 1681 2205 facile
1697 2146 1787 2209 credi
1808 2152 1935 2227 possunt,

572 2246 607 2302 nt
631 2238 781 2310 claritate,
806 2243 841 2296 ut
863 2231 1022 2304 coloribus,
1047 2231 1091 2293 sic
1115 2230 1207 2291 etiam
1230 2231 1436 2309 magnitudine
1458 2249 1491 2291 re
1510 2249 1583 2292 vera
1606 2232 1743 2295 differre.
1796 2238 1846 2299 Ao
1869 2236 1935 2298 forto

572 2342 729 2407 utrumque
753 2343 854 2385 verum
878 2330 938 2395 est,
972 2322 1011 2381 ad
1045 2320 1213 2397 exemplum
1245 2319 1449 2398 planetarum,
1484 2338 1606 2399 quornm
1641 2322 1696 2383 alii
1722 2324 1798 2387 aliis
1822 2345 1856 2388 re
1873 2343 1935 2386 vera

573 2416 721 2494 majores,
746 2412 798 2475 alii
821 2411 912 2474 etiam
936 2421 1084 2491 apparent
1103 2408 1247 2487 majores,
1280 2409 1337 2471 etsi
1365 2428 1420 2489 per
1442 2428 1509 2469 sese
1534 2410 1682 2486 minores,
1718 2413 1797 2494 quia
1829 2415 1935 2478 scilieet

504 2521 510 2532 '
573 2504 660 2567 nobis
684 2509 755 2564 sunt
777 2500 942 2581 propiores.

661 2592 723 2654 Sed
747 2609 906 2671 pergamus
930 2588 968 2649 ad
989 2586 1115 2647 alterum
1135 2585 1308 2659 membrum,
1333 2585 1478 2661 dicentes,
1494 2586 1563 2665 quid
1583 2586 1775 2666 obtineatur,
1800 2591 1828 2652 si
1843 2609 1934 2653 omues

573 2682 612 2746 ad
636 2700 723 2743 unum
747 2680 856 2742 stellae
889 2679 927 2739 ab
955 2676 1084 2738 invicem
1118 2694 1173 2737 suo
1206 2675 1358 2756 quaelibet
1386 2676 1565 2737 diastemate
1597 2676 1805 2742 divellantur:
1839 2680 1883 2742 sic
1907 2688 1935 2741 ιιι

573 2789 650 2853 quae
674 2769 761 2831 uobis
785 2768 922 2848 proxima
945 2765 1076 2827 retineat
1104 2763 1181 2825 hauc
1211 2764 1479 2844 propinquitatem,
1511 2785 1598 2846 quam
1632 2768 1724 2829 modo
1758 2768 1933 2831 astronomia

573 2867 684 2923 metam
707 2858 774 2937 figit
797 2856 954 2931 universis,
979 2854 1090 2915 nullam
1115 2852 1237 2932 propius
1262 2852 1439 2927 admittens,
1465 2854 1504 2914 ab
1519 2875 1556 2915 ea
1570 2855 1706 2936 reliquae
1724 2875 1834 2919 omnes
1850 2858 1932 2921 attol-

574 2950 685 3020 lantur,
709 2945 861 3028 quaelibet
882 2945 981 3007 vicina
1005 2950 1090 3004 tauto
1115 2941 1207 3003 altius
1231 2950 1344 3021 quanta
1367 2952 1415 3003 est
1437 2943 1654 3005 hnruillimaea
1676 2946 1770 3007 nobis
1785 2947 1932 3010 distantia

573 3036 658 3103 Nihil
683 3055 719 3097 ne
742 3035 786 3097 sic
810 3036 928 3116 quidem
953 3031 1090 3095 efficitur.
1128 3031 1287 3111 Nunquam
1309 3050 1357 3092 res
1379 3050 1414 3092 eo
1435 3032 1587 3110 redigitur,
1614 3041 1649 3094 ut
1664 3033 1781 3098 similia
1796 3036 1847 3110 iis,
1871 3054 1933 3118 quat

575 3125 662 3189 nobis
687 3135 843 3205 apparent,
869 3129 1036 3204 appareant
1059 3120 1150 3180 etiarn
1175 3121 1232 3195 his,
1257 3120 1306 3200 qui
1331 3121 1358 3181 iu
1374 3120 1434 3182 illis
1452 3122 1550 3183 stellis
1565 3122 1649 3183 verbi
1665 3142 1764 3186 causa
1783 3127 1933 3189 observare

560 3218 741 3295 tinguntur:
766 3233 802 3274 ex
826 3232 882 3294 quo
907 3210 1067 3291 colligitur,
1092 3208 1170 3270 huna
1195 3210 1299 3283 locum,
1324 3209 1426 3290 inquo
1446 3229 1626 3282 nossumus,
1652 3231 1779 3293 semper
1793 3215 1934 3296 peculiare

575 3304 646 3386 quid
670 3303 865 3381 omnibusque
889 3320 943 3382 per
966 3308 1063 3360 totam
1082 3297 1259 3359 infinitatem
1278 3297 1360 3360 illam
1380 3299 1659 3361 incommunicabile
1674 3301 1832 3367 obtinere.
1868 3305 1933 3368 Nan

575 3394 601 3456 si
626 3392 670 3454 sic
694 3411 743 3454 res
767 3391 895 3465 habeat,
925 3390 968 3452 uti
998 3389 1124 3462 dietum,
1156 3397 1251 3462 certe,
1282 3396 1318 3449 nt
1347 3389 1499 3468 quaelibet
1522 3388 1626 3467 duplo,
1656 3390 1768 3469 triplo,
1806 3393 1934 3473 centuplo

576 3483 682 3556 altior,
715 3480 760 3542 ita
791 3480 895 3560 duplo,
931 3478 1037 3557 triplo,
1073 3478 1212 3555 centuplo
1240 3478 1297 3538 erit
1328 3488 1359 3538 et
1383 3479 1486 3557 major.
1534 3477 1653 3559 Quippe
1678 3490 1934 3562 quantumcunque

577 3571 661 3634 dicas
686 3571 846 3641 elevatam,
873 3587 1021 3647 uunquam
1047 3566 1170 3637 efficies,
1194 3577 1226 3627 ut
1242 3586 1298 3627 uon
1314 3567 1452 3630 videatur
1465 3568 1575 3628 habero
1596 3568 1719 3629 anobis
1741 3571 1836 3633 duum
1852 3572 1933 3633 minn-

576 3670 672 3725 torum
696 3660 885 3721 diametrum.
934 3656 1060 3734 Semper
1083 3655 1176 3734 igitur
1199 3656 1345 3717 diameter
1368 3649 1530 3717 distantiae
1555 3678 1573 3717 a
1597 3656 1683 3719 uobis
1711 3660 1774 3721 erit
1800 3680 1872 3741 pars
1899 3659 1935 3720 bis

576 3751 735 3813 millesima
758 3755 811 3809 aut
834 3746 993 3808 millesima
1017 3754 1069 3806 aut
1093 3745 1154 3805 tale
1180 3745 1346 3824 quippiam:
1377 3746 1540 3807 distantiae
1568 3764 1641 3806 vero
1665 3746 1801 3811 duarum
1826 3752 1935 3812 fixatm

576 3861 595 3901 a
618 3860 650 3900 se
666 3847 768 3900 mutuo
784 3838 904 3916 (utpote
924 3835 1026 3897 multis
1041 3833 1177 3912 partibus
1192 3834 1324 3908 minoris,
1350 3853 1437 3914 quarn
1453 3845 1500 3896 est
1519 3854 1620 3896 earurn
1636 3837 1763 3898 anobis
1786 3838 1934 3907 distantia)

577 3929 634 3991 erit
657 3929 718 3989 ista
740 3927 886 3988 diameter
909 3945 980 4005 pars
1005 3925 1096 3985 multo
1120 3924 1226 4002 major.
1264 3922 1332 3984 Etsi
1347 3924 1439 4000 igitur
1462 3944 1499 3984 ex
1513 3944 1573 3985 una
1587 3926 1680 3986 stella
1701 3927 1797 3990 nobis
1814 3929 1934 4010 proxim

577 4018 682 4080 eadam
706 4035 781 4095 pene
806 4014 899 4075 facies
924 4013 1000 4075 coeli
1024 4012 1192 4092 apparebit,
1217 4031 1292 4091 quae
1316 4033 1409 4093 penes
1428 4033 1497 4074 nos:
1523 4024 1555 4074 at
1570 4032 1607 4074 ex
1623 4016 1750 4091 ceteris,
1778 4037 1933 4099 quoquae·

578 4106 651 4168 libet
674 4114 722 4167 est
744 4104 895 4176 remotior,
921 4104 976 4164 hoe
999 4101 1096 4180 magis
1121 4121 1158 4162 ex
1182 4121 1219 4161 ea
1242 4101 1407 4163 variabitur
1426 4111 1568 4182 aspectus
1583 4103 1698 4166 mundi.
1748 4106 1932 4169 Manentibus

578 4195 685 4275 quippe
710 4194 876 4256 intervallis
895 4193 1029 4254 binarum
1046 4190 1202 4251 stellarum
1222 4192 1313 4271 (quae
1329 4192 1414 4252 nobis
1429 4191 1568 4254 videntur
1587 4190 1828 4271 vicinissimae),
1854 4213 1931 4274 auge-

577 4285 656 4346 bitur
679 4284 833 4363 proportio
858 4292 1009 4362 aspectus.
1056 4281 1164 4360 Itaque
1189 4299 1245 4360 quo
1270 4281 1365 4360 magis
1381 4282 1446 4360 quis
1461 4281 1570 4341 stellas
1590 4282 1619 4342 iu
1636 4281 1793 4347 infinitam
1810 4283 1931 4349 subvehit

578 4374 776 4446 altitudinem,
802 4373 857 4433 hoc
881 4370 1111 4433 monstrosiores
1135 4369 1197 4430 illic
1220 4370 1306 4448 fingit
1329 4372 1432 4443 moles,
1458 4370 1562 4450 quales
1577 4389 1614 4432 ex
1636 4369 1695 4432 hoc
1712 4384 1824 4438 nostro
1848 4369 1929 4437 mnndi

578 4465 643 4525 loco
667 4483 725 4525 non
749 4469 918 4523 cernuntur.
965 4459 1017 4522 Sic
1041 4458 1131 4520 etiam
1156 4458 1313 4521 dicendum
1337 4460 1373 4519 de
1397 4460 1511 4538 spat-io,
1543 4461 1621 4539 quod
1652 4460 1833 4540 hujusmodi
1855 4480 1929 4544 pere·

578 4552 712 4633 grinator
736 4550 843 4631 aliquis
867 4567 984 4629 semper
1008 4569 1066 4610 una
1081 4556 1181 4628 auget,
1207 4548 1323 4628 quoties
1343 4549 1450 4609 stellas
1465 4569 1503 4609 ex
1518 4568 1574 4610 uno
1589 4549 1697 4610 ordine
1716 4570 1828 4615 omnes
1841 4560 1929 4633 poste·

509 4665 513 4671 ·
579 4641 685 4703 riorem
709 4659 855 4721 quamque
880 4639 971 4701 altius
995 4639 1104 4700 evehit.
1152 4637 1277 4699 Diceres
1292 4637 1375 4700 illurn
1390 4638 1555 4699 aediculam
1573 4639 1674 4700 limaci
1693 4650 1866 4714 exstruere,
1886 4654 1930 4719 qve

579 4732 675 4810 magis
700 4741 867 4791 extrorsum
892 4728 1082 4790 continuatur
1105 4727 1162 4788 hoc
1186 4726 1282 4806 magis
1307 4726 1448 4789 hiantem.
1496 4727 1644 4789 Deorsum
1671 4729 1756 4791 enim
1786 4733 1930 4793 stellans

580 4821 671 4882 stella
695 4819 864 4881 distrahere
888 4837 945 4878 nou
970 4826 1080 4897 potest,
1106 4816 1184 4897 quod
1198 4836 1255 4878 uou
1273 4819 1331 4878 lert
1346 4817 1481 4878 doctriua
1494 4817 1706 4896 parallaxium,
1733 4828 1929 4902 quaeserunt

580 4907 877 4989 appropinquationis
902 4914 1010 4967 metam
1035 4906 1113 4970 fixit:
1139 4906 1168 4967 iu
1193 4906 1272 4967 latus
1296 4926 1354 4967 uon
1378 4914 1480 4987 potest
1494 4907 1563 4967 illas
1582 4907 1769 4983 distrahere,
1795 4910 1928 4992 quiajam

579 4998 735 5077 possident
758 5017 814 5060 sua
836 4996 971 5058 dimensa
995 4996 1060 5057 loca
1083 4995 1149 5057 visu
1173 4994 1285 5056 indice:
1311 4996 1487 5076 relinquitur
1501 4995 1592 5075 igitur
1606 5004 1640 5057 ut
1656 5016 1781 5062 sursum
1797 4998 1930 5062 distrahat

580 5087 697 5162 stellas,
723 5094 813 5167 atque
837 5085 880 5147 sie
903 5105 962 5147 uua
985 5095 1076 5163 auget
1099 5085 1155 5146 hoc
1179 5084 1265 5145 nobis
1290 5085 1511 5165 circumjectum
1536 5086 1678 5165 spatium,
1704 5087 1735 5148 iu
1763 5111 1821 5170 quo
1840 5089 1929 5150 stellas
