4584 6192
811 581 818 591 .
933 548 1056 603 sonsa
1076 547 1183 617 ossus
1672 550 1736 620 1¹5
1834 507 1842 531 ’

468 721 534 788 Sed
558 725 617 788 hoe
648 732 752 806 potest
780 728 908 808 proferri
939 731 1123 809 popularius.
1175 727 1250 792 Cum
1277 730 1396 793 Lunam
1428 730 1604 810 aspicimus,
1637 738 1737 796 totam

379 815 469 877 dmnl
493 834 560 876 cum
582 815 663 877 bona
685 824 774 894 parte
798 818 879 878 aeris
906 819 1002 880 nostri
1032 819 1177 880 illustrati
1207 820 1359 894 videmus,
1390 820 1553 881 obruuntur
1576 840 1594 881 a
1617 820 1737 883 luminis

378 903 497 981 copiosi
518 911 684 983 conspectu
709 905 795 967 oculi.
844 906 887 967 At
910 906 936 967 si
960 915 1080 969 utamur
1101 907 1283 988 perspicillo,
1308 908 1433 969 minima
1455 908 1559 969 Lunae
1582 927 1655 987 pars
1679 929 1738 971 nna

378 991 443 1053 uice
465 1010 522 1073 per
544 992 750 1072 perspicillum
773 994 943 1056 admittitur
966 1003 1110 1075 tantoque
1138 997 1250 1065 minor,
1283 1004 1394 1076 quanto
1418 997 1547 1059 nobilius
1570 1005 1618 1058 est
1640 998 1737 1059 teles-

380 1078 511 1160 copium.
559 1082 609 1143 Ita
632 1082 665 1141 lit
687 1089 722 1142 ut
744 1102 801 1143 non
826 1083 940 1144 sintin
963 1091 1051 1145 tanta
1086 1085 1237 1146 claritatis
1268 1085 1438 1147 differentia
1465 1092 1568 1164 partes
1591 1087 1738 1164 pauculae

378 1186 431 1248 per
453 1169 655 1249 telescopium
678 1170 765 1232 simul
789 1173 955 1252 inspectae,
980 1173 1009 1233 in
1034 1181 1147 1252 quanta
1176 1182 1246 1235 suut
1272 1181 1379 1252 partes
1402 1174 1516 1247 Lunae,
1543 1174 1684 1237 deliniens
1706 1184 1740 1235 et

379 1257 547 1333 luminosa,
578 1259 666 1319 nudis
690 1260 784 1321 oculis
808 1260 963 1340 inspectae
987 1261 1084 1323 simul.
1132 1262 1261 1323 Tollitur
1292 1262 1384 1339 igitur
1412 1263 1577 1342 telescopio
1609 1262 1738 1342 impedi-

379 1355 512 1408 mentum
536 1345 702 1421 claritatis,
733 1368 809 1428 quae
833 1350 920 1410 nudis
945 1350 1040 1411 oculis
1070 1351 1170 1412 vicina
1198 1352 1337 1413 offuscat.
1383 1351 1427 1412 Ut
1450 1352 1494 1412 ita
1516 1369 1573 1411 non
1599 1351 1641 1412 sit
1663 1371 1739 1431 opus

380 1436 538 1513 corporale
572 1444 693 1515 tegmen
718 1437 775 1515 ipsi
799 1438 903 1499 Lunae
927 1439 955 1500 in
987 1440 1072 1499 coelo
1105 1440 1269 1500 obtendere
1303 1439 1390 1519 idque
1415 1440 1453 1500 ad
1477 1439 1604 1518 primam
1637 1441 1739 1520 appli-

380 1522 531 1599 cationem
554 1523 711 1606 telescopii
736 1526 851 1587 tollere.
890 1526 924 1589 Si
948 1528 1056 1589 limbus
1079 1527 1130 1588 ille
1149 1525 1254 1588 Lunae
1279 1529 1359 1589 reale
1384 1528 1532 1606 quidest,
1557 1535 1609 1589 aer
1632 1548 1739 1608 nempe

381 1612 460 1674 circa
482 1613 613 1687 Lunam,
638 1614 716 1693 qnod
740 1616 824 1676 valet
846 1616 937 1677 etiam
961 1617 1000 1677 ad
1024 1616 1140 1677 oculum
1164 1617 1274 1676 nudum
1306 1617 1499 1690 movendum,
1528 1617 1618 1695 juxta
1641 1616 1741 1696 ipsum

380 1700 483 1762 Lunae
508 1720 640 1781 corpus:
665 1703 714 1782 qni
739 1704 773 1764 fit
794 1704 902 1783 igitur,
927 1705 1005 1784 quod
1029 1724 1077 1766 res
1101 1704 1169 1779 illa,
1194 1711 1247 1765 adr
1269 1704 1334 1779 ille,
1359 1705 1566 1784 inspicientem
1590 1723 1644 1784 per
1666 1724 1740 1784 per-

382 1789 534 1869 spicillnm
568 1790 689 1869 penitus
712 1792 810 1853 latet?
843 1794 867 1853 si
898 1802 1002 1856 tantae
1035 1792 1185 1855 claritatis
1210 1800 1257 1853 est
1288 1794 1395 1856 limbus
1423 1813 1477 1855 seu
1510 1792 1612 1854 tunica
1638 1794 1740 1873 potius

381 1879 473 1954 aeris,
499 1887 535 1940 nt
559 1878 651 1940 etiam
675 1900 778 1942 verum
802 1901 910 1960 corpus
933 1883 1051 1956 Lunae,
1083 1891 1179 1944 totum
1203 1881 1396 1956 luminosum,
1427 1889 1513 1961 tegat
1541 1883 1619 1943 nudo
1643 1882 1740 1957 oculo,

381 1985 433 2028 cnr
455 1988 515 2028 non
541 1969 619 2047 tegit
643 1967 717 2029 illud
739 1990 794 2049 per
824 1971 1051 2032 instrumentum
1084 1970 1314 2050 transpicienti?
1348 1990 1399 2031 cur
1423 1990 1500 2032 anno
1532 1966 1615 2033 1613
1640 1971 1741 2032 videre

380 2057 509 2135 potuisti
532 2065 620 2118 trans
645 2057 723 2119 hunc
747 2059 892 2137 fulgorem
919 2079 1019 2121 verum
1039 2061 1143 2121 Lunae
1168 2078 1286 2139 corpus,
1311 2060 1389 2138 quod
1413 2059 1500 2120 nudis
1525 2059 1617 2120 oculis
1640 2060 1742 2122 videre

381 2163 437 2206 non
460 2145 614 2224 potuisti?
647 2147 759 2208 Annon
784 2148 889 2209 savis
913 2160 961 2209 est
990 2148 1184 2227 perspicillo,
1217 2157 1252 2209 ut
1281 2148 1381 2209 omnia
1409 2147 1527 2208 omnino
1556 2166 1632 2227 qnae
1656 2147 1743 2210 nudis

382 2233 474 2295 oculis
498 2235 582 2295 cerni
605 2244 735 2312 possunt
752 2244 785 2296 et
803 2238 920 2315 majora
940 2246 970 2299 et
988 2238 1119 2299 clariora
1137 2243 1170 2297 et
1194 2237 1384 2299 distinctiora
1407 2242 1635 2316 repraesentet:
1659 2238 1743 2316 ipsas

383 2323 457 2383 adeo
480 2322 584 2394 irides,
611 2323 678 2402 ipsa
701 2325 817 2403 parelia
843 2327 921 2387 etsi
948 2326 1086 2405 quidest
1109 2325 1232 2386 simile?
1257 2324 1344 2396 Quod
1364 2343 1435 2404 ergo
1458 2324 1640 2404 perspicillis
1663 2325 1745 2387 circa

386 2411 504 2473 Lunam
528 2411 611 2475 cerni
634 2414 746 2493 nequit,
772 2414 802 2474 id
827 2415 856 2475 in
881 2416 965 2476 coelo
989 2434 1046 2475 non
1071 2422 1135 2483 est,
1159 2415 1213 2476 sed
1237 2414 1268 2476 in
1291 2415 1375 2475 oonlo
1399 2433 1465 2475 cnm
1494 2412 1590 2475 nudus
1613 2420 1670 2487 est,
1695 2413 1743 2475 cui

384 2509 524 2580 praestat
546 2501 753 2581 perspicillum
770 2503 833 2576 hoc,
859 2513 893 2566 ut
911 2504 1009 2565 lucida
1026 2522 1106 2581 pars,
1129 2522 1206 2581 quae
1224 2522 1278 2582 per
1296 2503 1404 2563 nudum
1424 2502 1541 2563 oculum
1563 2502 1744 2582 pingebatur

387 2589 492 2652 vitiose
507 2593 541 2651 et
555 2590 675 2662 diffuse,
687 2590 750 2668 jam
767 2592 921 2671 duplicata
939 2591 1119 2654 refractione
1135 2591 1218 2653 iacta
1231 2593 1372 2671 pingatur
1387 2598 1520 2654 correcte
1535 2598 1567 2651 et
1580 2590 1743 2670 castigate.

474 2677 537 2739 Sed
556 2697 627 2740 ecce
642 2678 863 2742 observationis
879 2682 1006 2759 copiam,
1027 2681 1241 2742 vicinissimam
1261 2681 1463 2743 observationi
1482 2699 1570 2760 qnam
1590 2698 1743 2741 commen-

386 2766 458 2845 das3
490 2768 641 2846 picturam
674 2767 766 2830 ctiam
798 2771 934 2847 picturae
962 2778 1032 2831 tuae
1065 2769 1236 2849 oppositam
1259 2770 1297 2830 ad
1326 2769 1496 2842 sinistram,
1529 2769 1641 2849 quaid
1665 2768 1743 2849 quod

386 2855 428 2915 Tu
451 2875 488 2916 cx
514 2863 568 2917 tua
591 2855 637 2915 vis
662 2856 770 2918 elicere
794 2859 914 2937 penitus
937 2858 1125 2938 profligatur.
1165 2857 1197 2920 Si
1223 2859 1302 2919 eninr
1325 2865 1382 2930 est,
1407 2857 1561 2937 quodvis,
1587 2858 1613 2917 si
1637 2875 1742 2937 nempe

386 2944 412 3004 in
435 2944 584 3024 principio
609 2952 640 3005 et
663 2946 719 3005 fine
743 2948 836 3007 totins
862 2948 1038 3020 durationis,
1064 2947 1158 3008 libero
1179 2948 1245 3026 ipso
1260 2948 1363 3008 Lunae
1385 2965 1520 3025 corpore,
1545 2944 1646 3006 deficit
1669 2965 1742 3026 pro-

386 3034 499 3095 minens
524 3040 577 3094 aer
604 3033 731 3095 Lunaris
760 3036 848 3116 idque
873 3057 891 3096 a
914 3035 999 3096 nobis
1031 3036 1124 3097 videri
1154 3044 1275 3115 potest:
1308 3053 1379 3114 ergo
1403 3035 1432 3095 in
1461 3033 1607 3114 principio
1631 3044 1663 3096 et
1685 3034 1742 3095 fine

386 3140 484 3183 morae
500 3121 531 3183 in
550 3122 695 3196 tenebris,
721 3142 786 3184 cum
806 3133 873 3185 tota
890 3126 977 3186 Luna
1001 3125 1112 3198 deficit,
1136 3124 1286 3185 videbitur
1305 3143 1414 3204 corpus
1434 3132 1530 3184 totum
1550 3123 1578 3184 iu
1598 3122 1741 3197 tenebris,

389 3211 497 3273 circulo
522 3229 577 3272 sno
602 3221 856 3287 consummatum,
890 3223 921 3274 et
951 3213 1037 3274 simul
1072 3214 1222 3276 videbitur
1243 3232 1315 3293 pars
1349 3214 1450 3292 aliqua
1472 3232 1525 3272 sen
1558 3200 1743 3289 segmentum

389 3300 460 3362 aerii
483 3298 587 3361 circuli
612 3299 752 3378 majoris,
786 3303 867 3363 foras
892 3302 920 3362 in
945 3303 1042 3364 lumen
1066 3303 1238 3383 prominens
1267 3303 1364 3382 adque
1395 3301 1482 3380 digiti
1506 3301 1744 3380 magnitudinem

388 3388 502 3462 lucida,
535 3388 629 3449 veluti
662 3391 804 3467 splendor
836 3391 990 3452 circularis
1025 3410 1118 3471 supra
1150 3391 1253 3471 capita
1290 3398 1477 3465 sanctorum,
1511 3389 1625 3470 eritque
1659 3389 1744 3469 qnasi

390 3478 510 3539 duarum
525 3477 677 3539 Lanarum
701 3479 837 3559 species:
862 3480 980 3541 Lunam
996 3481 1072 3542 enim
1088 3489 1184 3541 totam
1203 3479 1336 3541 tenebris
1359 3479 1531 3541 immersam
1551 3478 1632 3540 cerni
1651 3497 1744 3558 posse

390 3566 588 3640 nihilominus,
614 3566 646 3628 id
670 3574 701 3627 et
724 3575 756 3629 tu
780 3568 845 3647 ipse
868 3568 988 3648 recipis.
1026 3569 1122 3650 Atqui
1149 3568 1223 3629 nihil
1247 3569 1308 3630 tale
1329 3575 1475 3647 apparet:
1501 3567 1642 3648 quamdin
1666 3566 1745 3627 onim

392 3655 495 3737 aliquis
511 3655 655 3735 splendor
674 3665 822 3736 superest,
845 3658 959 3719 tamdiu
975 3658 1061 3719 deest
1082 3658 1194 3737 aliquid
1215 3657 1395 3719 rotunditati
1410 3657 1543 3735 corporis
1563 3655 1743 3728 obumbrati,

393 3744 467 3824 qnod
488 3764 548 3806 non
582 3744 790 3807 obumbratum
814 3747 867 3807 sed
901 3746 987 3825 quasi
1020 3748 1172 3809 conditum
1204 3754 1253 3807 est
1276 3747 1331 3807 snb
1359 3746 1412 3806 illa
1444 3753 1531 3825 parte
1564 3744 1744 3823 splendente

393 3832 476 3913 inque
500 3852 568 3894 eam
592 3833 746 3896 insertum.

476 3921 545 3985 Non
570 3922 712 3985 consistit
739 3924 831 4003 igitur
854 3931 907 3985 tna
936 3923 1120 4002 speculatio,
1151 3924 1263 3985 frustra
1291 3920 1477 4001 suspiciones
1501 3920 1563 3982 cies
1589 3932 1639 3995 ,ds
1669 3928 1745 3983 dirui·

395 4012 500 4068 audone
522 4012 644 4082 corporis
664 4014 761 4068 Lunae
782 4022 1003 4086 temporumque,
1026 4015 1124 4085 quibus
1146 4016 1248 4068 durant
1268 4011 1425 4083 deliquia⁴⁴1
1465 4010 1544 4091 quod
1581 4018 1682 4071 tamen
1719 4008 1747 4070 ei

396 4102 446 4164 tibi
467 4121 655 4176 concessero,
677 4122 744 4164 curu
763 4102 934 4165 necessario
959 4102 1125 4183 relinquere
1145 4121 1199 4163 sno
1219 4110 1302 4162 statu
1317 4100 1429 4162 debeas
1442 4099 1616 4181 parallaxes
1631 4099 1745 4172 Lunae,

397 4191 568 4253 diametrum
583 4189 665 4253 Solis
688 4201 860 4273 motumque
884 4191 1045 4266 horarium,
1070 4191 1139 4271 quia
1163 4190 1283 4269 singula
1303 4189 1378 4250 baec
1394 4208 1427 4251 se
1446 4189 1520 4269 ipsis
1544 4196 1615 4249 snut
1637 4187 1745 4249 obser-

398 4280 521 4354 vabilia3
554 4279 583 4341 si
605 4298 677 4359 ergo
697 4281 762 4359 jam
790 4281 927 4360 jubearis
950 4299 1005 4359 per
1037 4280 1201 4342 diminutas
1234 4277 1407 4341 durationes
1434 4287 1573 4339 extruere
1596 4276 1745 4339 theoriam

400 4368 566 4450 eclipsinm:
591 4369 707 4431 senties
730 4370 823 4444 brevi,
849 4378 879 4432 te
903 4369 1005 4431 volare
1025 4369 1125 4447 juberi
1150 4367 1259 4429 demtis
1283 4366 1350 4429 alis.
1608 4425 1609 4430 ,

480 4456 571 4529 Quod
602 4457 681 4519 idem
714 4468 745 4520 et
777 4459 839 4534 Te,
879 4458 1087 4521 sollertissime
1120 4456 1245 4520 Simon
1278 4455 1388 4530 Mari,
1427 4455 1619 4517 considerare
1655 4452 1746 4515 velim

400 4565 558 4627 causasque
574 4566 686 4622 eornm,
711 4566 788 4626 quae
806 4548 884 4609 visui
903 4548 983 4609 circa
1007 4546 1234 4608 observationes
1258 4546 1413 4606 stellarum
1437 4543 1586 4618 accidunt,
1612 4542 1641 4603 in
1660 4541 1746 4603 oculo

399 4638 491 4714 potins
514 4636 621 4698 autin
646 4636 806 4716 splendore
830 4637 909 4698 aeris
934 4636 1112 4698 luminosum
1135 4635 1269 4714 proxime
1297 4632 1520 4695 circumstantis
1544 4639 1597 4692 aut
1620 4630 1746 4709 deniqne

400 4725 426 4785 in
458 4724 683 4806 imperfectione
715 4726 764 4787 vel
796 4726 987 4788 instrumenti
1014 4726 1063 4786 vel
1094 4725 1174 4787 modi
1206 4722 1402 4795 observandi,
1435 4740 1524 4801 quam
1553 4721 1582 4781 in
1615 4718 1747 4781 realibus

400 4813 611 4876 radiationibus
635 4833 797 4894 quaerere:
823 4822 857 4876 ut
879 4815 964 4876 vides
989 4836 1007 4875 a
1030 4834 1076 4875 me
1101 4813 1214 4875 factum
1237 4812 1352 4890 passim
1370 4810 1401 4871 in
1416 4808 1544 4889 Opticis,
1567 4807 1747 4888 praesertim

400 4899 624 4983 cap.v11,5.
649 4903 714 4977 ubi,
746 4904 854 4966 illaeso
877 4923 1017 4965 mucrone
1042 4904 1176 4978 umbrae,
1201 4921 1310 4963 causas
1337 4898 1531 4963 nihilominus
1560 4897 1648 4959 trado
1671 4895 1748 4958 lueis

399 4990 562 5053 inumbra.

484 5079 619 5146 Tandem
641 5079 673 5141 in
695 5080 895 5161 Prognostico
920 5082 989 5144 anni
1017 5078 1100 5145 1617
1130 5078 1269 5142 efferbuit
1292 5077 1429 5141 Fabricio
1458 5094 1542 5147 meo,
1565 5081 1600 5136 ut
1622 5073 1750 5148 videtur,

1497 5176 1537 5237 εἰ
