4584 6192
435 592 439 605 '
478 592 546 661 deo
960 588 1000 640 De
1019 588 1097 640 sorra
1114 588 1187 639 non
1204 587 1355 654 00000001

482 792 597 855 quoque
620 771 709 846 fixae,
732 786 785 849 000
808 774 917 829 natura
939 766 1006 841 loci,
1031 766 1081 849 qui
1105 766 1318 829 inaestimabili
1340 765 1498 829 intervallo
1513 762 1671 846 aregione
1686 764 1838 829 mobilium

482 863 587 930 distat,
616 860 788 923 rarissimae
812 857 902 918 etiam
926 865 958 917 et
981 857 1109 918 maxime
1133 855 1301 932 diuturnae,
1325 877 1391 919 curn
1416 857 1477 919 sint
1500 864 1533 917 et
1554 857 1720 925 maximae.

570 951 627 1013 IV.
674 949 764 1012 Addo
795 954 827 1008 et
856 954 994 1026 quartum
1025 954 1231 1025 argumentum
1256 946 1294 1007 ab
1326 946 1432 1025 eclipsi
1455 944 1556 1022 Solis,
1591 964 1685 1027 quam
1710 943 1835 1008 Octobri

484 1059 586 1105 mense
609 1038 747 1101 vidimus.
792 1034 922 1115 Neapoli
954 1043 1036 1096 totus
1070 1034 1188 1114 quidem
1216 1032 1270 1097 801
1298 1043 1398 1098 100100
1430 1036 1591 1116 apparuit,
1625 1036 1682 1097 sed
1711 1036 1836 1097 eundem

481 1132 572 1212 plane
595 1127 787 1208 admodum,
813 1123 1057 1206 quemadmodum
1080 1124 1261 1186 Plutarchus
1286 1133 1356 1186 aute
1381 1144 1475 1188 annos
1503 1121 1586 1189 1500
1610 1134 1645 1187 et
1670 1124 1740 1205 ipse
1764 1124 1836 1187 vidit

483 1219 632 1299 011000ος
664 1216 749 1296 cujus
780 1214 873 1275 verba
901 1232 940 1274 ex
972 1210 1113 1277 101318
1145 1233 1277 1275 meorum
1301 1211 1477 1294 Opticorurn
1506 1214 1582 1275 haec
1612 1221 1707 1276 suut:
1741 1225 1836 1280 Educet

477 1318 595 1391 'quidam
615 1318 745 1387 splendor
764 1314 837 1368 circa
857 1312 983 1377 orbitarn,
1005 1330 1060 1367 non
1080 1312 1172 1368 sinens
1194 1314 1282 1369 altam
1301 1314 1465 1387 nimiamque
1484 1313 1703 1371 1001001000
1755 1304 1835 1367 Nes·

487 1396 624 1477 politana
645 1414 717 1457 vero
740 1392 847 1457 relatio
870 1391 1033 1473 superioris
1053 1392 1122 1453 anni
1136 1392 1180 1454 sic
1195 1392 1306 1454 habet:
1331 1404 1472 1456 accurate
1495 1401 1608 1457 tectum
1624 1394 1725 1456 fuisse
1745 1390 1836 1455 totum

484 1485 595 1556 Solem,
620 1485 698 1565 qnod
722 1482 839 1564 quidem
863 1500 922 1543 uon
942 1481 991 1543 diu
1016 1481 1189 1557 duraverit;
1213 1482 1241 1544 iu
1257 1481 1363 1555 medio,
1388 1484 1439 1546 ubi
1462 1484 1558 1559 Luna,
1584 1483 1681 1546 fuisse
1708 1482 1836 1562 speeiem

479 1574 572 1656 quasi
596 1574 700 1654 nigrae
719 1572 816 1641 uubis,
841 1570 1033 1633 circumcirca
1057 1570 1214 1632 mbentem
1232 1580 1265 1633 et
1282 1572 1450 1634 flammeum
1473 1574 1677 1654 splendorem,
1705 1570 1837 1653 aequalis

483 1663 612 1743 nudique
637 1661 819 1736 latitudiuis,
854 1660 903 1740 qui
927 1659 1035 1721 bonam
1058 1660 1134 1721 coeli
1157 1669 1276 1740 partem
1308 1662 1508 1742 occupaverit
1554 1662 1738 1742 Eregioue
1761 1658 1837 1723 Solis

485 1771 592 1814 versus
615 1751 852 1831 septentrionem
884 1750 998 1811 coelum
1032 1749 1189 1812 obscurum
1218 1750 1326 1829 plane,
1358 1764 1392 1813 ut
1414 1770 1480 1814 cum
1511 1752 1662 1832 profunda
1689 1771 1753 1814 nox
1775 1759 1836 1821 est;

486 1841 595 1903 stellas
619 1849 720 1903 tamen
744 1859 803 1902 non
826 1838 919 1902 visas.
966 1839 1009 1901 Ut
1039 1847 1139 1901 autem
1173 1839 1246 1900 nihil
1279 1841 1398 1903 dubites
1421 1841 1538 1903 deiide
1565 1840 1740 1915 historiae,
1772 1856 1835 1901 eece

486 1930 578 1993 aliam
611 1948 649 1991 ex
679 1928 838 2002 Flandria,
870 1927 920 1989 ubi
953 1947 1009 1989 non
1041 1936 1124 1989 totus
1157 1928 1274 2009 quidem
1298 1928 1351 1992 801
1384 1938 1505 2004 10010ος
1536 1929 1736 2010 prominebat
1763 1929 1834 1991 0010

485 2039 627 2099 suprema
648 2021 719 2100 pars
743 2016 845 2080 circuli
864 2016 981 2079 8010010
1004 2017 1104 2078 lucida
1127 2016 1287 2079 latitudine
1309 2018 1395 2081 unius
1419 2020 1507 2100 digiti
1529 2028 1583 2082 001
1605 2020 1729 2082 dimidii
1752 2022 1834 2093 (sane

485 2110 556 2190 quia
577 2107 774 2187 Antverpiae,
799 2106 929 2168 citeriori
952 2107 1034 2181 1000,
1060 2107 1204 2168 exstabat
1226 2107 1373 2188 digitus);
1397 2110 1450 2171 sed
1474 2117 1573 2170 tamen
1599 2109 1713 2189 globus
1736 2109 1834 2171 Lunae

483 2199 584 2271 visus,
618 2197 774 2259 declinans
807 2196 846 2258 ad
883 2194 1085 2274 nigredinem,
1123 2196 1225 2258 fuscus
1258 2204 1311 2259 aut
1342 2198 1429 2277 quasi
1459 2198 1581 2278 fuligine
1618 2206 1744 2273 tectus,
1775 2215 1834 2259 000

482 2287 618 2367 superior
649 2284 890 2349 circumferentia
913 2285 1017 2346 Lunae
1048 2292 1131 2346 00001
1162 2293 1229 2347 1010
1260 2286 1389 2349 candida
1411 2293 1444 2349 et
1471 2287 1556 2368 qussi
1586 2288 1694 2368 ignea.
1741 2287 1784 2349 Et
1805 2294 1834 2346 ut

483 2369 645 2453 constaret,
661 2376 757 2437 visum
772 2394 839 2438 esse
863 2375 959 2436 locum
975 2373 1049 2436 disci
1064 2374 1169 2436 Lunae
1188 2375 1303 2455 integre
1319 2376 1585 2457 circumscriptum,
1607 2378 1699 2440 addit
1720 2377 1832 2449 0010110,

481 2466 579 2528 locum
602 2483 728 2541 omnem,
752 2463 781 2527 in
806 2483 891 2546 quem
916 2486 935 2526 a
957 2462 1029 2526 8010
1052 2463 1135 2525 visus
1164 2483 1288 2525 aversus
1319 2461 1516 2546 dirigeretur,
1548 2467 1646 2529 visum
1672 2486 1744 2528 esse
1768 2465 1832 2526 fuli-

482 2552 618 2637 ginosnm
659 2553 901 2616 circumferentia
936 2553 1033 2633 ignea.
1088 2552 1157 2616 Non
1193 2562 1314 2633 poterat
1342 2554 1435 2635 igitur
1470 2556 1703 2635 phaenomenon
1742 2556 1833 2635 ipsum

483 2644 594 2706 habere
624 2643 731 2718 aliter,
764 2643 849 2722 cujus
879 2643 996 2723 species
1020 2643 1049 2703 in
1074 2642 1159 2704 oculo
1188 2642 1259 2704 talis
1292 2653 1367 2707 erat.
1415 2642 1519 2707 Simile
1550 2646 1708 2726 quippiam
1742 2645 1831 2706 visum

629 2748 684 2817 rt.
704 2746 729 2799 1.
880 2740 928 2793 est
941 2730 1081 2794 Jesseuio
1096 2732 1214 2811 Torgae
1237 2731 1268 2793 iu
1292 2733 1396 2814 eclipsi
1420 2735 1489 2795 anni
1516 2732 1610 2799 1598.
1650 2733 1747 2796 Vidit
1762 2734 1832 2795 euim

884 2820 1181 2902 splendore'Lunam
1205 2822 1293 2900 plane
1317 2823 1406 2903 cingi.
1454 2823 1534 2885 Vide
1556 2842 1626 2904 pag.
1655 2821 1725 2888 318
1748 2820 1830 2903 Opti·

884 2929 1001 2987 corum,
1041 2908 1090 2971 011
1119 2928 1225 2973 vocem
1257 2911 1336 2974 01010
1374 2913 1436 2975 1010
1470 2913 1572 2994 accipe
1604 2932 1662 2994 pro
1694 2914 1832 2976 aetherea

884 3000 975 3063 etiam
999 2999 1180 3062 substantia.
1197 2995 1238 3074 ⁸³)

972 3089 1029 3150 Η10
1052 3108 1181 3170 quaero,
1215 3088 1335 3171 quinam
1364 3091 1453 3153 fuerit
1476 3091 1526 3153 ille
1557 3091 1704 3174 splendor
1734 3093 1831 3173 igneus

884 3179 1072 3242 circumdans
1096 3178 1226 3255 Lunam,
1256 3197 1331 3259 quae
1356 3180 1395 3241 ad
1420 3180 1517 3244 visum
1540 3190 1607 3242 erat
1631 3180 1708 3244 Sole
1732 3183 1830 3263 major,

883 3268 953 3349 quia
992 3275 1086 3330 totum
1119 3265 1222 3330 Solem
1258 3269 1480 3331 absconderat?
1529 3271 1593 3333 lmo
1628 3271 1757 3353 quinam
1787 3272 1831 3333 ille

882 3358 1038 3437 splendor,
1072 3357 1120 3437 qui
1144 3357 1260 3418 Lunam
1284 3358 1322 3419 ab
1346 3359 1484 3421 inferiore
1508 3359 1616 3435 limbo,
1650 3380 1713 3442 quo
1738 3361 1831 3425 80100

882 3447 956 3507 1000
989 3447 1027 3507 ad
1059 3446 1145 3507 unius
1177 3447 1264 3526 digiti
1297 3448 1485 3510 latitudinem
1522 3450 1715 3527 excedebat,
1749 3451 1830 3514 nibil·

882 3536 998 3597 ominus
1026 3536 1287 3616 amplectebatur?
1319 3537 1468 3616 Splendor
1501 3547 1567 3600 erat
1590 3538 1696 3615 Solis,
1734 3540 1829 3622 inquis

762 3629 763 3640 ²
882 3625 1014 3698 Verum;
1039 3635 1072 3686 at
1094 3644 1151 3686 non
1176 3626 1233 3686 hoc
1257 3627 1418 3705 quaeritur,
1444 3629 1497 3689 sed
1522 3648 1675 3709 quaenam
1701 3631 1830 3699 marens

791 3727 804 3752 ⁰
882 3715 1029 3796 quoduam
1054 3715 1227 3794 subjectum,
1252 3715 1281 3776 iu
1307 3735 1363 3796 quo
1387 3716 1517 3779 inhaesit
1540 3719 1600 3779 iste
1621 3719 1710 3782 Solis
1737 3723 1829 3803 00100·

881 3804 956 3865 dor?
979 3804 1051 3882 Ipsa
1073 3822 1199 3883 namque
1223 3822 1277 3883 per
1300 3825 1332 3866 se
1357 3807 1407 3868 lux
1430 3807 1567 3887 digressa
1591 3828 1612 3869 a
1631 3829 1689 3872 suo
1717 3825 1829 3891 corpore

881 3894 961 3954 cerni
985 3913 1041 3954 nou
1066 3901 1169 3974 001001
1191 3893 1249 3954 0101
1273 3894 1300 3956 10
1326 3896 1481 3973 0011001ος
1506 3898 1576 3977 quia
1594 3901 1745 3979 nuspiam
1767 3918 1828 3962 con·

880 3982 972 4056 sistit,
998 3984 1134 4062 nuspiam
1159 3982 1332 4062 impingitur
1354 3986 1409 4045 nisi
1435 3986 1464 4046 iu
1488 4004 1581 4065 opaco
1608 3990 1747 4067 quodam
1768 3988 1829 4051 sub

876 4072 971 4151 jecto.
1024 4070 1058 4133 Si
1095 4072 1196 4146 dicas,
1231 4078 1331 4134 aerem
1366 4073 1459 4135 fuisse
1493 4076 1559 4137 huic
1593 4078 1757 4157 splendori
1785 4093 1828 4158 pru

880 4160 1024 4240 subjecto,
1049 4160 1234 4223 diversorum
1259 4162 1389 4225 locorum
1413 4165 1609 4244 experientiis
1635 4167 1827 4232 diversimode

879 4249 1058 4312 refutabere.
1105 4251 1139 4311 In
1164 4250 1317 4313 schemate
1350 4254 1390 4314 sit
1413 4255 1454 4331 αβ
1477 4254 1545 4328 801,
1579 4252 1620 4329 dd
1646 4258 1759 4333 Luna,
1788 4251 1831 4332 dni

880 4357 971 4400 conns
1004 4338 1147 4401 umbrae:
1182 4340 1289 4418 globus
1323 4342 1451 4404 Telluris
1476 4367 1513 4405 es.
1561 4345 1663 4425 Igitur
1698 4345 1827 4428 Neapoli,

879 4428 929 4509 qui
951 4428 1035 4489 locus
1064 4428 1251 4508 concipiatur
1272 4431 1303 4492 in
1328 4453 1354 4504 e,
1381 4441 1462 4493 totus
1487 4432 1540 4495 Sol
1569 4434 1674 4497 latuit
1724 4439 1768 4501 At
1788 4433 1828 4496 ubi

879 4517 934 4581 Sol
957 4517 1051 4593 latet,
1083 4518 1109 4579 10
1133 4518 1216 4580 10000
1240 4520 1269 4581 10
1300 4520 1404 4583 umbra
1427 4531 1473 4584 est
1496 4523 1618 4600 Lunae,
1652 4535 1734 4605 puta
1760 4528 1828 4588 iutra

878 4614 956 4684 r,'e:
982 4628 1073 4688 quare
1096 4608 1150 4669 1110
1173 4608 1271 4688 000110
1296 4610 1389 4683 aeris,
1422 4629 1475 4690 per
1499 4631 1587 4692 quam
1612 4618 1737 4694 species
1760 4612 1827 4695 ignei

878 4697 1046 4777 splendoris
1062 4696 1179 4759 Lunam
1201 4698 1336 4777 proxime
1355 4699 1542 4764 circumdans
1557 4703 1587 4764 in
1603 4705 1713 4767 oculos
1733 4706 1828 4768 obser·

878 4786 992 4849 valoris
1016 4794 1065 4849 est
1088 4786 1231 4866 delapsa,
1255 4788 1308 4849 illa
1336 4788 1455 4869 inquam
1486 4792 1585 4870 portio
1610 4794 1697 4858 aeris
1721 4792 1827 4857 eratin

877 4878 981 4938 umbra
1003 4876 1110 4939 Lunae
1134 4876 1215 4937 intra
1236 4900 1282 4939 rr.
1330 4876 1384 4940 Sol
1408 4879 1498 4958 igitur
1526 4888 1629 4943 aerem
1652 4884 1757 4959 illum,
1788 4880 1827 4943 cui

876 4966 1017 5027 tribuitur
1045 4965 1188 5046 splendor
1215 4966 1274 5028 iste
1298 4967 1336 5028 ab
1360 4962 1543 5048 opponente,
1567 4990 1627 5033 nou
1658 4971 1826 5036 illustravit

876 5054 967 5116 Dicet
998 5056 1099 5117 forsan
1130 5055 1340 5131 adversarius,
1377 5058 1528 5140 margines
1555 5060 1664 5124 Lunae
1697 5062 1827 5142 Solisque

877 5145 952 5207 adeo
975 5145 1112 5224 praecise
1137 5144 1264 5209 invicem
1288 5146 1465 5228 applicatos,
1490 5156 1525 5211 ut
1541 5169 1601 5212 non
1615 5151 1697 5217 bene
1720 5153 1826 5216 (110000-
