4584 6192
466 590 510 660 76
860 594 960 644 Literse
978 593 1081 658 Keplerl
1098 594 1250 659 aliorumque
1267 601 1370 644 munao

466 791 505 834 ex
528 772 641 853 liquore
664 772 743 834 enim
759 774 860 835 omnia
882 773 1037 852 diaphaua
1059 772 1205 834 existunt.
1241 771 1304 835 Sed
1325 793 1421 854 neque
1441 774 1616 853 expeditum
1630 781 1688 848 est,
1712 773 1823 854 positis

466 862 570 924 vacuis
594 862 742 940 quomodo
766 863 821 923 liat
843 861 995 923 retractio.
1042 861 1121 922 Num
1145 879 1200 941 per
1222 880 1432 941 repercussum
1454 864 1485 926 iu
1509 862 1720 943 corpusculis?

557 947 638 1021 Quia
661 969 731 1030 ergo
755 951 850 1030 ligura
872 959 942 1011 suut
966 950 1013 1012 vel
1036 951 1214 1029 corpuscula
1231 950 1279 1012 rel
1303 950 1447 1032 spatiola,
1470 951 1581 1013 striata
1599 952 1739 1013 deorsum
1762 971 1823 1014 nou

468 1049 559 1112 snnt;
592 1047 817 1118 repercuterent
850 1038 928 1100 enim
960 1058 1018 1101 non
1056 1046 1173 1100 tautum
1204 1058 1311 1101 uersus
1343 1040 1621 1121 perpendicularem
1653 1041 1708 1101 sed
1741 1041 1824 1102 ultra

468 1128 561 1188 etiarn
586 1127 673 1189 hanc.
699 1160 740 1170 -
777 1127 840 1190 Sed
869 1127 1147 1207 argumentationes
1172 1128 1227 1189 bas
1251 1140 1283 1190 tu
1315 1129 1428 1191 ridebis
1458 1130 1596 1190 conscius
1620 1129 1755 1192 thesauri
1780 1127 1823 1191 tui

468 1216 635 1291 scientifici,
660 1217 689 1277 iu
713 1236 800 1296 quern
826 1235 963 1296 egenen
989 1215 1151 1296 inspiciens
1175 1217 1281 1278 misere
1307 1217 1385 1280 forte
1408 1237 1485 1279 erro.

557 1303 686 1375 Quaeris
709 1305 746 1367 de
769 1306 878 1367 studiis
903 1306 987 1367 meis.
1035 1304 1324 1368 Commentaria
1351 1308 1394 1368 de
1422 1308 1564 1380 Marte,
1595 1307 1684 1368 titulo
1708 1305 1824 1369 Astro-

468 1394 586 1455 nomiae
608 1394 715 1456 Novae
737 1394 938 1473 ἀιτιολογιμον
960 1414 1013 1456 seu
1028 1394 1176 1475 Physicae
1200 1396 1351 1471 coelestis,
1376 1403 1517 1477 prostant
1537 1396 1599 1475 jam
1618 1395 1822 1458 Fraukotirrti.

467 1481 616 1561 Exempla
638 1502 694 1543 uon
719 1483 826 1545 liabeo.

557 1571 688 1632 Gilberti
722 1572 818 1632 latum
852 1571 948 1632 doleo.
996 1570 1078 1651 Opto
1111 1570 1299 1632 excudentur
1331 1580 1363 1632 et
1399 1571 1573 1652 magnetica
1604 1590 1670 1633 cum
1709 1572 1826 1653 reliqua

467 1657 659 1738 philosophia
690 1660 771 1737 globi
805 1660 986 1722 sublunaris.
1033 1660 1125 1721 bione
1148 1659 1280 1722 Ericium
1303 1679 1341 1721 ue
1364 1660 1429 1721 sine
1457 1661 1593 1740 exemplo
1625 1660 1825 1741 regrediatur.

472 1746 606 1808 Vacuum
628 1749 693 1827 ejus
717 1749 836 1812 videbo.

560 1833 689 1897 Gratum
726 1838 834 1898 scribis
867 1837 904 1897 de
942 1835 1171 1916 diaphaneitate
1208 1836 1282 1898 auri.
1337 1833 1506 1898 Considera
1533 1855 1619 1911 vero,
1657 1837 1683 1898 si
1711 1836 1741 1899 id
1772 1838 1828 1899 liat

469 1922 585 1985 ratione
608 1924 706 1994 vacui,
730 1945 787 1987 non
813 1935 959 1987 mutatum
978 1926 1015 1987 iri
1031 1926 1120 1986 rebus
1143 1926 1284 1987 colorent.
1322 1924 1375 1987 Sic
1398 1924 1452 1987 Sol
1476 1945 1530 2005 per
1553 1924 1650 1987 cilicia
1672 1925 1827 1988 transiens

469 2011 558 2073 rubro
582 2013 681 2074 tincta
704 2016 822 2076 rubrum
848 2014 945 2076 defert
968 2013 1094 2085 radium,
1118 2013 1220 2093 ntique
1239 2033 1294 2094 per
1307 2015 1485 2093 corpuscula
1508 2014 1669 2088 transiens,
1694 2034 1753 2076 non
1772 2033 1828 2095 per

466 2101 606 2179 patentia
629 2103 763 2181 spatiola
786 2113 935 2165 texturae
973 2103 1052 2164 Nam
1072 2101 1097 2161 si
1122 2102 1221 2163 terrea
1244 2103 1305 2163 sint
1328 2104 1469 2177 stamina,
1494 2121 1553 2163 non
1577 2110 1710 2164 mutatur
1732 2104 1827 2164 color.

469 2189 574 2251 Habes
600 2190 701 2270 itaque
725 2211 761 2252 ex
786 2192 936 2253 coloribus
960 2190 1040 2252 alind
1065 2200 1274 2269 argumentum
1297 2201 1404 2252 contra
1426 2210 1562 2254 vacuum.
1605 2189 1775 2254 Considera
1796 2199 1829 2252 et

470 2278 547 2340 hoc:
572 2281 716 2342 assercnli
741 2280 843 2352 bibuli,
868 2299 933 2341 cum
948 2280 1030 2353 sicci,
1056 2298 1113 2339 non
1137 2287 1350 2359 transparent3
1375 2280 1400 2341 si
1420 2281 1487 2341 oleo
1505 2280 1685 2353 imbuantur,
1705 2280 1827 2342 omuino

473 2376 668 2446 transparent
694 2370 895 2448 aliquantum,
926 2368 969 2429 sic
997 2387 1130 2448 papyrus
1154 2376 1186 2429 et
1209 2368 1279 2430 alia.
1326 2368 1404 2429 Num
1434 2377 1466 2429 tu
1489 2369 1620 2430 iniarctu
1649 2369 1707 2430 olei
1735 2378 1828 2449 putas

472 2456 575 2534 angeri
609 2458 760 2518 vacuum?
797 2457 910 2519 Miror:
944 2457 1016 2517 nihil
1051 2457 1087 2517 de
1124 2457 1253 2517 materia
1289 2457 1402 2518 asseris
1429 2458 1518 2538 perit.
1564 2457 1640 2519 Mihi
1675 2457 1754 2518 ratio
1779 2464 1830 2518 est

472 2544 628 2623 expedita.
676 2544 857 2607 Obscuritas
881 2545 980 2606 estin
1009 2545 1116 2620 siccis,
1151 2546 1221 2625 qnia
1253 2545 1404 2625 asperitas
1428 2555 1460 2607 et
1489 2546 1644 2626 porositas
1667 2553 1700 2606 et
1722 2543 1829 2607 mixtio

469 2633 621 2693 aeriorum
645 2633 832 2713 spatiorum
857 2634 893 2694 iis
916 2634 1025 2713 spatiis
1049 2653 1102 2695 seu
1126 2634 1209 2713 poris
1239 2634 1364 2712 repletis
1388 2635 1454 2696 oleo
1478 2636 1526 2696 vel
1549 2634 1651 2715 pingui
1676 2623 1839 2714 diaphano‘

468 2720 653 2799 diaphanurn
677 2723 711 2783 fit
734 2731 841 2796 totum,
866 2723 922 2784 nisi
946 2731 1089 2801 qnantum
1109 2722 1214 2784 obstat
1232 2731 1354 2784 textura
1372 2724 1518 2785 materiae
1541 2723 1677 2784 umbram
1701 2723 1828 2785 taciens.

562 2810 645 2872 Petis
678 2818 878 2891 tempestates
912 2812 1036 2872 duorum
1076 2830 1239 2872 annornm:
1279 2829 1372 2890 pareo
1410 2813 1468 2873 uisi
1501 2813 1619 2874 Ericius
1656 2812 1828 2892 abrumpat.

468 2895 607 2977 Expecto
632 2908 733 2960 autem
757 2900 835 2979 quod
858 2899 1022 2980 promisisti
1052 2908 1172 2961 mutuas
1195 2900 1393 2979 Anglicanas.
1439 2901 1487 2961 De
1514 2901 1613 2963 ventis
1637 2900 1698 2962 noli
1726 2900 1831 2962 mirari

470 3003 529 3046 non
554 2986 676 3048 additas
700 2989 818 3069 plagas.
856 2989 922 3050 Hoc
945 2989 1039 3049 semel
1063 2987 1176 3050 dictum
1198 2997 1282 3068 puta,
1307 2988 1511 3051 occidentales
1531 2988 1617 3051 uobis
1638 3007 1706 3050 esse
1729 2989 1831 3069 impe-

471 3085 584 3150 tuosos,
600 3075 728 3156 pluvios,
750 3078 910 3152 nubiferos,
927 3077 1065 3157 tepidos:
1090 3077 1302 3139 meridionales
1316 3095 1412 3149 raros,
1432 3078 1562 3157 tepidos,
1577 3076 1706 3157 plurios,
1726 3078 1829 3139 lenes:

471 3164 635 3225 orientales
675 3166 781 3240 sudos,
825 3166 959 3246 gelidos,
999 3166 1127 3228 maxime
1170 3166 1319 3228 coutinuis
1357 3166 1548 3245 spiramentis
1587 3186 1653 3228 curn
1687 3166 1829 3246 spirant:

474 3251 612 3314 boreales
638 3253 771 3333 frigidos,
797 3255 945 3335 ningidos,
970 3254 1082 3315 crebris
1106 3263 1138 3316 et
1160 3256 1263 3335 parvis
1286 3254 1409 3316 datibus
1433 3274 1499 3316 cum
1522 3256 1650 3335 spirant.
1676 3286 1718 3296 -

560 3358 669 3409 Ultimae
687 3360 735 3410 hae
753 3369 811 3410 sunt
828 3362 924 3418 literae,
943 3375 1004 3426 quas
1022 3360 1090 3410 dedit
1107 3360 1230 3424 Keplems
1248 3360 1379 3417 Hsrn'ote,
1403 3368 1470 3410 certe
1487 3362 1603 3424 nuspiam
1621 3360 1832 3424 deprehendimus

470 3430 684 3493 significationem,
704 3431 838 3495 Keplerum
856 3433 958 3482 ulterius
978 3435 1057 3496 egisse
1076 3447 1131 3482 cnm
1151 3432 1192 3480 illo
1211 3446 1255 3494 per
1272 3432 1364 3481 literas
1378 3456 1411 3466 -
1425 3431 1497 3492 Quae
1509 3432 1633 3496 Keplerus
1646 3445 1704 3481 cum
1722 3432 1779 3481 aliis
1797 3430 1830 3480 de

472 3499 563 3564 Optics
580 3516 627 3551 sua
644 3501 767 3560 disseruit,
785 3503 849 3553 haec
868 3511 933 3552 suut.

559 3572 761 3629 Herwartns,
782 3577 821 3624 cui
842 3573 965 3637 Keplerns
984 3572 1111 3632 retulerat,
1131 3575 1281 3636 propositum
1300 3573 1345 3622 sibi
1359 3588 1413 3623 esse
1431 3586 1520 3622 novam
1539 3575 1688 3623 constituere
1707 3572 1831 3622 theorim

470 3641 558 3691 Martis
586 3640 678 3707 (comp.
706 3646 784 3708 prael.
806 3646 837 3694 ad
856 3645 992 3694 Commeut.
1021 3650 1080 3694 mot.
1100 3642 1210 3704 Martis),
1239 3644 1326 3692 dubius
1351 3644 1477 3707 respoudit
1495 3640 1551 3703 (tl.
1571 3643 1640 3708 Sept.
1661 3640 1760 3704 leuel:
1789 3642 1830 3694 ich

469 3712 523 3762 halt
550 3715 738 3765 nnzrreilenlich
766 3716 865 3768 darlitr.
894 3716 939 3764 das
958 3715 1001 3764 der
1019 3714 1083 3763 llerr
1104 3714 1158 3762 sich
1176 3716 1221 3763 mit
1249 3714 1424 3780 dberflsrssiger
1440 3714 1590 3780 Bemirhnug
1609 3716 1652 3765 der
1670 3712 1686 3763 5
1705 3714 1829 3764 Plaueten

470 3784 551 3834 rrerde
570 3786 633 3834 ohne
652 3786 801 3836 senderbare
820 3785 1008 3836 truchtbarliche
1027 3784 1195 3851 Verrichtuug
1212 3788 1249 3835 nit
1273 3785 1347 3835 allein
1365 3786 1426 3851 lang
1444 3785 1494 3834 und
1517 3786 1654 3851 ilberlaug,
1682 3786 1749 3836 such
1767 3786 1829 3849 lang

470 3856 507 3903 als
527 3871 554 3905 er
565 3871 611 3921 gar
624 3858 662 3905 nit
679 3860 813 3919 vermeint,
833 3857 899 3907 selbs
918 3857 1062 3912 authalteu,
1081 3858 1189 3905 sondcru
1206 3857 1271 3906 such
1290 3857 1371 3906 celest
1382 3871 1415 3906 an
1428 3859 1483 3906 eine
1502 3857 1584 3907 solchs
1597 3857 1679 3906 Waud
1697 3856 1828 3923 gettiebeu

470 3928 577 3984 werden,
597 3929 676 3976 daron
696 3928 748 3978 lme
767 3945 798 3978 zu
822 3928 975 3978 entveicheu
994 3927 1136 3978 schwerlich
1155 3929 1271 3977 animlen.
1302 3928 1378 3977 Danu
1398 3927 1496 3977 erstlich
1509 3928 1548 3977 die
1560 3928 1643 3977 media
1661 3928 1829 3978 continuatio·

469 3999 507 4046 nis
526 3999 724 4048 obseruationum
742 3989 881 4063 sperandae
899 4000 967 4050 siche
985 3999 1025 4048 ich
1044 4000 1153 4064 weniger
1171 3998 1208 4047 als
1227 4001 1264 4047 uit
1288 3999 1339 4048 uud
1354 4002 1381 4061 je
1399 3999 1487 4064 langer
1502 4002 1529 4060 je
1554 4000 1674 4064 reniger,
1700 4000 1830 4048 iumasseu

470 4067 509 4118 ich
529 4069 629 4119 allezeit
646 4070 754 4136 besergt,
774 4072 824 4119 uud
843 4087 898 4120 zum
917 4070 1020 4126 andern,
1040 4077 1137 4135 gesetzt
1156 4070 1200 4117 der
1217 4070 1281 4118 Herr
1299 4070 1369 4119 welle
1387 4069 1440 4119 sich
1463 4071 1531 4135 einig
1548 4069 1599 4118 und
1618 4070 1694 4120 allelu
1712 4069 1758 4119 dor
1775 4083 1829 4118 rer·

469 4140 619 4189 schicueueu
639 4137 769 4204 (priorum)
789 4143 986 4191 observationum
1004 4142 1132 4198 behelien,
1152 4141 1185 4189 ist
1204 4141 1305 4190 deshalb
1323 4143 1361 4190 nit
1380 4141 1455 4190 allein
1472 4156 1516 4203 per
1534 4156 1560 4191 se
1579 4141 1752 4204 periculosum,
1771 4155 1829 4190 sou·

471 4212 532 4259 dern
551 4211 634 4266 such,
661 4213 742 4275 quoad
771 4215 906 4275 praeterita
931 4220 956 4261 et
981 4213 1064 4261 lutura
1086 4219 1199 4273 tempora
1226 4213 1409 4261 infructuosum.
1447 4212 1504 4260 Will
1522 4228 1557 4261 nu
1574 4211 1618 4261 der
1636 4211 1713 4269 fleur,
1746 4210 1831 4276 quoad

470 4283 607 4344 praeterita
634 4291 745 4346 tempora
764 4284 804 4333 die
831 4284 1014 4333 observatinues
1032 4283 1075 4331 der
1102 4282 1171 4331 alten
1190 4281 1425 4333 Mathematicornm
1453 4284 1602 4342 sesomires,
1630 4282 1676 4332 has
1694 4297 1721 4332 es
1740 4283 1830 4339 &mlh

470 4352 544 4401 crede
564 4361 672 4415 experto,
692 4355 760 4403 disse
772 4355 876 4404 hochste
895 4354 1035 4404 difficoltet.
1056 4353 1114 4402 dass
1134 4353 1173 4402 die
1200 4360 1311 4417 tempora
1329 4355 1464 4417 praeterita
1485 4356 1510 4403 iu
1529 4367 1626 4403 summa
1648 4360 1674 4403 et
1691 4353 1831 4403 incredibili

470 4423 653 4480 incertitudine,
666 4424 718 4474 also
732 4426 776 4475 das
786 4425 839 4477 sich
849 4426 914 4475 anch
926 4426 1022 4473 ratione
1032 4425 1145 4487 ipsissimi
1157 4426 1274 4487 temporis
1286 4425 1409 4474 laetarum
1422 4425 1627 4481 observationum,
1641 4423 1831 4490 geschrreigeus

470 4494 516 4542 aui
531 4493 571 4543 die
590 4497 728 4558 praecisam
756 4498 1005 4560 circumscriptionem
1031 4496 1160 4559 ipsiusmet
1188 4497 1363 4545 obserrationis
1386 4497 1431 4543 mit
1454 4496 1569 4556 meliten,
1597 4496 1648 4545 uud
1672 4498 1702 4557 ja
1729 4509 1778 4561 gu
1804 4496 1831 4545 iu

469 4563 550 4613 nichts
569 4581 599 4614 ιιι
618 4568 751 4617 rerlassen.

558 4637 591 4685 Es
609 4644 675 4687 rrttre
694 4639 774 4688 daron
803 4639 850 4688 viel
869 4654 900 4687 zu
927 4636 1063 4690 schreiben.
1093 4637 1160 4685 daun
1188 4636 1227 4685 ich
1255 4639 1351 4687 ratione
1377 4651 1450 4687 verae
1470 4644 1495 4685 et
1523 4646 1628 4687 exactae
1648 4636 1832 4703 chronologiae

470 4713 605 4771 temporum
624 4712 812 4772 praeteritorum
830 4708 990 4774 ungltnblich
1008 4708 1055 4755 riel
1068 4707 1145 4756 hltihe
1158 4708 1209 4757 uud
1221 4707 1351 4757 Uuhosteu
1370 4708 1552 4773 autgerreudet,
1571 4709 1608 4758 bis
1620 4709 1660 4758 ich
1672 4723 1730 4758 sum
1744 4708 1832 4760 omne

470 4777 580 4843 gelaugt.
617 4780 684 4829 Aber
702 4781 734 4828 ist
752 4781 798 4829 viel
817 4796 848 4829 eu
867 4778 1009 4843 rreitlttufig,
1039 4778 1147 4827 undeet
1166 4794 1213 4836 res,
1233 4792 1298 4843 quae
1326 4780 1426 4842 requirit
1444 4781 1567 4845 integrum
1586 4785 1697 4829 aetatem
1714 4780 1761 4829 viri
1778 4780 1831 4829 siu·

469 4848 589 4912 gulariter
605 4851 663 4899 huic
681 4853 717 4900 rei
743 4852 916 4901 incumbentis.
954 4849 997 4899 leh
1015 4849 1064 4897 rrill
1091 4849 1166 4898 allein
1194 4850 1259 4898 diess
1278 4865 1309 4898 zu
1334 4852 1414 4899 einem
1433 4850 1550 4913 Exempel
1569 4864 1657 4916 sagen.
1694 4848 1749 4899 Der
1766 4850 1833 4900 Hm

469 4919 563 4969 meldet
579 4923 606 4970 in
625 4923 719 4970 seinem
738 4921 881 4979 Schreibeu,
900 4922 946 4969 vie
965 4935 992 4969 er
1010 4920 1062 4969 sich
1081 4922 1141 4970 libor
1160 4921 1199 4969 dio
1216 4922 1421 4984 inaequalitatem
1440 4923 1500 4970 anui
1513 4919 1559 4971 dc.
1577 4920 1745 4972 venundare.
1771 4919 1831 4971 Nun

468 4991 557 5040 nimmt
575 4993 608 5041 Er
626 4993 666 5042 die
685 4993 867 5042 observationes
886 4991 1008 5041 Metonis.
1028 4993 1074 5041 arie
1093 4992 1133 5041 die
1152 5007 1208 5040 rem
1226 4991 1369 5041 Ptolemaeo
1388 4993 1524 5042 recensiert
1540 4994 1653 5048 werden,
1676 4991 1772 5042 vnete
1789 4991 1832 5043 ish

469 5060 537 5110 daun
556 5076 586 5111 ex
605 5062 714 5112 Diodoro
733 5062 816 5112 Siculo
835 5069 861 5112 et
878 5063 976 5112 Joouue
994 5062 1086 5112 Tuetse
1105 5062 1260 5112 coufirmireu
1279 5063 1356 5112 kann.
1384 5061 1434 5113 Sed
1453 5059 1535 5127 quiet
1554 5063 1582 5113 Si
1599 5062 1687 5115 Meton
1703 5061 1747 5113 illo
1766 5068 1830 5113 term

468 5143 529 5196 pers
545 5134 597 5184 und
615 5147 681 5184 aver
706 5133 796 5186 ssliche
815 5134 871 5185 Viel
888 5133 951 5186 Jshr
977 5134 1088 5185 durinch
1105 5147 1153 5201 ιιι
1170 5135 1217 5183 mit
1242 5134 1343 5185 nichten
1370 5137 1439 5185 seius
1467 5135 1650 5187 emanationes
1674 5131 1831 5201 mogunt
