4584 6192
939 603 970 654 ds
989 601 1068 654 Stella
1084 602 1164 655 Nova.

464 778 505 831 De
523 785 578 830 omn
596 775 689 831 Stellae
707 793 786 831 noras
804 779 927 845 Kepierua
946 779 1100 832 Sculteto
1118 781 1182 831 haec
1199 754 1308 831 retest:x

709 870 785 931 Viro
809 870 994 949 amplissimo
1019 878 1050 931 et
1073 869 1240 931 clarissimo
1264 870 1392 931 Domino

806 958 1094 1020 Bartholomaeo
1125 956 1296 1020 Sculteto

375 1043 573 1124 Reipublicae
598 1041 790 1105 Gbrliciauae
817 1045 951 1108 consuli.
997 1049 1126 1108 Domino
1150 1066 1216 1107 meo
1240 1047 1365 1109 colendo
1389 1045 1525 1109 Salutem
1550 1055 1581 1108 et
1605 1044 1725 1108 Officia.

466 1148 640 1213 Clarissimo
665 1150 731 1212 Vir.
778 1149 854 1214 Cum
878 1172 971 1231 nuper
995 1153 1084 1214 officii
1109 1173 1201 1214 causa
1225 1153 1394 1214 invisissem
1418 1153 1456 1215 D.
1475 1153 1512 1215 D.
1528 1152 1727 1215 Sclrwalbium

374 1247 497 1301 vestrae
512 1238 693 1318 reipublicae
708 1240 863 1315 medicum,
889 1240 914 1301 is
938 1241 1009 1302 mihi
1033 1241 1160 1320 plurima
1185 1250 1215 1302 et
1233 1242 1453 1321 jucundissima
1470 1242 1506 1303 de
1521 1240 1728 1305 Excellentiae

375 1330 460 1391 Tuae
475 1328 635 1405 dignitate,
659 1328 851 1402 anctoritate,
876 1330 1039 1392 studiorum
1060 1330 1310 1392 oblectationibus
1336 1340 1366 1390 et
1382 1331 1460 1392 felici
1476 1342 1565 1408 atque
1581 1332 1729 1408 longaeva

374 1428 500 1478 senecta
527 1416 678 1476 recensuit
711 1437 815 1497 meque
845 1418 995 1497 permovit
1018 1419 1080 1480 suis
1105 1419 1375 1495 adhortationibus,
1402 1428 1434 1480 ut
1456 1421 1493 1481 ad
1509 1418 1728 1479 Excellentiam

374 1507 471 1567 Tuam
495 1504 666 1565 scriberem.

465 1595 607 1672 Agnosco
630 1592 706 1655 Exc.
732 1594 813 1655 Tuae
837 1594 1027 1673 prudentiam
1051 1601 1083 1654 et
1115 1595 1284 1656 cantionem
1313 1594 1423 1655 infide
1447 1593 1617 1655 adhibenda
1640 1594 1729 1672 longo

374 1701 474 1744 rerum
498 1701 553 1742 usu
577 1689 608 1742 et
630 1690 676 1742 tot
703 1682 768 1761 jam
799 1683 890 1743 variis
924 1683 1092 1762 hujusmodi
1125 1684 1290 1745 rumoribus
1323 1683 1530 1744 exercitatam.
1579 1679 1729 1754 Ceterum,

375 1771 455 1850 qnod
479 1770 591 1830 attinet
613 1779 803 1849 praesentem
827 1790 993 1843 rumorem,
1026 1772 1051 1831 is
1081 1790 1170 1832 verus
1201 1782 1257 1833 est.
1308 1772 1384 1831 Visa
1407 1781 1455 1831 est
1486 1788 1564 1831 nova
1587 1771 1678 1831 stella
1700 1770 1729 1830 in

374 1859 545 1938 Hispania,
579 1858 688 1927 Italia,
716 1859 881 1934 Bohemia,
906 1860 1044 1933 Alsatia‚
1071 1859 1217 1921 Ostfrisia
1250 1861 1354 1921 eodem
1388 1869 1538 1940 tempore3
1572 1879 1647 1939 quae
1681 1857 1729 1919 die

376 1944 409 2009 8.
436 1945 506 2008 Oct.
530 1965 587 2007 nou
613 1948 687 2020 fuit,
713 1947 760 2007 die
788 1947 837 2010 10.
863 1949 928 2009 luit.
975 1950 1033 2009 Illa
1057 1968 1113 2009 non
1144 1949 1201 2010 fuit
1225 1948 1393 2020 Saturnus,
1417 1948 1536 2027 Jupiter
1559 1956 1612 2007 aut
1634 1947 1728 2021 Mars,

376 2034 448 2115 quia
472 2054 574 2096 omnes
599 2044 661 2096 tres
681 2035 770 2114 juxta
794 2035 885 2105 illam,
911 2037 1039 2097 ethaeo
1064 2049 1172 2116 quarta
1195 2038 1292 2117 major
1315 2036 1450 2098 omnibus
1473 2036 1540 2097 visa
1594 2045 1615 2099 t.
1663 2034 1730 2096 Ob-

376 2124 526 2185 servando
551 2133 733 2202 compertum
757 2125 946 2185 sextantibus
971 2126 1147 2206 Tychonicis
1173 2126 1210 2185 ad
1235 2125 1395 2186 distantias
1420 2146 1438 2185 a
1460 2124 1536 2197 fiais,
1561 2129 1594 2185 ut
1609 2122 1729 2203 Aquila,

376 2213 477 2292 capite
494 2210 652 2290 Ophiuchi,
676 2230 754 2291 genu
778 2211 973 2292 Serpentarii,
999 2214 1086 2276 corde
1111 2213 1237 2293 Scorpii,
1263 2215 1383 2275 humero
1399 2210 1556 2291 Sagittarii
1576 2211 1730 2283 adhibitis,

375 2301 461 2362 illam
485 2300 608 2361 haerere
633 2300 662 2362 in
690 2295 747 2364 17⁰
769 2296 823 2362 dl‘
848 2308 886 2375 z,
912 2303 991 2363 latit.
1020 2300 1056 2362 1ο
1073 2300 1127 2365 55¹
1152 2303 1214 2364 bor.
1263 2300 1338 2365 Cum
1364 2310 1463 2363 autem
1488 2308 1549 2362 tum
1565 2299 1618 2362 Sol
1643 2301 1733 2362 luerit

377 2390 407 2451 in
436 2386 494 2452 18⁰
517 2399 573 2458 Δ,
599 2407 670 2468 ergo
696 2408 789 2471 neque
814 2390 918 2450 Venus
942 2410 1036 2470 neque
1060 2390 1227 2452 Mercurius
1251 2390 1298 2452 hic
1323 2410 1390 2451 esse
1413 2390 1530 2469 potuit,
1560 2389 1630 2468 quia
1652 2407 1730 2449 uun·

376 2497 466 2555 quam
491 2478 530 2538 ad
562 2472 624 2539 60⁰
646 2477 821 2538 distantiam
853 2477 967 2539 aSole
998 2479 1165 2540 discedunt.
1217 2477 1338 2540 Occidit
1367 2478 1481 2539 heliace
1513 2477 1592 2538 inter
1626 2472 1675 2538 16.
1701 2483 1733 2537 et

376 2563 432 2630 23.
456 2565 648 2628 Novembris
696 2565 774 2627 Orta
799 2574 845 2627 est
877 2567 991 2628 heliace
1015 2564 1068 2630 21.
1092 2567 1167 2629 Dec.
1214 2567 1312 2647 Major
1335 2566 1411 2628 Jove
1446 2566 1518 2640 init,
1548 2565 1613 2646 jam
1637 2563 1732 2626 minor

375 2654 509 2717 Saturno
535 2662 601 2728 est,
636 2654 685 2733 qui
708 2656 843 2734 proxime
867 2656 950 2717 illam
973 2665 1046 2717 stat.
1092 2656 1175 2717 Loco
1200 2676 1258 2716 non
1282 2663 1436 2729 movetur,
1472 2675 1507 2715 ne
1540 2655 1578 2714 ad
1615 2653 1732 2715 unicum

375 2744 496 2823 quidem
530 2743 684 2804 minutum.
730 2744 787 2803 Die
817 2741 847 2807 9.
871 2745 945 2806 Dec.
980 2744 1034 2806 Sol
1067 2746 1103 2804 ad
1137 2745 1234 2824 ipsam
1271 2745 1372 2817 venit,
1411 2743 1458 2803 die
1499 2739 1547 2804 13.
1573 2740 1732 2817 Saturnus,

374 2829 429 2894 23.
453 2831 629 2906 Mercurius,
655 2826 705 2892 24.
731 2830 783 2895 25.
806 2831 875 2894 Jan.
900 2835 1006 2895 Venus
1030 2852 1120 2912 snper
1142 2834 1224 2894 illam
1253 2832 1384 2894 transiit.
1431 2832 1538 2910 Itaque
1571 2832 1731 2892 conflrma-

381 2920 502 2982 tissima
524 2941 573 2981 res
597 2929 654 2993 est,
679 2922 756 3000 quod
780 2930 897 3000 gratum
922 2923 984 2981 fore
1008 2921 1111 3001 putavi
1134 2921 1342 2982 Excellentiae
1367 2921 1460 2981 Tuae.

467 3009 546 3070 Vale
593 3009 721 3071 feliciter
766 3019 798 3069 et
838 3029 884 3070 me
917 3009 1152 3091 Tychonicorum
1194 3009 1358 3071 studiorum
1391 3027 1535 3069 summum
1567 3014 1732 3069 amatorem

374 3116 478 3158 amare
502 3097 609 3176 incipe.

464 3185 583 3265 Pragae
607 3182 659 3249 20.
684 3184 770 3247 Febr.
798 3180 891 3247 1605.

896 3274 979 3334 Tuae
1002 3271 1211 3334 Excellentiae

1291 3361 1528 3423 officiosissimus

1300 3450 1334 3512 J.
1364 3448 1514 3533 Keppler‚

1172 3538 1261 3600 Kais.
1290 3539 1365 3617 Maj.
1395 3537 1640 3599 Mathematicus.

466 3639 550 3691 Causa
566 3642 756 3705 perscripturum
773 3641 861 3691 harum
879 3641 1004 3692 literarum
1024 3641 1056 3691 ad
1075 3647 1152 3690 antea
1169 3643 1280 3708 ignotum
1297 3645 1372 3692 sirum
1391 3650 1462 3708 patet
1480 3658 1510 3692 ex
1522 3644 1615 3693 ultimis
1627 3642 1730 3705 Kepleri

373 3712 464 3762 serbis.
490 3710 602 3774 Tychoni
621 3714 736 3762 diuturna
755 3716 899 3774 conjunctus
913 3719 967 3763 erat
985 3713 1095 3762 amicitia
1108 3711 1240 3770 Scultetus,
1260 3721 1286 3763 et
1302 3715 1364 3763 iorte
1383 3714 1514 3778 illaquam
1534 3714 1594 3762 dicit
1606 3712 1730 3777 Kepierus

374 3783 490 3834 medicus
510 3782 658 3833 Obrlicensis
675 3798 760 3833 senem
778 3784 847 3833 iilum
864 3785 927 3833 bene
945 3785 1059 3832 meritum
1071 3785 1096 3831 iu
1109 3783 1232 3833 laetitiam
1251 3786 1373 3847 coniicere
1390 3785 1467 3834 soluit
1484 3785 1561 3834 literis
1579 3784 1617 3833 his
1636 3786 1730 3834 asoclo

372 3854 501 3920 qnondam
519 3854 654 3904 studiorum
672 3856 746 3904 amici
763 3854 887 3918 Tychonis
905 3858 1006 3919 ejusque
1024 3868 1174 3906 successore.

467 3923 539 3985 Quae
559 3926 590 3974 de
609 3927 661 3974 rita
672 3924 778 3974 Sculteti
797 3933 920 3983 constant,
939 3925 1003 3975 haec
1016 3934 1089 3975 sunt:
1109 3932 1183 3974 natus
1201 3932 1239 3975 est
1251 3939 1317 3975 anno
1333 3922 1409 3982 1532,
1427 3925 1630 3975 mathematicam
1648 3925 1732 3976 docuit

372 3996 478 4059 Lipsiae
498 4000 523 4044 et
541 3996 711 4061 Wsttebergae
734 4003 833 4046 secutus
859 4004 1043 4059 praeceptorem
1061 3996 1218 4053 Homelium,
1244 3997 1300 4047 dein
1320 3994 1467 4047 Goerlicium
1485 4004 1653 4062 transgressus
1672 4011 1731 4047 cou-

371 4067 436 4117 sulis
453 4065 605 4130 fungebatur
623 4081 732 4123 munere,
752 4075 777 4116 et
795 4082 845 4115 non
864 4069 958 4116 omissis
977 4068 1094 4130 prioribus
1112 4067 1200 4116 studiis
1218 4082 1317 4130 operam
1337 4069 1413 4117 etiam
1430 4067 1511 4130 posuit
1528 4068 1553 4115 in
1573 4066 1731 4117 conficiendis

372 4139 548 4188 instrumentis
575 4139 752 4188 mcouomicis.
791 4140 863 4187 Anno
884 4136 959 4186 1572.
989 4140 1104 4188 emissum
1128 4145 1168 4188 est
1186 4153 1246 4201 opus
1265 4140 1296 4188 ab
1312 4153 1341 4188 eo
1369 4139 1534 4201 conscriptum
1553 4138 1583 4187 de
1600 4131 1733 4204 horologiis

372 4207 544 4269 (Gnomonice
562 4205 727 4271 inscriptum).
747 4208 863 4258 adhibitis
876 4208 982 4258 Homelii
999 4210 1173 4271 manuscriptis
1191 4210 1290 4259 relictis.
1317 4210 1507 4259 Observationes
1519 4223 1577 4258 suas
1590 4209 1622 4259 de
1634 4215 1733 4260 cometa

371 4278 438 4330 anui
452 4274 529 4326 1577.
547 4279 638 4342 publici
653 4281 715 4341 juris
728 4278 788 4330 iecit
800 4281 824 4327 in
837 4280 897 4329 libro
916 4281 1049 4342 inscripto:
1069 4279 1214 4337 „Cometaa
1234 4295 1299 4329 anno
1311 4280 1472 4329 humanitatis
1487 4277 1563 4329 1577.
1584 4294 1601 4329 a
1615 4278 1655 4328 10.
1668 4279 1731 4329 Nos.

368 4363 419 4415 per
437 4348 601 4399 Decembrem
618 4350 644 4397 iu
667 4347 705 4410 13,
725 4350 783 4399 ian.
803 4352 861 4399 anui
886 4351 1026 4414 sequentis,
1054 4351 1087 4399 55
1108 4350 1194 4399 dicbus
1212 4352 1238 4399 in
1255 4352 1381 4401 sublunari
1404 4352 1504 4415 regione
1527 4352 1669 4414 apparentis
1688 4350 1731 4401 de·

370 4419 485 4482 scriptio.
523 4419 603 4469 Goeri
626 4418 720 4476 1578,“
741 4421 820 4487 deque
839 4436 869 4470 eo
887 4421 994 4484 pluribus
1020 4423 1074 4486 agit
1091 4421 1175 4481 Tycho
1194 4423 1220 4470 in
1243 4437 1328 4485 opere:
1354 4421 1394 4471 De
1412 4422 1497 4470 mnndi
1515 4421 1626 4471 aetherei
1643 4435 1730 4471 recen-

370 4490 478 4542 tioribus
504 4489 680 4552 phaenomenis
707 4491 768 4540 liber
793 4493 925 4541 secundus.
951 4490 1074 4547 ,Uranih
1106 4489 1182 4540 1588.
1230 4492 1305 4542 Teste
1330 4492 1461 4542 Jcechsrio
1495 4492 1604 4541 coniecit
1630 4491 1732 4542 chartas

369 4560 496 4627 quasdam
515 4562 710 4626 geographicas,
739 4563 816 4611 edidit
834 4563 963 4626 epistolam
983 4562 1119 4626 Tychouis,
1145 4564 1243 4627 scripsit
1262 4565 1353 4623 „sitam
1375 4562 1465 4613 Christi
1484 4568 1510 4612 et
1531 4562 1731 4625 Apostolorumf‘.

372 4630 554 4682 Calendarinm
572 4640 716 4696 perpetuum
735 4631 791 4689 ue..
810 4640 836 4683 et
855 4638 964 4683 mortuus
982 4641 1022 4682 est
1040 4630 1117 4682 1611.

464 4701 635 4751 Desnmsimus
662 4703 763 4766 Kepleri
793 4703 878 4753 literas
897 4719 911 4753 e
929 4702 1039 4754 Meisteri
1057 4703 1195 4753 Annalibus
1214 4703 1419 4753 Goerliciensibus
1439 4704 1526 4752 moniti
1544 4716 1587 4767 per
1606 4700 1730 4752 Scheube-

368 4774 443 4832 llum,
462 4773 505 4837 qul
522 4771 568 4822 has
586 4773 671 4824 literas
688 4776 714 4823 iu
732 4774 919 4839 Bibliographia
936 4789 983 4824 sua
1001 4775 1169 4825 astronomica
1185 4774 1256 4838 qnasi
1276 4780 1419 4838 separatum
1434 4773 1509 4824 reiert
1519 4773 1608 4823 librum
1619 4771 1730 4836 Kepleri.
1786 4796 1790 4805 ·

464 4842 566 4893 Librum
584 4859 656 4894 suum
673 4847 740 4895 misit
757 4844 879 4909 KepIerus
897 4845 1138 4903 Mamiliano,
1158 4845 1291 4896 archiduci
1311 4846 1440 4902 ammas.
1458 4844 1497 4894 his
1522 4844 1613 4894 additis
1636 4843 1730 4893 literis:

465 4929 665 4994 Serenissime
680 4934 845 5007 Archidux,
864 4934 1008 5014 Princeps
1024 4932 1276 4996 clementissime.
1314 4934 1404 4995 Alter
1421 4934 1485 5012 jam
1510 4952 1606 4993 annus
1631 4932 1731 5010 agitur

370 5039 413 5082 ex
438 5038 496 5100 quo
510 5018 577 5082 Ser.
595 5019 677 5083 Cels.
694 5023 759 5084 Tua
780 5040 835 5101 per
852 5031 1074 5100 procuratorem
1098 5041 1185 5083 snum
1206 5022 1383 5085 Vischemm
1402 5020 1473 5082 mihi
1497 5020 1730 5089 clementissime

370 5107 541 5183 mandavit,
566 5115 600 5171 ut
622 5110 648 5172 si
671 5128 762 5190 super
784 5111 875 5172 stella
898 5129 991 5185 nova,
1016 5130 1092 5192 qnae
1115 5118 1187 5173 tunc
1210 5111 1363 5193 fulgebat,
1393 5114 1515 5191 praeter
1537 5108 1730 5171 vernaculum
