4584 6192
546 628 611 695 524
1126 629 1155 678 in
1175 602 1317 689 nropreeun

635 803 762 868 Sextam
786 806 902 884 optices
932 805 1097 865 utilitatem
1120 804 1204 865 Pena
1233 808 1447 863 commemorat
1477 802 1507 862 in
1535 801 1733 862 convellenda
1760 797 1903 879 opinione

548 894 810 958 Aristotelicorum
834 894 870 954 de
895 893 1025 972 galaxia,
1052 893 1197 972 docetque
1222 912 1259 953 ex
1282 890 1399 969 optica,
1434 889 1588 968 galaxiam
1620 889 1650 950 in
1683 890 1749 969 ipso
1779 887 1903 950 aethere

547 983 721 1062 longissime
746 1002 836 1061 supra
854 983 971 1042 Lunam
1007 981 1219 1042 circumfundi:
1258 980 1365 1059 quippe
1390 998 1466 1058 quae
1489 978 1742 1057 permutationem
1765 977 1823 1039 loci
1848 976 1904 1038 sub
1924 1011 1929 1020 -

546 1070 614 1133 fixis
638 1072 750 1132 nullam
774 1089 827 1149 per
850 1071 971 1131 diversa
994 1070 1151 1131 Terrarum
1177 1070 1243 1130 loca
1274 1068 1467 1146 diversosque
1499 1067 1537 1127 ad
1565 1066 1752 1127 horizontem
1783 1066 1904 1145 positus

549 1160 644 1222 oculis
669 1159 819 1238 subjiciat.
860 1161 1003 1237 Magnum
1022 1154 1229 1236 proculdubio
1254 1165 1285 1217 et
1308 1157 1363 1216 hoc
1387 1156 1502 1234 optices
1526 1156 1700 1217 beneficium
1725 1161 1903 1234 agnoscent,

549 1248 598 1328 qui
623 1248 769 1309 hactenus
793 1246 969 1308 Aristotelis
993 1247 1242 1324 Meteorolcgiam
1267 1254 1466 1323 suspexerunt
1489 1244 1575 1323 inque
1600 1243 1697 1323 pretio
1722 1243 1904 1319 habuerunt,

549 1336 607 1397 etsi
632 1356 677 1405 ea,
703 1355 778 1415 quae
803 1336 882 1396 circa
906 1335 1059 1414 galaxiam
1085 1333 1322 1412 Galilaeus.ope
1347 1333 1510 1412 perspicilli
1535 1333 1665 1409 detexit,
1690 1332 1904 1395 ratiocinatio·

550 1443 618 1486 nem
641 1424 717 1486 hanc
741 1425 841 1485 Penae
865 1443 953 1502 porro
977 1424 1104 1485 reddent
1128 1441 1352 1503 supervacuam.

638 1512 809 1593 Sequuntur
842 1512 870 1573 in
895 1513 995 1573 Penae
1027 1513 1215 1590 praefatione
1249 1510 1394 1573 deformia
1426 1510 1586 1582 nonnulla,
1622 1508 1728 1588 quibus
1762 1527 1837 1588 rogo
1867 1527 1904 1570 ne

551 1601 665 1682 optices
690 1601 844 1661 studiosus
868 1608 1033 1662 moveatur.
1082 1601 1189 1661 Visum
1213 1602 1275 1661 fieri
1302 1600 1451 1660 radiorum
1473 1598 1645 1677 receptione
1660 1598 1788 1659 Vitellio
1804 1597 1905 1658 veris-

551 1690 625 1751 sime
659 1689 788 1762 statuit;
827 1690 1017 1768 comprobavi
1051 1706 1106 1767 ego
1139 1689 1372 1749 evidentissimis
1407 1686 1631 1766 experimentis.
1688 1687 1804 1764 Magna
1837 1694 1906 1767 erat

553 1779 718 1857 opticorum
757 1777 897 1856 gloriatio
931 1788 1035 1838 contra
1059 1778 1283 1844 Aristotelicas,
1309 1775 1497 1836 emissionem
1520 1775 1671 1836 radiorum
1695 1776 1904 1850 defendentes,

550 1875 673 1947 propter
699 1885 883 1926 ‘consensum
916 1866 1046 1944 ipsorum
1078 1866 1156 1927 inter
1192 1886 1234 1927 se.
1282 1865 1450 1926 Dolendum
1474 1865 1592 1943 itaque,
1623 1864 1724 1925 Penne
1753 1863 1905 1924 contrario

551 1955 723 2016 testimonio
747 1955 873 2032 gloriam
898 1955 973 2015 hanc
998 1955 1163 2033 opticorum
1198 1954 1327 2026 foedari,
1361 1954 1539 2032 praesertim
1572 1971 1638 2013 cum
1669 1963 1701 2013 et
1732 1952 1796 2032 ipse
1821 1953 1905 2013 Pena

552 2042 592 2105 sit
616 2043 742 2121 opticus,
769 2051 800 2103 et
824 2063 861 2102 ea
884 2043 950 2121 ipsa
974 2043 1001 2103 in
1026 2044 1214 2121 praefatione
1230 2044 1361 2121 cpticam
1377 2042 1574 2103 commendet.
1622 2041 1716 2119 Atqui
1735 2040 1906 2120 perpendat

552 2131 760 2213 philosophiae
795 2133 909 2205 cultor,
948 2151 1044 2192 rerum
1078 2133 1285 2193 abstrusarurn
1318 2130 1580 2210 investigationem
1618 2150 1674 2190 non
1713 2131 1799 2191 unius
1837 2148 1904 2189 esse

553 2220 665 2294 seculi;
690 2239 781 2298 saepe
800 2220 923 2293 veritas,
950 2221 1051 2280 furtim
1076 2220 1161 2300 quasi
1186 2222 1213 2282 in
1239 2229 1431 2298 conspectum
1447 2220 1579 2292 veniens,
1604 2219 1790 2297 negligentia
1804 2217 1903 2298 philo-

552 2309 712 2388 sophorum
736 2309 849 2369 offensa
872 2309 970 2369 subito
996 2329 1027 2369 se
1052 2329 1169 2369 rursum
1194 2310 1341 2382 subducit,
1368 2328 1425 2368 non
1450 2308 1575 2386 dignata
1598 2308 1733 2368 homines
1758 2307 1804 2368 sui
1829 2325 1903 2368 con-

552 2406 657 2477 spectu
682 2416 773 2466 mero,
799 2397 857 2457 nisi
881 2398 1031 2458 officiosos
1056 2406 1087 2457 et
1110 2398 1286 2458 industrios.
1334 2397 1422 2457 Adde
1448 2396 1526 2475 quod
1550 2397 1633 2457 Pena
1656 2395 1792 2467 Euclidi,
1819 2413 1904 2475 quem

554 2506 573 2547 a
602 2504 635 2546 sc
665 2485 760 2546 denuo
789 2504 907 2546 versum
940 2486 990 2546 illo
1025 2485 1125 2547 libello
1160 2488 1309 2552 exhibuit,
1349 2486 1524 2546 emissiones
1562 2485 1713 2547 radiorum
1747 2483 1904 2563 usurpanti

552 2582 677 2655 propter
710 2573 877 2651 opinionem
911 2574 1100 2654 antiquitatis
1123 2567 1247 2654 'aliquid
1280 2574 1385 2636 tribuit
1417 2573 1620 2652 impertiueuti
1653 2573 1682 2634 in
1714 2571 1906 2652 philosophia

554 2662 663 2726 studio.
716 2663 823 2740 Itaque
857 2682 975 2723 assumo
1009 2683 1046 2723 ex
1072 2683 1122 2723 ore
1155 2665 1256 2725 Penae
1287 2665 1372 2743 eique
1409 2663 1541 2724 rescribo
1579 2664 1762 2724 sententiam
1800 2680 1904 2723 suam:

556 2753 721 2822 „Physicurn
735 2753 798 2804 volo
813 2753 920 2806 minime
942 2754 1087 2816 credulum,
1111 2755 1145 2806 ob
1161 2754 1240 2823 idque
1256 2754 1408 2824 opticarum
1423 2754 1684 2807 demonstrationum
1706 2753 1905 2822 experientem,

554 2833 600 2904 qui
621 2832 760 2885 Euclidem
790 2830 861 2901 (ipse
887 2833 1062 2886 Vitellionem
1090 2833 1212 2898 dixerat)
1240 2842 1400 2904 ceterosque
1430 2834 1535 2902 opticus
1565 2841 1693 2887 accurate
1714 2834 1859 2887 examinet
1878 2838 1906 2885 et

554 2913 587 2965 iis
609 2918 716 2965 tantum
738 2915 841 2975 credat,
865 2921 997 2983 quantum
1018 2915 1101 2967 abiis
1123 2916 1338 2967 demonstratum
1359 2915 1459 2966 videat.
1488 2913 1537 2966 Vir
1558 2915 1611 2967 fuit
1631 2914 1760 2967 Euclides
1782 2914 1907 2967 doctrina

554 3000 584 3047 et
605 2992 757 3048 eruditione
778 2993 848 3045 nulli
875 2996 1022 3056 secundus,
1052 3001 1083 3046 ut
1104 2994 1164 3061 ejus
1186 3001 1362 3047 monumenta
1389 3001 1558 3056 monstrant,
1587 2996 1633 3046 sed
1662 3011 1733 3064 qnae
1760 2992 1906 3047 communis

554 3072 756 3141 disciplinarum
779 3072 923 3126 orientium
944 3090 1002 3126 sors
1018 3081 1069 3136 est,
1092 3074 1233 3142 opiniones
1248 3075 1346 3126 habuit
1368 3074 1543 3141 anticipatas,
1567 3091 1633 3143 quas
1649 3092 1698 3143 pro
1721 3074 1907 3128 axiomatibus

555 3152 817 3207 demonstrationum
840 3154 948 3216 obtulit,
972 3154 1121 3221 cujusmodi
1143 3154 1210 3206 illud
1229 3163 1280 3216 est,
1303 3162 1444 3222 aspectum
1465 3154 1523 3205 fieri
1543 3171 1593 3222 per
1614 3156 1703 3208 radios
1725 3161 1908 3224 properantes

554 3234 591 3299 ab
613 3232 698 3285 oculis
720 3234 755 3285 ad
776 3250 832 3304 rern
853 3234 949 3295 visam,
973 3236 1042 3302 quod
1065 3241 1157 3286 tamen
1176 3252 1230 3286 nou
1252 3235 1340 3303 magis
1362 3234 1547 3287 necessarium
1562 3242 1613 3298 est,
1636 3236 1756 3304 quamsi
1778 3234 1909 3289 visionem

553 3313 712 3381 receptione
734 3313 871 3366 radiorum
892 3306 951 3365 fieri
972 3313 1074 3366 dicas.“
1110 3313 1193 3372 Haec
1217 3312 1336 3391 inquam
1356 3313 1411 3372 hoc
1437 3313 1502 3372 loco
1518 3312 1617 3373 Peuae
1643 3314 1811 3392 regerenda
1825 3321 1908 3392 puto.

553 3398 633 3461 Nam
658 3399 695 3459 ad
720 3398 992 3461 demonstrationes
1017 3400 1163 3479 quasdam
1188 3402 1259 3461 nihil
1284 3402 1411 3461 interest
1435 3409 1533 3461 utrum
1557 3421 1659 3462 verum
1681 3403 1741 3463 sit:
1768 3410 1800 3462 et
1823 3401 1909 3462 vides

555 3495 709 3566 utrumque
734 3509 751 3548 a
776 3508 821 3548 me
846 3490 1011 3567 prorniscue
1036 3489 1185 3567 usurpari,
1212 3491 1336 3567 Propos.
1363 3487 1392 3551 3.
1418 3498 1448 3549 et
1476 3487 1523 3551 19.
1569 3489 1637 3551 Etsi
1661 3492 1828 3552 notandum
1853 3491 1908 3550 hoc

556 3575 732 3636 discrimen:
768 3578 793 3637 si
818 3578 853 3637 de
878 3578 920 3638 rei
951 3577 1077 3638 lucentis
1108 3587 1215 3638 natura
1245 3580 1374 3656 agimus,
1409 3579 1531 3656 expedit
1556 3598 1612 3639 nos
1641 3581 1720 3641 clare
1751 3581 1832 3660 loqui
1857 3598 1910 3640 uec

556 3664 635 3725 alind
660 3684 747 3743 qnam
773 3666 947 3727 emissiones
972 3667 1120 3727 radiorum
1146 3688 1182 3726 ex
1206 3668 1324 3745 punctis
1355 3668 1521 3727 lucentibus
1547 3667 1705 3731 inculcare.
1754 3670 1799 3732 At
1823 3669 1850 3731 si
1875 3668 1909 3728 de

555 3753 671 3814 visione
695 3772 792 3814 rerum
817 3755 978 3816 lucentium
998 3756 1092 3834 deque
1108 3755 1190 3815 visus
1215 3756 1441 3833 deceptionibus
1462 3756 1618 3834 loquimur,
1643 3777 1734 3837 saepe
1750 3777 1805 3818 nos
1827 3758 1910 3837 ipsae

556 3841 749 3921 deceptiones
782 3844 912 3904 invitant
942 3847 980 3905 ad
1011 3844 1145 3922 captiose
1175 3846 1259 3923 quasi
1289 3845 1467 3923 loquendum
1491 3853 1521 3904 et
1550 3847 1726 3907 emissiones
1760 3847 1911 3908 radiorum

557 3949 594 3991 ex
618 3931 702 3991 oculo
728 3933 924 4011 usurpandas,
950 3952 1015 3994 curn
1040 3953 1071 3993 re
1096 3953 1168 3993 vera
1192 3934 1252 3994 sint
1276 3934 1463 4012 receptiones
1487 3934 1636 3996 radiorum
1662 3936 1691 3995 in
1716 3938 1845 3997 oculum.

646 4016 708 4080 Cur
732 4020 846 4081 duobus
870 4023 964 4082 oculis
989 4022 1127 4082 videatur
1151 4041 1198 4082 res
1223 4042 1300 4095 uria,
1324 4023 1408 4082 Pena
1432 4032 1512 4083 recte
1537 4025 1651 4085 refellit
1675 4025 1784 4086 falsam
1810 4024 1911 4085 Vitel-

557 4106 646 4168 lionis
671 4108 835 4181 rationem,
863 4108 972 4171 Galeni
997 4129 1090 4189 aeque
1116 4112 1224 4172 falsam
1250 4111 1353 4171 laudat
1384 4130 1441 4171 uon
1467 4119 1546 4171 recte
1564 4107 1616 4186 ²¹),
1644 4113 1780 4174 Galenus
1804 4114 1911 4194 opticis

558 4195 696 4256 terminis
719 4217 790 4258 usus
815 4208 863 4259 est
886 4200 1005 4260 minime
1031 4199 1069 4259 ad
1092 4199 1176 4278 leges
1202 4200 1337 4278 opticas:
1374 4200 1458 4279 quasi
1484 4203 1655 4279 pyramides
1680 4202 1823 4276 visionis,
1850 4205 1911 4263 for-

560 4292 660 4344 matae
684 4284 750 4363 ipso
775 4287 894 4349 videndi
919 4297 988 4348 actu
1023 4294 1055 4347 et
1088 4308 1106 4347 a
1134 4289 1201 4349 visa
1230 4308 1280 4362 re,
1314 4289 1407 4348 veluti
1438 4310 1456 4348 a
1486 4292 1633 4351 communi
1658 4291 1723 4351 basi
1748 4291 1787 4351 ad
1812 4293 1912 4354 oculos

558 4373 752 4434 continuatae
777 4378 858 4437 reale
883 4376 1034 4456 quippiam
1058 4375 1164 4437 fierent
1188 4385 1219 4438 et
1242 4391 1426 4455 corporeum,
1453 4396 1529 4455 quae
1553 4399 1618 4440 cnm
1644 4380 1817 4441 detorsione
1838 4380 1913 4442 oculi

559 4461 729 4542 detorqueri
761 4484 858 4525 asna
888 4485 918 4526 re
951 4466 1017 4525 visa
1040 4475 1185 4543 possent..
1234 4466 1347 4526 Veram
1380 4466 1481 4546 itaque
1514 4487 1636 4530 causam
1669 4470 1804 4548 reperies
1838 4470 1915 4531 iufra

560 4550 649 4630 Prop.
676 4549 728 4614 62.

646 4640 887 4720 Explicationem
911 4640 1043 4715 halonis,
1067 4642 1170 4715 iridis,
1194 4643 1375 4721 pareliorum
1405 4643 1710 4724 paraselenarumque
1743 4664 1781 4709 ex
1815 4646 1916 4726 optica

559 4728 716 4809 disciplina
735 4731 897 4808 petendam
917 4731 984 4810 jam
1008 4731 1077 4792 olim
1099 4732 1176 4792 vidit
1189 4732 1391 4793 Aristoteles:
1416 4751 1511 4812 neque
1536 4752 1580 4807 ea,
1608 4753 1684 4813 quae
1708 4735 1808 4800 adhuc
1832 4735 1915 4797 desi-

559 4815 703 4879 derantur
731 4819 761 4879 in
791 4820 1037 4898 Meteorolcgicis
1067 4821 1253 4894 Aristotelis,
1280 4822 1400 4882 aliunde
1433 4822 1565 4900 suppleri
1593 4832 1730 4902 possunt.
1784 4822 1914 4905 Cogita-

558 4922 659 4967 veram
686 4917 717 4968 et
740 4926 795 4987 ego
819 4907 873 4968 hic
890 4909 1022 4969 libellum
1047 4909 1089 4968 de
1114 4909 1213 4970 iride
1238 4910 1433 4988 subjungere,
1465 4911 1543 4988 quod
1567 4914 1810 4991 supplementum
1834 4922 1916 4975 esset

559 4994 775 5057 Aristotelicas
800 5016 890 5076 super
913 4997 986 5057 iride
1011 4991 1238 5076 disquisitionis,
1264 4999 1317 5058 sed
1341 4999 1590 5062 desiderabantur
1613 5001 1710 5063 adhuc
1734 5003 1916 5082 pareliorum

560 5084 706 5161 genuinae
731 5104 859 5159 causae,
885 5105 960 5165 quae
985 5094 1056 5147 sunt
1079 5085 1179 5147 causis
1202 5095 1444 5164 portentosarum
1469 5087 1575 5151 iridnm
1603 5090 1774 5170 implexae:
1813 5092 1917 5175 itaque

559 5169 592 5233 iu
615 5192 761 5253 praesens
784 5174 840 5236 hoc
864 5175 1017 5253 negotium
1042 5175 1169 5237 deserui.
1192 5170 1235 5248 ²⁶)
