4584 6192
1022 545 1265 611 uirorumue..
1378 513 1383 521 ”
1782 551 1826 620 9⁸

539 720 596 804 'De
621 726 691 769 motu
709 720 802 769 Terrae
829 720 877 769 will
904 720 944 770 ich
972 722 1018 771 mit
1045 722 1162 773 utchster
1181 723 1347 789 Geloganheit
1373 740 1447 775 vanu
1474 724 1514 776 ich
1532 725 1603 788 Weyl
1631 726 1713 783 habe,
1741 727 1826 775 weiter

466 788 646 911 mlgcnhick
663 861 720 910 dem
738 861 821 910 Herm
847 862 933 911 hiemit
960 864 1088 928 catalogos
1107 864 1150 913 der
1168 864 1283 921 Bilcher,
1312 880 1338 913 so
1358 867 1383 914 in
1411 866 1491 916 dieser
1509 868 1666 917 Franllorter
1684 867 1750 915 Meas
1770 884 1823 916 vor·

465 932 573 982 handm.
610 932 669 981 Vnd
688 931 754 981 bleib
773 932 824 981 lme
844 948 981 999 augoneme
1001 934 1090 984 Dienst
1110 951 1140 984 zu
1159 937 1277 985 erveisen
1296 950 1361 1000 ganz
1381 937 1461 1002 willig.

555 1020 650 1071 Datum
669 1018 796 1070 Mnachcn
815 1022 839 1069 d.
862 1020 901 1069 12.
921 1024 979 1086 Apr.
1003 1019 1079 1071 1605.

554 1160 694 1224 Responsio
713 1162 854 1226 Kepleri
871 1162 936 1214 haec
955 1173 1009 1213 cst:

554 1250 651 1311 Binos
673 1271 693 1310 a
711 1261 752 1324 te,
768 1251 846 1312 h'ob.
870 1261 902 1313 et
920 1252 1080 1331 Magnifice
1104 1254 1169 1328 Vir,
1191 1254 1294 1333 accepi
1311 1254 1479 1326 fasciculos,
1502 1255 1629 1315 alterum
1651 1254 1703 1319 28.
1720 1258 1823 1328 Mart,
1857 1280 1861 1285 ⁴

468 1339 595 1400 alterum
617 1336 668 1400 12.
684 1340 762 1419 Apr.
784 1341 882 1402 datos.
922 1342 1097 1403 Laurentini
1118 1342 1262 1421 scriptum
1283 1344 1327 1403 ita
1344 1352 1377 1403 ut
1391 1343 1493 1420 petisti
1515 1345 1647 1405 remitto.
1672 1346 1751 1406 Nam
1766 1348 1824 1406 etsi

469 1427 586 1509 quidem
610 1427 738 1489 Italicae
763 1428 882 1508 linguae
905 1430 1042 1508 peritiam
1064 1450 1120 1490 non
1145 1449 1285 1507 magnam
1301 1431 1407 1503 habeo,
1432 1432 1509 1493 satis
1532 1440 1631 1493 tamen
1657 1433 1726 1511 quid
1752 1436 1826 1495 velit

469 1515 596 1596 percepi.
653 1515 817 1579 Excutient
854 1518 915 1578 ista
948 1518 1018 1580 Itali
1051 1528 1083 1579 et
1123 1526 1241 1598 tempus
1281 1538 1460 1598 operamque
1491 1531 1610 1580 sument
1649 1522 1824 1599 exagitandi

472 1606 531 1683 ejus
554 1623 673 1666 errores
698 1606 923 1680 crassissimos,
948 1626 1022 1686 quos
1039 1608 1088 1668 ille
1110 1617 1211 1668 tamen
1227 1627 1281 1687 pro
1303 1608 1387 1668 novis
1403 1617 1435 1668 et
1456 1617 1502 1669 ter
1526 1609 1664 1670 maximis
1694 1610 1824 1671 inventis

474 1712 524 1754 nou
549 1700 672 1754 veretur
702 1694 781 1755 divis
812 1714 998 1757 consecrare.
1046 1696 1112 1757 Nisi
1137 1697 1211 1757 haec
1244 1687 1387 1775 pericopa
1418 1697 1542 1768 luisset,
1574 1698 1696 1757 credere
1727 1699 1823 1778 potui,

474 1782 564 1859 ipsum
586 1781 691 1843 ludere
715 1802 796 1845 more
820 1784 966 1845 Italorum
995 1793 1029 1845 ut
1057 1794 1197 1846 exerceat
1229 1785 1470 1846 mathematicos.
1523 1785 1600 1846 Nam
1634 1787 1825 1864 parallaxeos

475 1869 634 1931 doctrinam
664 1891 702 1932 ex
730 1873 883 1933 sententia
911 1873 1189 1934 mathematicorum
1218 1874 1295 1933 satis
1323 1874 1429 1934 dextre
1457 1872 1589 1952 explicat
1618 1875 1742 1952 ejusque
1766 1875 1824 1935 rim

477 1959 560 2019 etiam
582 1959 612 2019 in
636 1960 797 2022 refutando
821 1962 1025 2041 persentiscit.

557 2046 592 2107 In
615 2049 722 2110 alteris
746 2049 867 2111 additos
891 2051 988 2111 inveni
1014 2051 1171 2128 catalogos
1197 2050 1347 2123 librorum,
1373 2069 1447 2128 quos
1471 2067 1651 2128 percurram.
1700 2049 1825 2112 Gratias

481 2135 592 2213 agouti
616 2156 663 2199 me
688 2138 786 2199 decet.

558 2222 647 2295 Quod
679 2226 851 2299 contendis,
883 2225 1110 2305 phaenomenon
1140 2225 1338 2306 apparitionis
1367 2225 1495 2286 Lunaris
1527 2225 1675 2287 dissimile.
1703 2247 1769 2287 esse
1798 2229 1825 2290 ei

484 2310 533 2380 rei,
569 2333 658 2392 quam
686 2315 866 2377 Plutarchus
896 2322 1124 2387 commemorat,
1159 2316 1234 2376 facis
1265 2316 1293 2375 id
1333 2332 1380 2374 me
1417 2314 1633 2375 consentiente.
1690 2318 1766 2377 Nam
1796 2319 1824 2379 in

485 2397 589 2479 Opticis
618 2402 710 2483 (Cap.
736 2405 792 2465 VI.
821 2400 876 2476 10)
905 2404 982 2464 idem
1012 2403 1078 2482 ipse
1110 2422 1225 2483 quoqne
1255 2404 1311 2464 leci
1344 2402 1483 2463 adductis
1512 2400 1640 2464 Graecis
1670 2404 1823 2467 Plutarchi

487 2489 579 2552 serbis.
626 2492 694 2571 Ego
718 2512 789 2553 vero
812 2493 896 2570 Mag.
922 2492 1004 2552 Tuae
1036 2511 1092 2552 non
1117 2492 1288 2561 Plutarchi,
1320 2491 1373 2551 sed
1403 2489 1492 2552 Corn.
1519 2488 1665 2552 Gemnrae
1693 2513 1823 2556 comme-

487 2579 668 2642 morationem
692 2600 745 2660 pro
770 2582 906 2659 exemplo
931 2580 1061 2641 adduxi:
1092 2581 1140 2659 qui
1160 2581 1218 2642 etsi
1240 2582 1284 2641 ait
1305 2599 1337 2639 se
1362 2578 1472 2640 habere
1494 2599 1531 2638 ex
1622 2582 1674 2645 lin·
1695 2581 1736 2632 37.
1896 2589 1898 2597 ·

489 2665 643 2744 Plutarcho,
669 2670 773 2731 addidi
797 2677 897 2730 tamen
923 2670 951 2729 in
977 2667 1111 2748 Opticis‚
1136 2670 1198 2731 deri
1223 2688 1313 2749 posse
1338 2676 1370 2728 ut
1394 2668 1537 2728 memoria

488 2752 573 2834 lapsus
594 2759 715 2819 aliunde
739 2758 883 2819 hauserit.
1645 2715 1768 2858 ὓθῑ

477 2921 480 2925 Δ
559 2847 608 2908 Ad
635 2867 700 2909 rem
728 2848 824 2927 ipsam
856 2845 937 2907 aliud
975 2844 1156 2907 comminisci
1187 2865 1244 2906 non
1276 2864 1414 2924 possum,
1446 2862 1534 2923 quam

488 2934 551 3010 quod
576 2936 780 3014 superioribus
811 2935 907 2996 literis
941 2933 1058 3014 scripsi.
1112 2935 1190 2996 Nam
1222 2953 1279 2994 non
1315 2933 1358 2995 ita
1397 2933 1535 3011 frequens

488 3028 531 3097 eu,
552 3033 585 3085 ut
606 3043 710 3087 omnes
734 3043 845 3086 causae
865 3045 883 3083 a
902 3042 950 3084 me
976 3033 1226 3085 commemoratae
1251 3029 1439 3094 concurrant,
1465 3019 1533 3099 quin

487 3105 533 3171 ino
553 3112 641 3192 longe
665 3114 852 3193 frequentius
876 3113 920 3185 fit,
945 3111 1023 3192 quod
1042 3112 1126 3190 Mag.
1148 3112 1212 3171 Tua
1236 3110 1367 3183 addidit,
1392 3118 1425 3169 ut
1448 3109 1535 3169 Luna
1611 3182 1613 3186 ι

487 3197 508 3258 iu
526 3202 731 3280 conjunctione
754 3203 832 3262 hanc
856 3201 969 3261 habeat
992 3201 1189 3262 latitudinem.

558 3290 600 3353 Ut
627 3299 729 3353 antem
757 3298 789 3351 et
826 3289 902 3351 hano
932 3290 1017 3367 Mag.
1047 3290 1129 3352 Tuae
1166 3287 1334 3366 opinionem
1371 3285 1532 3359 excutiam,

485 3376 565 3452 prima
591 3381 690 3442 fronte
719 3379 817 3457 ipsam
846 3377 1019 3457 magniloci.
1071 3377 1236 3438 Videbaris
1265 3376 1344 3436 enim
1373 3374 1435 3435 tale
1452 3374 1535 3453 ,quid

485 3464 584 3542 dicere,
610 3469 700 3549 quale
720 3486 775 3547 ego
794 3467 824 3528 in
845 3465 918 3545 Opt.
940 3464 1016 3545 Cap.
1041 3466 1127 3539 VIII,
1149 3463 1179 3527 4.
1226 3466 1354 3525 Tantum
1380 3462 1536 3524 desidera-

485 3550 539 3617 bam
552 3556 618 3632 hoc,
644 3557 722 3636 quod
738 3575 796 3617 non
817 3564 900 3616 esset
919 3566 1036 3635 tempus
1056 3555 1233 3616 matutinum
1249 3560 1302 3614 ant
1320 3550 1535 3631 vespertinum.

485 3638 534 3704 Sed
555 3648 731 3710 errabamus
759 3652 895 3723 uterque.
941 3644 1017 3704 Esto
1049 3643 1141 3717 enim,
1167 3651 1201 3703 ut
1224 3640 1277 3703 Sol
1302 3649 1334 3702 et
1357 3641 1444 3700 Luna
1467 3658 1535 3699 sese

484 3732 558 3808 plane
577 3742 708 3815 tangant
727 3732 911 3812 marginibus
931 3732 969 3791 ad
988 3732 1096 3793 visum.
1135 3730 1183 3792 Sit
1197 3732 1226 3792 A
1241 3730 1333 3802 visus,
1361 3727 1385 3790 C
1401 3736 1535 3791 centrum

486 3818 583 3896 imae,
606 3824 636 3885 D
660 3831 796 3884 centrum
822 3820 913 3894 Solis,
941 3818 1024 3881 GBF
1048 3821 1128 3881 linea
1152 3819 1256 3881 citima
1279 3816 1337 3896 Ipsi
1356 3817 1396 3887 A,
1420 3816 1536 3877 descri-

486 3906 545 3972 bens
571 3913 709 3975 umbram
738 3911 858 3985 Lunae,
888 3910 915 3970 B
944 3916 1102 3970 contactus
1132 3928 1203 3969 orae
1233 3907 1337 3967 Lunae
1366 3924 1432 3965 cum
1461 3922 1536 3965 cono

487 3996 592 4063 visionis
616 3999 711 4063 Solis.
749 3999 882 4060 Primum
906 4000 975 4077 quia
991 3995 1079 4058 ΘΑΕ
1103 4007 1152 4059 est
1167 3994 1229 4067 30⁴,
1254 3993 1337 4056 GBE
1359 3993 1417 4054 erit
1440 3992 1539 4070 major

488 4096 556 4160 pane
584 4089 707 4153 circiter
733 4088 887 4149 vicesIma.
938 4087 986 4148 Sit
1017 4093 1118 4150 antem
1150 4083 1235 4146 GBE
1265 4101 1322 4144 non
1351 4082 1449 4159 major
1472 4078 1536 4154 301,

490 4175 533 4238 trit
549 4178 633 4240 ΑΒΓ
657 4176 793 4258 aequalis
817 4185 850 4236 et
872 4178 965 4238 etiam
985 4172 1049 4236 30‘.
1088 4177 1133 4236 At
1157 4192 1222 4234 cnm
1239 4172 1297 4233 AB
1321 4171 1363 4231 sit
1382 4166 1425 4232 60
1439 4169 1536 4230 semi-

491 4261 607 4329 diametri
630 4267 758 4340 Terrae,
788 4273 821 4326 nt
848 4264 940 4344 igitur
972 4261 1101 4326 100000
1129 4264 1168 4323 ad
1201 4261 1375 4322 subtensam
1408 4259 1535 4330 (sinum)

432 4403 434 4410 .
492 4356 570 4431 auguli
593 4351 658 4430 30¹,
683 4372 714 4415 n.
738 4350 820 4429 873,
850 4354 894 4415 sic
918 4355 975 4415 AB
1000 4347 1043 4415 60
1067 4351 1174 4412 semid.
1200 4349 1238 4410 ad
1262 4350 1333 4422 AF,
1358 4346 1536 4409 distantiam

881 4439 969 4491 52380

494 4477 543 4538 toni
559 4480 681 4542 umbrae
706 4499 724 4540 a
746 4478 814 4540 visu
843 4435 1019 4579 (Μ).
1065 4475 1172 4554 Itaque
1195 4474 1264 4553 plus
1295 4491 1383 4552 quam
1408 4470 1534 4531 semisse

496 4602 685 4667 semidiametri
708 4602 739 4664 h.
769 4622 795 4663 e.
824 4602 892 4680 plus
921 4620 1009 4683 quam
1039 4595 1105 4661 400
1135 4596 1314 4659 milliaribus
1345 4593 1537 4657 Germanicis

497 4686 570 4754 attat
589 4693 696 4755 umbra
719 4713 738 4752 a
761 4691 827 4751 visu
851 4690 900 4751 ubi
924 4710 1012 4771 quarn
1035 4686 1174 4769 proxima
1197 4686 1290 4746 venit.
1338 4685 1444 4763 Itaque
1469 4700 1537 4742 cum

498 4791 537 4837 ¹³⁰⁸
560 4784 687 4863 tegImus
722 4779 869 4853 frontem,
900 4779 1034 4859 cupimus
1065 4774 1224 4837 excludere
1258 4772 1429 4835 claritatem
1458 4770 1537 4830 atris
1576 4756 1583 4830 b
1675 4772 1699 4823 Α

499 4879 524 4922 tc
545 4888 592 4932 nos
618 4875 783 4934 occaecet:
814 4868 920 4929 umbra
948 4866 1021 4928 nihil
1056 4863 1187 4926 extinxit
1218 4863 1255 4923 de
1286 4861 1426 4923 claritate
1459 4858 1540 4920 atris

501 4948 647 5040 Lusitanici.
685 4959 766 5021 Nam
790 4956 849 5018 etsi
872 4957 962 5035 plane
987 4953 1030 5018 20
1054 4952 1195 5016 milliaria
1211 4950 1314 5013 Germ.
1339 4949 1467 5011 haberet
1482 4953 1538 5008 adr
