4584 6192
952 593 1041 659 4(ἕψω
1056 592 1148 647 mn·
1211 620 1213 623 ·
1662 593 1727 664 tut

380 778 503 832 necetur
524 789 561 832 an
577 770 689 851 aliquid
704 771 741 834 de
756 769 827 835 Sole
850 780 1033 852 superesset,
1058 792 1123 835 cnm
1137 791 1170 834 re
1184 791 1257 834 vera
1271 772 1383 853 aliquid
1398 774 1579 853 superfuerit
1597 775 1725 840 circum-

379 858 471 921 circa.
518 857 633 924 Cenum
656 861 764 942 quippe
795 861 919 923 umbrae
942 861 1071 924 Lunaris
1104 861 1231 923 desiisse
1262 862 1399 942 praecise
1422 863 1451 924 in
1475 864 1539 942 ipso
1563 866 1648 926 oculo
1672 874 1725 929 aut
1806 866 1808 875 '

377 948 469 1026 paulo
493 949 586 1010 etiam
608 958 689 1025 ante,
713 959 748 1013 ut
770 949 796 1011 si
820 951 922 1013 oculus
951 951 1140 1013 observantis
1169 952 1278 1012 fuisset
1301 951 1331 1013 in
1353 972 1391 1030 q:
1424 952 1523 1033 itaque
1547 954 1652 1016 statim
1675 955 1725 1017 ubi

378 1036 447 1115 quie
479 1039 638 1118 vestigium
662 1041 700 1101 ad
733 1041 830 1102 latera
852 1044 886 1113 θ,
911 1063 927 1102 κ
954 1040 1128 1121 protulerit,
1154 1059 1192 1101 ex
1213 1040 1318 1102 umbra
1340 1040 1445 1102 Lunae
1468 1041 1497 1101 in
1523 1042 1619 1105 lumen
1643 1042 1724 1106 Solis

379 1126 510 1195 venisse,
527 1137 616 1208 atque
636 1128 703 1191 hinc
721 1127 877 1191 exstitisse
895 1129 977 1191 illum
992 1129 1181 1210 splendorem
1201 1129 1443 1192 circumdantem.
1481 1131 1554 1192 'lale
1574 1133 1724 1214 quippiam
1778 1204 1782 1211 .

379 1214 440 1276 dici
463 1216 570 1295 possit,
596 1218 650 1279 sed
674 1218 773 1300 inepte
796 1218 822 1279 si
846 1218 921 1279 bene
949 1220 1127 1298 perpendas.
1175 1219 1254 1280 Nam
1277 1218 1379 1279 Solem
1406 1227 1503 1280 totum
1531 1229 1643 1283 tectum
1665 1216 1724 1283 nun

378 1303 457 1366 vidit
480 1325 554 1367 unus
579 1306 701 1385 uliquis,
735 1307 789 1368 sed
812 1314 879 1370 tota
898 1307 1047 1392 'Neapolis
1071 1316 1103 1369 et
1124 1308 1227 1387 procul
1258 1306 1346 1368 dubio
1378 1309 1441 1369 lata
1473 1307 1590 1371 uicinia.
1636 1310 1725 1372 Luna

378 1392 487 1474 quippe
510 1394 626 1476 aliquot
648 1397 794 1476 scrupulis
818 1396 873 1459 fuir
897 1397 992 1476 major
1014 1394 1099 1470 Sole,
1129 1404 1165 1458 ut
1187 1402 1318 1458 testatur
1339 1397 1511 1476 Anglicaua
1538 1397 1723 1476 observatio,

377 1484 489 1562 partim
514 1493 546 1545 et
568 1504 656 1559 mea;
680 1485 903 1547 consentientes
926 1505 993 1547 cum
1016 1485 1211 1565 problematis
1235 1503 1366 1547 meorum
1389 1485 1574 1565 Opticorum.
1613 1488 1723 1568 Itaque

376 1572 457 1652 finge
481 1573 639 1635 inurinaria
661 1574 749 1655 plano
772 1574 802 1635 iu
825 1575 939 1638 vertice
968 1576 1075 1650 luisse,
1105 1594 1163 1656 qno
1193 1576 1257 1636 loco
1281 1574 1518 1654 digredientibus
1547 1594 1604 1637 uno
1619 1578 1722 1655 gradu

376 1679 398 1721 a
411 1662 477 1723 loco
497 1661 634 1742 pristino,
656 1673 690 1725 ut
707 1665 842 1726 ostendit
855 1683 922 1726 mea
941 1663 1146 1745 parallactica,
1171 1664 1258 1725 Luna
1276 1671 1373 1727 mutat
1393 1665 1488 1726 lucum
1506 1682 1560 1743 per
1579 1664 1723 1727 minutum

376 1769 479 1813 uuum.
524 1752 632 1832 Itaque
652 1753 677 1814 si
697 1754 812 1815 duobus
835 1754 958 1816 minutis
981 1754 1166 1815 excessisset
1179 1753 1266 1814 Luna
1279 1751 1400 1815 Solem:
1425 1753 1548 1814 duorum
1567 1755 1722 1833 graduum,
1793 1768 1795 1771 ·

376 1839 434 1901 boa
457 1848 506 1901 est
538 1839 598 1904 120
622 1841 791 1904 milliarium
822 1844 995 1905 Italicorum
1023 1843 1087 1904 lata
1117 1843 1217 1904 futura
1244 1842 1301 1903 fuit
1322 1842 1436 1904 umbra.
1482 1841 1551 1903 Jarn
1576 1861 1646 1904 vero
1669 1843 1723 1905 Sol

377 1923 440 1991 50⁰
463 1931 592 2010 amplius
626 1931 723 1992 abfuit
746 1952 765 1993 a
787 1933 911 1995 uertice.
957 1930 999 1993 Et
1021 1931 1061 1993 ibi
1086 1931 1156 2006 loci,
1188 1932 1387 2011 parallactica
1418 1931 1524 1992 eadem
1555 1931 1661 2000 iudice,
1685 1928 1724 1995 ³⁰

375 2036 554 2098 progressus
587 2020 759 2099 requiritur,
795 2022 888 2083 donec
919 2039 972 2100 per
995 2018 1026 2082 2⁴
1055 2021 1142 2082 Luna
1175 2020 1272 2082 locum
1304 2028 1475 2083 commutet.
1522 2019 1557 2083 Si
1580 2018 1612 2083 3‘
1636 2022 1722 2083 Luna

376 2108 512 2169 excessit
534 2108 645 2182 Solem,
670 2105 709 2172 4⁰
732 2111 860 2190 amplius
885 2111 948 2172 lata
972 2109 1029 2171 tuit
1051 2110 1156 2171 umbra
1178 2132 1223 2185 rs,
1248 2109 1387 2171 milliaria
1410 2108 1524 2171 scilicet
1539 2107 1721 2172 Germanica

375 2191 430 2268 60,
454 2197 564 2258 Italica
579 2195 653 2260 240.
692 2200 797 2279 Itaque
821 2200 848 2261 si
866 2200 971 2260 umbra
984 2199 1112 2280 Neapoli
1136 2199 1215 2278 apud
1232 2221 1245 2259 a
1264 2198 1384 2279 incepit,
1409 2198 1476 2260 linis
1500 2199 1578 2262 alter
1600 2200 1721 2262 umbrae

375 2286 405 2347 in
429 2286 556 2347 mediam
581 2286 729 2361 Siciliam,
759 2307 835 2368 qnae
858 2288 899 2349 sit
921 2289 987 2367 jam
1010 2288 1089 2367 apud
1112 2312 1136 2362 ι,
1166 2289 1379 2367 penetraverit.
1426 2285 1528 2359 Quare
1552 2290 1635 2352 locus
1658 2289 1718 2363 ille,

375 2374 504 2437 materia
533 2376 602 2452 illa,
635 2377 666 2438 in
691 2397 750 2457 qua
781 2377 913 2439 inhaesit
934 2377 982 2438 hic
1012 2376 1154 2457 splendor
1177 2375 1257 2437 Solis
1281 2377 1398 2438 Lunam
1429 2377 1558 2457 undique
1587 2378 1721 2458 proxime

374 2464 572 2541 circumdans,
598 2484 784 2546 nequaquam
808 2468 864 2528 fuit
886 2466 1015 2536 humilis,
1040 2485 1227 2545 nequaquam
1251 2465 1399 2528 adonius
1426 2466 1565 2528 milliaris
1589 2466 1720 2529 Germa-

375 2553 433 2614 nici
457 2555 661 2630 altitudinem,
695 2556 795 2616 Terris
819 2556 846 2617 in
871 2578 900 2616 ro
924 2557 1123 2636 propinquus:
1159 2562 1259 2618 aerem
1288 2556 1365 2617 enirn
1388 2576 1408 2615 a
1430 2556 1592 2618 meridiano
1626 2556 1720 2618 latere
1749 2588 1754 2598 ·

375 2642 504 2704 Lunaris
535 2644 657 2704 umbrae
688 2653 838 2719 stantem,
864 2666 882 2705 a
905 2664 1048 2706 eversus
1071 2668 1108 2719 μ,
1143 2645 1191 2724 qui
1216 2644 1298 2705 fuere
1321 2644 1449 2725 Neapoli
1480 2646 1557 2726 apud
1581 2667 1596 2706 a
1618 2645 1720 2708 uidere

373 2750 562 2812 nequaquam
587 2741 737 2812 poterant,
761 2753 826 2796 cum
850 2734 972 2797 Siciliae
996 2734 1157 2796 verticibus
1181 2741 1213 2795 et
1235 2733 1300 2794 loco
1323 2758 1333 2794 ι
1356 2734 1523 2795 immineret
1537 2743 1580 2795 'et'
1599 2734 1718 2797 humilis

373 2821 425 2895 sit,
450 2822 493 2882 uti
512 2822 578 2901 jam
602 2822 723 2885 dictum.
771 2822 886 2893 Quodsi
911 2824 1039 2885 maxime
1063 2824 1124 2885 tale
1148 2822 1218 2902 quid
1248 2831 1508 2901 repraesentasset
1529 2830 1582 2884 uer
1605 2823 1719 2885 vicinus

372 2909 480 2971 nobis:
513 2920 775 2990 repraesentasset
798 2914 828 2973 id
851 2931 909 2974 nou
937 2913 1046 2991 integri
1075 2912 1177 2972 circuli
1210 2912 1306 2973 forma
1333 2910 1419 2973 circa
1435 2913 1568 2986 Lunam,
1602 2913 1656 2974 sed
1680 2913 1718 2975 ab

373 3018 411 3060 ea
434 3001 502 3061 sola
523 3010 610 3080 parte
626 3001 738 3075 Lunae,
764 3022 783 3062 a
806 3010 963 3082 qnaparte
987 3001 1109 3063 umbrae
1129 3001 1268 3062 stetisset
1286 3001 1472 3063 observator.
1498 3001 1562 3075 (Sit
1576 3024 1610 3063 n
1632 3020 1716 3064 com·

372 3089 471 3150 munis
495 3091 591 3151 sectio
615 3090 737 3153 umbrae
761 3110 826 3152 uum
851 3097 931 3165 abre,
956 3099 1104 3170 etpartes
1127 3089 1157 3150 in
1171 3092 1219 3165 λμ
1239 3090 1410 3152 illustratae
1424 3111 1443 3152 a
1457 3089 1539 3152 Sole.
1569 3089 1718 3170 Splendor

372 3179 465 3258 igitur
488 3178 617 3258 partium
640 3183 680 3240 ri
703 3180 784 3242 visus
810 3181 916 3242 fuisset
939 3201 958 3240 a
980 3179 1116 3260 partibus
1140 3177 1244 3241 Lunae
1267 3180 1296 3242 in
1321 3175 1362 3254 ζ.)
1407 3180 1472 3242 Aut
1494 3180 1623 3241 vidisset
1646 3198 1718 3242 saue

371 3269 563 3348 splendorem
588 3268 773 3344 circularem,
798 3271 852 3331 sed
877 3269 1068 3343 latissimum,
1094 3268 1222 3349 Neapoli
1255 3269 1388 3350 quidem,
1422 3288 1528 3349 nempe
1552 3288 1590 3331 ex
1613 3293 1645 3343 s,
1671 3270 1719 3332 vel

372 3356 533 3419 luminaria
555 3358 688 3437 proxime
715 3360 929 3439 attingentem,
955 3359 1024 3438 quia
1046 3353 1097 3435 νζβ
1120 3358 1150 3419 iu
1174 3359 1278 3420 eadem
1302 3366 1385 3420 recta
1414 3370 1484 3420 sunt
1506 3378 1577 3420 exa
1600 3359 1718 3433 educta,

370 3447 539 3509 ueletiam
571 3448 668 3526 magis
693 3450 731 3511 ad
764 3448 999 3528 septentrionem
1029 3448 1197 3523 elevatum,
1230 3448 1256 3509 si
1279 3448 1363 3510 locus
1390 3450 1429 3510 ab
1452 3471 1467 3509 a
1493 3448 1667 3527 profundius
1689 3447 1719 3509 in

369 3537 480 3599 umbra
502 3537 562 3597 sit:
589 3536 627 3597 ab
650 3548 734 3599 ortus
757 3556 827 3599 vero
851 3555 1034 3618 occasusque
1056 3536 1156 3618 plagis
1174 3538 1332 3599 dilatatum
1356 3536 1512 3612 latissime,
1538 3537 1718 3618 tandemque

369 3625 559 3688 meridionali
589 3636 676 3705 parta
706 3647 774 3688 sese
811 3627 985 3706 longissime
1024 3645 1116 3708 usque
1149 3625 1179 3687 in
1210 3650 1246 3701 ιμ
1275 3625 1409 3688 Siciliam
1442 3646 1457 3688 e
1490 3636 1654 3706 conspectu
1685 3646 1720 3687 rr

369 3716 517 3794 Neapolis
541 3719 744 3778 auferentem:
770 3726 802 3778 et
824 3717 880 3778 buc
902 3725 1025 3796 propter
1048 3705 1246 3777 humilitatem
1270 3715 1360 3777 aeris.
1406 3716 1515 3777 Partes
1539 3715 1616 3777 euim
1639 3715 1720 3777 atris

370 3804 548 3885 splendidae
572 3825 617 3879 uc
639 3824 677 3865 ex
699 3828 713 3866 s
738 3806 910 3885 longissime
934 3806 1013 3867 infra
1035 3805 1152 3866 Lunam
1183 3812 1385 3866 censerentur.
1433 3801 1548 3875 Quodsi
1581 3804 1717 3880 materia,

372 3913 451 3975 quae
484 3895 674 3977 splendorem
703 3892 783 3957 Solis
817 3894 952 3974 excepit,
982 3892 1025 3957 20
1053 3891 1284 3955 semidiametris
1316 3892 1427 3955 Terrae
1460 3893 1568 3956 fuisset
1599 3894 1720 3956 elevata

369 4001 464 4064 supra
487 3983 621 4057 Terram,
647 3984 738 4046 tertia
760 3993 846 4065 parte
870 3984 1033 4046 distantiae
1053 3982 1181 4046 Lunarie
1205 3981 1441 4045 sibivindloata
1463 3982 1537 4056 (etsi
1559 3982 1653 4046 etiam
1675 3983 1719 4046 siu

364 4075 431 4156 jam
450 4072 480 4134 in
494 4073 617 4134 aethere
636 4075 770 4147 snmus):
794 4074 923 4135 circulus
938 4074 1025 4153 hujus
1041 4072 1174 4153 fuliginis
1196 4072 1354 4152 splendore
1377 4072 1509 4134 inclusae
1529 4075 1720 4152 apperuisset

370 4157 413 4226 3⁰
436 4164 498 4223 t'ere
523 4162 680 4238 diametro,
705 4172 737 4223 et
754 4163 785 4224 iu
804 4162 869 4242 ejus
893 4164 1048 4243 complexu
1063 4162 1160 4224 Luna.
1190 4162 1241 4224 Ita
1255 4180 1312 4243 quo
1333 4162 1479 4239 humilior,
1503 4160 1560 4223 boc
1577 4161 1719 4242 emption

370 4270 430 4333 quo
454 4270 525 4312 uero
549 4252 649 4325 altior,
673 4251 729 4313 hoc
759 4253 870 4326 minor,
902 4252 958 4313 hoc
982 4251 1107 4313 vicinior
1130 4250 1235 4313 Lunae
1266 4251 1480 4331 magnitudine.
1528 4249 1603 4314 Cum
1626 4252 1718 4334 igitur
1809 4329 1811 4333 Ι

372 4340 467 4420 fuligo
491 4341 566 4403 haec
589 4360 647 4404 non
671 4341 778 4421 majori
811 4341 984 4421 apparuerit
1014 4340 1159 4403 diametro
1189 4360 1276 4422 quam
1299 4340 1366 4422 ipsa
1388 4341 1488 4416 Luna,
1512 4359 1636 4403 necesse
1659 4348 1717 4415 est,
1833 4372 1837 4383 ·

370 4429 544 4504 materiam,
579 4450 637 4511 qua
664 4432 805 4512 splendor
834 4432 882 4493 hic
911 4429 991 4492 Solis
1024 4438 1183 4510 exceptus,
1217 4431 1309 4492 fuisse
1336 4448 1521 4513 nequaquam
1548 4430 1718 4493 inferiorem

369 4520 472 4595 Luna,
505 4520 559 4581 sed
591 4529 644 4581 aut
667 4522 770 4584 Lunae
793 4521 822 4583 in
846 4518 884 4595 ξο
912 4530 965 4582 aut
988 4517 1053 4582 Soli
1084 4518 1141 4599 ipsi
1171 4519 1198 4581 in
1223 4540 1267 4599 ρσ
1294 4519 1521 4594 circumfusam
1550 4529 1605 4582 aut
1635 4527 1717 4581 certe

369 4609 504 4689 utrisque
529 4610 723 4673 luminaribus
747 4612 923 4673 interfusam
946 4617 978 4670 et
1001 4607 1045 4670 sic
1068 4608 1097 4669 iu
1121 4609 1251 4671 aethere.

459 4698 508 4760 Ex
531 4698 691 4766 Flandrioa
714 4700 860 4763 relatione
890 4698 1067 4763 luculentius
1091 4698 1168 4760 idem
1195 4697 1384 4778 probabitur,
1413 4716 1470 4760 nou
1499 4696 1593 4759 fuisse
1617 4702 1718 4760 atreus

369 4788 459 4850 nobis
481 4787 626 4863 vicinum,
650 4790 791 4870 quiesse
815 4789 969 4870 splendori
991 4787 1075 4850 Solis
1098 4787 1127 4849 in
1151 4786 1254 4849 circuli
1282 4788 1378 4848 torma
1405 4787 1535 4867 subjecit
1555 4786 1717 4867 Lunaeque

371 4878 503 4958 speciem
533 4877 736 4941 circumdedit.
782 4880 828 4942 Ibi
852 4879 909 4941 loci
940 4876 1049 4959 quippe
1073 4876 1127 4939 Sol
1150 4895 1210 4938 non
1236 4883 1320 4937 totus
1352 4876 1567 4939 occultabatur.
1615 4876 1670 4940 Sit.
1687 4876 1718 4939 iu

371 4970 525 5030 schemate
548 4992 566 5028 ν
587 4968 750 5043 Flandria;
774 4968 917 5030 connexis
939 4964 977 5039 νζ
996 4965 1091 5046 signis
1113 4965 1260 5046 producta
1283 4966 1364 5028 linea
1387 4968 1469 5029 cadit
1490 4967 1520 5029 in
1543 4988 1566 5045 γ.
1607 4967 1716 5030 Adhuc

369 5058 463 5138 igitur
486 5057 517 5119 in
539 5080 558 5120 u
580 5058 702 5120 lucebat
723 5058 862 5139 quicquid
886 5057 942 5119 fuit
965 5057 1044 5119 iuter
1065 5056 1108 5135 γβ.
1156 5054 1380 5146 connectantur
1403 5065 1434 5118 et
1455 5078 1488 5133 o,
1511 5062 1530 5118 d
1550 5065 1663 5137 puncta
1685 5064 1718 5119 et

370 5148 449 5229 ipsis
471 5144 515 5225 νζ,
538 5153 575 5210 ut
597 5149 761 5211 educantur
789 5148 889 5211 sociae
912 5168 984 5224 uon,
1007 5143 1078 5226 νξρε
1109 5143 1209 5228 sitque
1232 5141 1288 5217 to(
1306 5145 1423 5227 species
1445 5146 1505 5210 atri
1527 5146 1621 5211 disci:
1654 5147 1716 5213 uir-
