4584 6192
605 505 617 536 d

472 619 539 688 590
894 623 995 675 Literna
1013 621 1115 687 Kepleri
1134 620 1284 687 diemque
1302 628 1405 673 mamae

472 799 602 864 afficitur
624 799 664 861 ab
688 799 880 879 aspectibus,
913 802 962 881 qui
995 821 1053 864 non
1082 807 1201 863 tautum
1228 807 1300 862 sunt
1323 798 1427 880 quanti
1450 796 1621 861 sedetiam
1645 799 1832 862 rationales:

471 889 601 970 percipit
622 887 714 968 igitur
736 888 831 949 Terra
854 888 983 970 aliquid,
1016 892 1095 970 quod
1125 890 1194 951 sola
1224 888 1304 952 ratio
1336 888 1474 968 percipit.
1520 888 1682 967 Magnetes
1714 908 1833 951 veroa

472 978 553 1040 nullo
577 976 703 1038 rationis
726 976 861 1057 subJecto
885 998 938 1039 seu
961 978 1082 1058 objecto
1105 986 1271 1040 moventur.
1317 978 1429 1039 Posses
1463 976 1665 1057 sympathiam
1699 996 1831 1057 magne-

472 1066 564 1128 ticam
587 1074 726 1146 respectu
750 1067 940 1145 sympathiae
964 1068 1040 1129 coeli
1064 1074 1095 1128 et
1124 1068 1236 1129 Terrae
1267 1066 1366 1128 dicere
1399 1065 1588 1127 materialem
1617 1073 1650 1126 et
1681 1085 1831 1147 corpora-

472 1155 539 1229 lem,
564 1174 632 1217 cum
654 1154 728 1215 haec
756 1154 799 1216 sit
830 1155 965 1217 formalis
988 1156 1089 1235 potius
1113 1163 1145 1218 et
1168 1155 1310 1217 mentalis
1333 1173 1387 1216 seu
1410 1152 1578 1218 rationalis.
1600 1184 1642 1195 -
1673 1156 1831 1235 Aspectus

473 1243 727 1306 extraordinarios
750 1243 923 1323 quintilem,
957 1244 1143 1325 biqnintilem
1176 1257 1208 1305 et
1239 1243 1434 1323 sesquadrum
1467 1242 1545 1304 satis
1577 1242 1616 1303 ab
1640 1243 1833 1322 experientia

471 1332 705 1411 meteorologica
727 1333 940 1412 comprobatos
963 1333 1074 1409 habeo,
1099 1334 1154 1394 sed
1177 1332 1309 1395 insinuat
1333 1333 1439 1393 eadem
1468 1331 1653 1410 experientia
1676 1351 1736 1393 non
1761 1351 1831 1395 raro

471 1420 563 1483 etiam
587 1421 783 1482 semisextum
807 1441 861 1483 sen
885 1422 1090 1483 duodecimam
1113 1430 1232 1502 partem
1255 1421 1367 1492 circuli,
1391 1440 1457 1482 cum
1471 1420 1501 1481 iu
1518 1420 1632 1481 musica
1659 1413 1725 1502 'lm
1758 1417 1826 1500 ¹¹„

471 1528 528 1572 non
552 1507 659 1589 gignat
681 1528 790 1570 novam
812 1510 1008 1572 harmoniam.
1054 1512 1133 1572 Nam
1159 1504 1225 1592 ¹¹1„
1250 1510 1402 1589 proportio
1426 1518 1474 1571 est
1496 1504 1628 1584 s’spstqc,
1653 1518 1688 1569 ut
1710 1517 1745 1569 et
1766 1507 1831 1587 ’,υ

470 1596 530 1660 etsi
558 1591 607 1680 ¹1„
636 1598 677 1659 sit
699 1593 835 1674 ι’μμελης.
882 1599 925 1662 Ut
952 1600 1030 1661 enim
1055 1599 1084 1661 in
1108 1599 1283 1681 syllogismo
1311 1618 1371 1659 una
1398 1598 1542 1677 negativa
1569 1597 1672 1676 posita
1701 1617 1830 1659 necesse

470 1694 520 1748 est
543 1695 575 1748 et
597 1686 725 1747 alteram
748 1687 833 1766 poni,
858 1688 973 1748 duabus
996 1707 1067 1750 vero
1097 1687 1287 1749 affirmativis
1319 1687 1428 1767 positis
1459 1695 1492 1747 et
1522 1684 1615 1746 tertia
1647 1686 1833 1748 affirmativa

470 1775 505 1838 lit
527 1774 718 1848 necessaria3
751 1776 795 1836 sic
820 1775 849 1837 in
873 1776 1007 1838 sectione
1031 1777 1162 1839 chordae
1186 1776 1216 1836 in
1241 1776 1314 1849 duo,
1348 1794 1414 1836 cum
1441 1783 1506 1835 tres
1534 1774 1669 1834 existant
1698 1792 1830 1853 propor-

470 1862 568 1926 tiones
592 1883 611 1924 a
635 1862 730 1925 tribus
762 1863 916 1937 terminis,
950 1872 1017 1926 tota
1049 1866 1172 1944 ejusque
1204 1864 1319 1925 duabus
1350 1863 1506 1943 partibus,
1544 1881 1603 1922 una
1634 1864 1831 1941 proportione

470 1947 649 2030 eisapnoosp
671 1952 773 2032 posita
796 1961 828 2014 et
846 1953 944 2015 altera
961 1953 1082 2033 ponitur
1105 1952 1305 2033 drappooroe,
1327 1960 1359 2012 et
1376 1952 1491 2013 duabus
1514 1950 1697 2012 harmonicis
1720 1951 1831 2030 positis

472 2047 504 2101 et
525 2040 619 2102 tertia
640 2041 674 2101 ht
697 2040 881 2103 harmonica.
924 2043 1022 2122 Igitur
1052 2041 1310 2120 duodecangulum
1333 2041 1451 2102 videtur
1469 2040 1507 2100 ab
1525 2038 1714 2118 experientia
1736 2040 1831 2119 recipi

471 2127 551 2190 inter
573 2137 728 2208 aspectus,
760 2130 895 2209 quamvis
919 2131 1095 2192 excludatur
1118 2151 1137 2192 a
1160 2129 1283 2190 musica.
1330 2130 1410 2190 Nam
1438 2129 1465 2190 si
1494 2129 1562 2189 ideo
1593 2128 1703 2189 efficax
1727 2128 1831 2189 circuli

472 2216 650 2280 duodecima
672 2216 701 2278 in
725 2218 843 2293 mundo,
869 2219 948 2299 quod
971 2220 1100 2281 chordae
1125 2219 1301 2298 duodecima
1333 2226 1481 2279 consonat
1504 2235 1570 2278 curn
1594 2223 1660 2277 tota
1683 2219 1830 2295 (τριςόια-

469 2326 575 2369 nnoan
596 2305 644 2369 ἐπι
665 2310 823 2379 tauma),
847 2308 905 2369 erit
923 2315 955 2369 et
969 2308 1085 2370 decima
1104 2302 1205 2380 (36⁰),
1222 2317 1254 2367 et
1273 2314 1383 2367 octava
1406 2300 1507 2379 (45⁰),
1533 2313 1564 2365 et
1579 2305 1710 2365 omnium
1726 2306 1831 2367 horum

470 2394 604 2471 dimidia,
640 2390 707 2469 18⁰,
741 2388 823 2479 22¹l,
835 2393 857 2469 ⁰,
894 2393 952 2459 15⁰
981 2396 1146 2476 iterumque
1188 2396 1312 2456 dimidia
1340 2395 1370 2456 in
1403 2404 1599 2473 perpetuum,
1632 2394 1772 2455 efficacia
1801 2395 1830 2455 in

469 2484 589 2558 mundo,
615 2483 694 2564 quod
718 2503 775 2545 non
800 2485 990 2563 deprehendo
1014 2502 1069 2563 per
1091 2483 1316 2565 experientiam.
1356 2482 1471 2545 Contra
1495 2482 1521 2542 si
1543 2481 1612 2542 ideo
1636 2500 1695 2542 non
1719 2482 1830 2544 efficax

470 2581 612 2654 aspectus
635 2567 704 2645 45⁰,
730 2572 800 2652 quia
824 2573 852 2634 in
877 2574 992 2635 musica
1020 2570 1066 2652 ¹!0,
1097 2566 1131 2655 Ἰ,
1161 2573 1235 2634 iacit
1257 2589 1347 2633 unam
1375 2572 1471 2633 solam
1500 2578 1717 2632 consonantem
1743 2564 1829 2652 (Ἃ),

470 2662 545 2724 duas
569 2661 762 2723 dissonantes
787 2654 854 2743 (¹l„
885 2654 948 2743 ⁷1⁸),
974 2670 1044 2724 tunc
1068 2672 1100 2724 et
1128 2656 1177 2740 ¹l„
1210 2679 1312 2721 carere
1344 2660 1448 2722 debuit
1475 2658 1624 2732 efficacia,
1659 2659 1733 2737 quia
1763 2655 1829 2742 ¹10,

475 2743 543 2833 ¹¹1„
579 2748 719 2811 similiter
749 2749 843 2810 habet
875 2769 963 2812 unam
994 2759 1113 2812 tantum
1145 2757 1359 2810 consonantem
1390 2742 1493 2831 (¹s„),
1527 2748 1601 2809 duas
1633 2747 1829 2809 dissonantes

469 2831 556 2921 (¹l„,
588 2832 685 2918 ssiu).
733 2838 832 2898 Valde
856 2837 948 2918 igitur
969 2839 1059 2902 miror
1087 2840 1165 2901 hanc
1193 2856 1282 2899 unam
1314 2838 1541 2917 exceptionem,
1572 2854 1638 2896 cnm
1662 2835 1693 2896 in
1717 2835 1829 2898 ceteris

468 2945 523 3007 per
546 2927 644 2989 omnia
668 2924 729 2988 sint
752 2927 875 2989 eaedem
898 2928 1175 3007 argumentationes
1198 2927 1228 2987 in
1251 2926 1367 2987 musica
1390 2933 1421 2987 et
1443 2925 1474 2987 in
1497 2924 1682 3006 aspectibus.
1728 2926 1828 2987 Video

470 3016 592 3095 quidem
625 3014 782 3096 pulchram
819 3017 949 3095 aliquam
985 3017 1201 3097 proprietatem
1239 3013 1477 3093 duodecanguli,
1510 3015 1595 3094 cujus
1626 3014 1752 3092 planum
1782 3021 1830 3075 est

469 3098 558 3186 (ineos
579 3110 612 3165 et
641 3097 674 3186 Ἰ,
702 3104 739 3164 de
763 3104 900 3182 potentia
923 3105 1061 3184 quadrati
1086 3103 1225 3166 diametri
1248 3110 1285 3174 (h.
1304 3127 1358 3161 s=
1373 3105 1403 3173 Ἴ.
1419 3108 1471 3173 (1¹).
1510 3101 1572 3164 Sed
1590 3102 1714 3182 planum
1739 3104 1827 3181 quin·

468 3192 611 3274 quanguli
640 3202 675 3253 ut
706 3201 738 3254 et
773 3193 915 3272 trianguli
948 3213 1006 3255 non
1038 3201 1087 3255 est
1118 3190 1223 3272 ῥητον,
1259 3202 1292 3255 et
1323 3200 1425 3253 tamen
1457 3191 1526 3252 hinc
1563 3199 1634 3252 sunt
1672 3201 1827 3272 aspectus.

468 3281 579 3345 Nescio
602 3281 703 3361 igitur,
728 3300 797 3343 num
821 3300 867 3344 me
893 3281 981 3342 fallat
1004 3281 1199 3362 experientia,
1225 3289 1296 3344 tune
1315 3282 1383 3360 jure
1408 3280 1549 3342 attendes
1571 3279 1609 3341 ad
1634 3298 1728 3341 aurae
1753 3299 1827 3341 con·

468 3370 665 3443 stitutionem,
691 3371 809 3450 quando
832 3370 974 3449 planetae
999 3371 1255 3466 distaut'integro
1273 3371 1369 3450 signo,
1393 3368 1483 3430 nullis
1505 3378 1667 3447 praeterea
1691 3368 1827 3431 existen·

468 3458 550 3521 tibus
574 3459 756 3538 aspectibus.
1360 3480 1363 3483 ’

556 3547 661 3626 Negas
700 3547 795 3626 trigas
831 3564 937 3606 vocum
975 3545 1208 3608 considerandas
1241 3545 1269 3605 in
1307 3544 1445 3606 eruendis
1483 3543 1656 3604 harmoniis.
1711 3545 1761 3606 Ex
1793 3564 1827 3606 eo

467 3635 622 3715 intelligo,
656 3644 687 3696 te
711 3635 771 3695 vim
795 3634 1011 3713 speculationis
1036 3654 1121 3695 meae
1146 3655 1202 3696 non
1235 3634 1398 3713 percipere.
1446 3630 1593 3705 Quaeris,
1623 3652 1699 3712 quae
1733 3635 1826 3713 origo,

468 3744 544 3802 quae
568 3744 660 3785 causa
684 3723 927 3785 harmoniarum?
949 3723 1149 3804 Respondeo:
1181 3723 1382 3785 sectionem
1414 3722 1543 3783 circuli
1568 3723 1828 3800 geometricam

467 3812 501 3876 in
531 3813 711 3874 rationes.
758 3812 900 3873 Perfecta
932 3814 1028 3884 ratio,
1061 3832 1126 3872 curn
1158 3812 1277 3874 termini
1307 3812 1430 3872 minoris
1463 3810 1618 3891 quantitas
1651 3830 1707 3870 seu
1740 3830 1827 3872 arcus

467 3899 609 3979 ἄναλογος
633 3908 775 3980 estpars
799 3909 891 3980 quota
914 3902 963 3963 vel
992 3909 1101 3981 quotae
1132 3902 1253 3973 circuli,
1287 3900 1469 3979 geometrice
1502 3907 1621 3961 resecta
1655 3920 1674 3959 a
1704 3899 1825 3962 circulo.

467 3990 602 4051 Videsne
626 3988 726 4066 igitur,
752 3989 790 4049 ad
815 3989 1016 4050 definitionem
1040 3998 1123 4050 ortus
1148 3989 1395 4070 uniuscujuslibet
1419 3987 1591 4049 harmoniae
1616 3988 1729 4067 requiri
1753 4006 1826 4049 con-

467 4078 681 4139 siderationem
706 4078 827 4138 duarum
851 4077 944 4139 totius
968 4078 1120 4158 partium?
1143 4079 1223 4141 Nam
1247 4096 1299 4138 cur
1323 4077 1517 4138 exsectione
1546 4076 1682 4155 ejusdem
1708 4074 1729 4138 8
1754 4078 1782 4137 in
1806 4073 1825 4138 3

467 4174 500 4229 et
523 4163 542 4228 5
567 4168 769 4228 constituatur
792 4166 914 4246 aliqua?
938 4165 1000 4229 Cur
1024 4168 1109 4238 eninr,
1135 4167 1192 4227 nisi
1216 4168 1286 4247 quia
1313 4167 1387 4227 haec
1420 4165 1519 4228 solida
1547 4164 1642 4238 ratio,
1678 4176 1827 4243 quaeest

466 4255 559 4317 totins
585 4255 623 4314 ad
648 4252 668 4316 2
691 4263 794 4333 partes
819 4264 850 4316 et
884 4256 941 4316 hae
973 4256 1051 4316 inter
1080 4275 1113 4315 se
1147 4274 1205 4315 non
1239 4263 1380 4317 constant
1412 4275 1450 4316 ex
1482 4253 1637 4333 perfectis.
1684 4253 1828 4315 Perfecta

467 4344 585 4427 quidem
610 4352 658 4404 est
681 4345 758 4405 ratio
791 4338 842 4426 ¹s„
867 4344 937 4424 qnia
967 4344 1136 4422 octanguli3
1170 4342 1404 4423 ἅγεωμετρητος,
1438 4343 1615 4422 imperfecta
1647 4342 1743 4403 etiam
1780 4338 1825 4425 ll„

466 4433 537 4513 quia
567 4433 720 4494 derivatur
744 4452 781 4492 ex
810 4426 844 4514 ’1ι
871 4432 920 4492 vel
947 4425 1004 4510 Ἃ,
1039 4452 1104 4493 cnm
1138 4433 1233 4494 sectio
1266 4432 1367 4493 circuli
1403 4432 1433 4493 in
1467 4431 1485 4493 7
1518 4431 1559 4491 sit
1592 4428 1825 4510 ἀγεωμετρητος.

466 4521 501 4584 In
533 4521 658 4583 unisono
689 4530 721 4582 et
751 4527 904 4583 brennone
934 4540 1028 4600 negas
1060 4522 1155 4582 locum
1188 4541 1255 4582 esse
1284 4521 1382 4600 trigis.
1428 4520 1567 4582 Falleris.
1613 4519 1649 4579 In
1674 4525 1827 4583 omnnem

466 4618 514 4671 est
538 4611 651 4671 chorda
675 4618 750 4682 tota,
775 4611 842 4670 dein
867 4610 931 4689 ejus
952 4610 1028 4670 duae
1048 4619 1152 4689 partes
1176 4611 1337 4691 aequales:
1362 4610 1390 4670 in
1415 4610 1540 4671 unisono
1565 4616 1611 4669 est
1635 4608 1733 4690 primo
1757 4609 1825 4689 pul·

466 4699 563 4759 sanda
592 4699 706 4759 chorda
736 4710 860 4777 propter
884 4718 917 4760 se
940 4706 1056 4765 totam.
1090 4699 1222 4760 secundo
1250 4708 1282 4760 et
1312 4699 1402 4759 tertio
1435 4706 1558 4777 propter
1589 4697 1764 4776 analogiam
1789 4698 1824 4758 ad

466 4793 584 4847 ceteras
609 4786 780 4860 divisiones,
805 4788 891 4866 quasi
915 4789 1020 4848 eadem
1036 4797 1066 4849 et
1084 4808 1156 4866 pars
1171 4788 1213 4848 sit
1231 4788 1287 4849 sibi
1312 4787 1369 4866 ipsi
1393 4787 1538 4867 aequalis.
1576 4787 1639 4845 lmo
1664 4787 1825 4866 analogiae

466 4874 529 4937 sic:
561 4876 641 4936 Tota
667 4874 694 4950 l,
727 4883 848 4955 partes:
877 4875 903 4949 l,
929 4874 967 4951 ⁰3
998 4895 1067 4937 ecce
1098 4876 1208 4956 trigam
1240 4885 1363 4939 mutam.
1412 4876 1490 4936 Tota
1513 4871 1546 4947 2,
1579 4882 1706 4953 partes:
1737 4874 1763 4950 l,
1791 4876 1824 4948 l;

466 4963 670 5042 ageometrica
693 4982 751 5024 nou
775 4972 833 5025 est.
881 4965 959 5027 Tota
984 4962 1013 5039 3,
1038 4973 1160 5044 partes:
1186 4964 1215 5038 2,
1245 4964 1282 5039 13
1306 4984 1400 5027 novus
1425 4965 1484 5024 iste
1507 4963 1601 5024 lusus.

554 5052 734 5114 Boethius
767 5053 899 5134 explicat
929 5054 1151 5133 speculationes
1179 5062 1330 5129 veterum,
1363 5054 1469 5134 quibus
1499 5050 1673 5131 incognitae
1707 5052 1824 5114 luerunt

466 5156 576 5201 causae
600 5140 830 5210 harmoniarum,
854 5160 929 5221 quas
954 5142 1210 5223 quaesivemntin
1225 5144 1355 5206 numeris
1375 5141 1462 5205 nudis
1485 5141 1651 5203 manifesta
1676 5141 1821 5205 salsitate.
