4584 6192
580 658 645 726 562
1193 659 1319 723 Dioptrico

578 839 654 905 Dico
688 837 780 898 etiam
813 834 943 915 speciem
975 834 1038 895 fieri
1072 833 1215 897 minorem
1244 855 1297 915 per
1328 836 1402 896 duas
1436 854 1587 897 convexas
1620 834 1747 895 invicem
1779 834 1943 914 contIguas

579 929 646 1002 AB,
673 925 737 1001 CD,
764 946 852 1005 quam
876 943 928 1004 per
951 944 1040 984 unam
1063 924 1130 985 AB.
1942 935 1948 954 ³

666 1017 746 1079 Nam
770 1016 839 1094 quia
862 1033 921 1073 una
944 1032 1020 1073 cava
1043 1014 1108 1073 lens
1132 1020 1181 1073 est
1204 1013 1359 1092 utrimque,
1386 1015 1510 1075 eandem
1534 1012 1626 1093 Igitur
1640 1012 1817 1074 causabitur
1835 1013 1941 1075 radio·

579 1125 643 1169 rum
668 1103 894 1183 divergentiam.
941 1102 1057 1163 Eodem
1080 1101 1173 1181 igitur
1205 1101 1364 1176 intervallo
1395 1103 1492 1163 aberit
1516 1111 1577 1163 tam
1602 1102 1640 1162 ab
1664 1102 1693 1161 H
1717 1121 1865 1163 concursu
1889 1120 1947 1182 por

581 1213 669 1257 unam
692 1194 758 1266 AB,
784 1212 873 1271 quam
897 1191 934 1250 ab
960 1192 973 1251 Ι
996 1210 1142 1252 concursu
1166 1209 1220 1269 per
1244 1198 1396 1270 utramque
1422 1191 1488 1264 AB,
1516 1190 1570 1252 CD
1594 1199 1730 1263 causato,
1764 1208 1821 1269 per
1845 1188 1941 1264 CXI;

581 1284 622 1345 sit
645 1284 720 1343 haec
743 1280 889 1341 distantia
902 1280 970 1353 HN,
998 1278 1051 1352 IO,
1072 1278 1137 1341 GP.
1184 1279 1229 1341 At
1252 1281 1349 1359 portio
1373 1279 1479 1340 eadem
1503 1282 1542 1340 ad
1566 1279 1719 1340 dirnidium
1735 1279 1780 1340 IR
1796 1281 1941 1358 majorem

580 1372 674 1433 habet
696 1370 920 1450 proportionem
949 1388 1036 1446 quam
1062 1369 1100 1428 ad
1124 1369 1244 1447 duplum
1268 1369 1337 1429 IlR.
1384 1368 1543 1446 Propiores
1574 1367 1665 1447 igitur
1694 1377 1765 1428 annt
1787 1369 1861 1442 AB,
1888 1366 1942 1431 CD

579 1460 705 1539 junctae
729 1459 786 1536 ipsi
811 1456 838 1518 Ο
864 1457 926 1529 (vel
951 1458 1003 1517 EF
1026 1457 1085 1518 illis
1114 1457 1320 1536 aequipollens
1350 1458 1406 1536 ipsi
1430 1458 1455 1518 P
1479 1458 1506 1518 iu
1541 1476 1613 1518 suae
1642 1457 1861 1520 semidiametri
1886 1455 1941 1529 LG

583 1548 808 1628 proportione),
842 1564 929 1625 qnam
958 1547 1024 1607 sola
1054 1545 1109 1605 AB
1134 1546 1191 1624 ipsi
1214 1547 1243 1606 N
1267 1546 1296 1606 in
1328 1566 1399 1607 suae
1424 1546 1493 1607 ΗΠ.
1540 1545 1660 1607 Minora
1688 1546 1780 1624 Igitur
1808 1546 1941 1608 visibilia

551 1637 636 1698 *EF
669 1643 882 1715 repraesentat
914 1654 967 1713 per
991 1654 1095 1696 cavam
1120 1635 1154 1707 P,
1180 1655 1267 1714 quam
1293 1635 1348 1696 AB
1378 1636 1444 1695 sola
1467 1654 1521 1714 per
1543 1653 1648 1696 cavam
1672 1634 1701 1695 N
1726 1635 1867 1707 eandem,
1891 1653 1942 1714 per

582 1726 771 1797 LXXXIII;
797 1725 911 1784 minora
935 1724 1026 1802 igitur
1050 1732 1081 1783 et
1105 1725 1181 1784 dnae
1206 1724 1272 1791 AB,
1298 1723 1353 1785 CD
1372 1727 1506 1802 junctae,
1532 1743 1620 1803 quarn
1642 1743 1701 1784 una
1724 1725 1793 1784 sola
1816 1724 1885 1785 AB.

672 1813 821 1877 CXXVI.
870 1813 1100 1891 Propositio.
1148 1812 1246 1874 Unica
1269 1813 1441 1891 superficies
1475 1832 1609 1873 concava
1641 1831 1733 1891 parvo
1767 1813 1882 1874 cicculo
1914 1813 1940 1872 in

582 1902 766 1982 dissipandis
800 1919 851 1961 seu
886 1902 1096 1979 disgregandis
1129 1901 1223 1962 radiis
1261 1902 1322 1962 fere
1356 1903 1538 1981 aequipollet
1575 1902 1690 1962 duabus
1727 1901 1941 1981 superficiebus

583 1992 724 2055 concavis
749 2010 786 2051 ex
810 1990 921 2050 circulo
946 1991 1035 2069 duplo
1059 1990 1173 2068 majore
1199 1990 1353 2052 desumtis.

671 2079 821 2142 Probatur
844 2097 881 2139 ex
904 2078 1054 2141 LXXIX.
1080 2089 1112 2138 et
1135 2080 1191 2139 III.

675 2168 837 2231 CXXVII.
874 2167 1105 2247 Propositio.
1142 2168 1228 2228 Duae
1244 2168 1341 2229 lentes
1357 2186 1507 2228 concavae
1527 2166 1654 2228 Invicem
1676 2166 1838 2245 contiguae
1853 2164 1940 2244 paulo

585 2259 745 2320 admodum
766 2277 785 2316 a
804 2257 884 2317 lente
908 2276 1043 2318 convexa
1065 2257 1183 2335 longius
1205 2257 1329 2330 distant,
1355 2276 1445 2336 quam
1465 2275 1567 2317 earum
1591 2256 1686 2329 unica,
1713 2264 1747 2316 ut
1769 2256 1942 2317 distinctam

587 2349 718 2409 efficiant
741 2345 896 2419 visionem,
922 2347 975 2406 sed
1000 2346 1132 2424 speciem
1156 2346 1284 2407 visibilis
1309 2346 1434 2406 multum
1459 2366 1494 2406 ac
1518 2347 1580 2405 Iere
1604 2345 1694 2422 duplo
1718 2353 1847 2424 augent.

677 2437 755 2498 Nam
780 2435 937 2514 paralleli,
972 2455 1045 2514 quos
1079 2435 1144 2496 lens
1169 2454 1303 2495 convexa
1328 2434 1399 2494 lecit
1422 2453 1621 2514 convergere,
1656 2434 1701 2493 sic
1733 2432 1942 2513 convergendo

585 2526 756 2586 incidentes
780 2524 808 2583 in
834 2542 947 2597 cavam,
974 2544 1009 2583 eu
1034 2524 1164 2584 transita
1187 2524 1318 2585 vitantes
1334 2542 1509 2584 concursum
1532 2542 1647 2583 rursum
1664 2522 1827 2602 divergunt
1841 2540 1943 2584 versus

544 2668 547 2674 .
587 2614 706 2675 oculum
729 2633 782 2692 per
798 2610 907 2685 CVII,
934 2612 1109 2692 supponitur
1133 2613 1211 2673 enim
1236 2614 1464 2674 instrumentum
1489 2620 1520 2673 et
1542 2613 1572 2672 in
1597 2631 1632 2671 eo
1651 2611 1727 2671 situs
1745 2631 1842 2672 cavae
1857 2610 1944 2672 lentis

584 2704 680 2764 utilis.
727 2702 796 2761 Jam
821 2720 890 2760 vero
916 2702 1013 2762 altera
1036 2721 1110 2762 cava
1145 2702 1223 2763 inter
1251 2703 1366 2763 oculum
1398 2710 1429 2762 et
1451 2702 1580 2780 priorem
1613 2720 1718 2761 cavam
1751 2700 1942 2780 interposita,

586 2810 662 2871 qnae
688 2789 860 2868 intercipiat
884 2790 1085 2869 divergentes,
1111 2791 1184 2851 lacit
1209 2784 1262 2851 eos
1284 2791 1334 2851 ubi
1358 2789 1534 2866 trajecerint
1559 2789 1715 2868 divergere
1740 2790 1871 2868 amplius
1893 2806 1943 2867 per

584 2878 714 2948 XCIV..
739 2884 867 2957 peccant
890 2878 981 2956 igitur
1004 2899 1129 2940 excessu
1155 2880 1361 2958 divergentiae
1386 2888 1417 2940 et
1439 2880 1563 2940 confusa
1586 2887 1746 2957 praestant
1768 2897 1825 2955 per
1843 2877 1942 2942 XCV.

588 2977 619 3029 et
641 2966 760 3030 XCIX.
808 2967 919 3047 Augeri
949 2968 1039 3046 igitur
1067 2969 1219 3047 oportebit
1246 2968 1428 3030 contrariam
1456 2988 1493 3029 ex
1523 2986 1657 3029 convexa
1687 2966 1943 3047 convergentiarn,

586 3065 619 3118 ut
641 3057 716 3117 vitia
740 3055 994 3135 aequiponderent
1017 3077 1106 3135 seque
1131 3057 1258 3118 invicem
1277 3058 1396 3131 tollant,
1421 3077 1474 3137 per
1494 3055 1577 3118 CIV.
1614 3058 1752 3135 Augetur
1775 3076 1849 3118 vero
1873 3074 1943 3117 con-

585 3145 743 3224 vergentia
767 3152 860 3205 etex
888 3145 940 3206 illa
969 3146 1122 3218 confusio,
1158 3148 1183 3206 si
1219 3146 1334 3225 longius
1369 3147 1506 3207 discedat
1535 3147 1601 3206 lens
1630 3164 1765 3206 convexa
1797 3146 1837 3207 ab
1862 3144 1943 3206 oculo

587 3234 667 3295 intra
694 3242 834 3314 punctum
859 3253 1019 3295 concursus
1044 3235 1225 3308 constituto,
1256 3254 1311 3314 per
1332 3235 1450 3298 LXXI.
1497 3235 1579 3313 Ergo
1612 3235 1688 3295 duae
1721 3234 1821 3295 lentes
1854 3252 1944 3296 cavae

585 3343 651 3384 cum
676 3322 761 3384 oculo
786 3322 843 3382 sibi
867 3323 1001 3402 proxime
1027 3325 1205 3386 adhaerenti
1234 3323 1351 3403 longius
1383 3325 1491 3385 abesse
1516 3323 1626 3384 debent
1654 3346 1671 3383 a
1695 3341 1835 3385 convexa
1859 3340 1944 3405 quam

521 3472 525 3480 ,
587 3412 676 3473 unica
699 3431 810 3472 earum.
859 3412 918 3472 Vel
943 3430 995 3490 per
1020 3410 1168 3474 CXXVI.
1194 3413 1282 3474 binae
1307 3412 1403 3473 lentes
1432 3433 1528 3474 cavae
1559 3412 1669 3473 circulo
1698 3413 1813 3490 majore
1842 3410 1943 3490 aequi-

584 3501 689 3561 valent
722 3500 827 3560 unicae
859 3499 968 3560 circulo
1001 3500 1116 3561 minori.
1164 3503 1209 3562 At
1241 3522 1294 3581 per
1319 3500 1385 3563 CX.
1420 3522 1496 3563 cava
1526 3521 1617 3580 parvo
1643 3501 1752 3561 circulo
1783 3501 1942 3580 longiusa

588 3591 668 3649 lente
694 3588 798 3662 distat,
824 3607 912 3667 quam
937 3590 1024 3650 unica
1048 3610 1156 3669 magno
1181 3591 1290 3651 circulo
1314 3610 1400 3653 cava.
1438 3592 1518 3670 Ergo
1543 3597 1575 3650 et
1597 3591 1685 3651 binae
1705 3608 1817 3668 magno
1838 3589 1943 3651 circulo

588 3697 682 3739 cavae
705 3677 772 3755 plns
797 3677 912 3737 distant
936 3666 1033 3758 quam'
1048 3699 1148 3740 earum
1174 3700 1232 3740 una
1255 3680 1329 3740 sola.

674 3766 750 3830 Dico
775 3774 806 3826 et
828 3767 943 3845 majora
968 3769 1190 3847 repraesentari
1215 3769 1345 3829 visibilia
1365 3787 1418 3846 ρετ
1438 3770 1513 3828 duos
1538 3786 1626 3845 quam
1645 3785 1699 3844 per
1722 3786 1817 3827 onam
1843 3785 1943 3829 cavam

585 3855 722 3935 proxime
747 3855 872 3916 oculum.
920 3857 1152 3918 Demonstratur
1177 3860 1224 3928 (nt
1247 3857 1363 3936 priora)
1389 3877 1425 3916 ex
1450 3855 1564 3917 CXIII.
1591 3864 1621 3915 et
1646 3855 1796 3917 CXXVI.

677 3944 808 4005 Parvula
831 3963 902 4004 vero
932 3947 1031 4007 auctio
1064 3947 1227 4008 distantiae
1260 3966 1398 4025 magnam
1433 3946 1506 4006 lucit
1536 3944 1740 4006 accessionem
1766 3946 1804 4006 ad
1831 3945 1943 4024 magni·

585 4029 718 4094 tudinem
743 4032 864 4111 speciei,
889 4052 942 4112 per
967 4033 1081 4096 CXIV.
1785 4036 1787 4039 ’

720 4191 724 4203 ,
1021 4122 1199 4184 CXXVIII.
1251 4120 1475 4200 Propositio.
1524 4124 1557 4183 In
1592 4122 1686 4193 lente,
1722 4140 1800 4201 quae
1837 4142 1943 4202 aequa-

697 4192 752 4257 Frg.
773 4188 815 4239 ³²·
932 4212 1009 4272 libus
1034 4211 1152 4272 circulis
1178 4210 1245 4271 binc
1279 4229 1415 4272 convexa
1439 4217 1487 4270 est
1515 4211 1582 4271 inde
1607 4228 1697 4283 cava,
1731 4230 1841 4273 omnes
1865 4209 1943 4281 radii,

756 4296 775 4342 ὓ
950 4301 979 4361 ui
1004 4300 1243 4378 perpendiculari
1267 4300 1347 4360 intra
1367 4318 1473 4377 corpus
1496 4297 1634 4377 paralleli
1653 4298 1808 4371 incedunt,
1836 4319 1943 4380 aequa-

930 4322 1007 4449 itus
1032 4387 1149 4466 angulis
1169 4388 1197 4447 in
1217 4397 1343 4468 utraque
1368 4387 1525 4465 superficie
1549 4386 1761 4465 refringuntur'
1773 4397 1808 4449 et
1828 4384 1943 4452 retracti

929 4478 1061 4538 retinent
1085 4477 1304 4555 divergentiam
1329 4483 1382 4536 aut
1405 4477 1640 4555 parallelitatem
1664 4477 1805 4540 eandem.

1022 4565 1071 4627 Sit
1100 4566 1166 4627 lens
1199 4566 1308 4627 circulo
1338 4561 1408 4637 BC,
1443 4566 1528 4644 cujus
1559 4571 1694 4626 centrum
1719 4567 1767 4640 A,
1805 4585 1942 4638 convexa

929 4654 1041 4716 circulo
1072 4673 1142 4715 vero
1171 4654 1236 4727 EF,
1273 4654 1357 4733 cujus
1391 4661 1525 4714 centrum
1550 4655 1592 4727 D,
1627 4672 1773 4716 concava.
1825 4655 1942 4718 lunatae

929 4763 982 4823 per
1006 4752 1111 4804 centra
1135 4750 1219 4804 recta
1234 4744 1303 4814 DA,
1328 4761 1436 4802 secans
1459 4743 1632 4821 superficies
1655 4744 1942 4821 perpendiculariter

928 4834 958 4892 iu
982 4834 1016 4906 F,
1043 4831 1078 4893 C.
1126 4832 1264 4892 Ducatur
1288 4832 1315 4892 ei
1338 4829 1488 4910 parallela
1518 4848 1729 4910 quaecunque,
1761 4834 1867 4915 sitque
1887 4829 1940 4893 ot.

929 4921 1161 4982 Demonstratm·
1185 4920 1278 4999 Igitur
1310 4917 1491 4999 geometrice
1523 4918 1703 4999 praesertim
1730 4942 1749 4982 a
1772 4922 1940 4983 Ptolamo

929 5017 962 5070 et
992 5009 1192 5082 astronomis,
1227 5008 1306 5069 sIcut
1339 5006 1391 5070 CF
1424 5015 1454 5068 et
1486 5007 1541 5068 ΒΕ
1575 5008 1620 5068 sic
1654 5004 1708 5069 CB
1744 5016 1777 5071 et
1802 5010 1856 5072 ΒΕ
1883 5022 1947 5085 esst¹

929 5098 1081 5177 aequales.
1120 5095 1249 5157 Proinde
1273 5095 1428 5160 inclinatio
1443 5097 1497 5158 BE
1516 5096 1555 5158 ad
1575 5102 1734 5175 utramque
1759 5098 1935 5179 superficiem

929 5192 978 5246 est
1010 5186 1130 5259 eadem,
1163 5185 1220 5247 hoo
1253 5193 1302 5249 est
1331 5186 1371 5247 ad
1404 5191 1565 5266 tangentes
1599 5184 1772 5265 superficiei
1803 5188 1836 5251 iu
1864 5178 1936 5261 DI
