4584 6192
994 559 1076 626 caut
1093 561 1125 613 v.
1144 561 1170 612 2-
1698 561 1765 632 rat

404 736 553 799 radiorum
588 738 650 799 fere
683 737 766 799 nulla
797 739 831 800 fit
861 758 939 799 nova
972 740 1114 801 refractio
1147 739 1175 800 iu
1210 740 1360 801 anteriore
1394 742 1561 822 crystallini
1596 746 1763 823 superficie,

405 826 538 907 quamvis
562 827 730 909 crystallini
761 828 882 889 densius
916 830 956 887 sit
990 830 1118 890 medium
1153 849 1241 908 quam
1271 830 1367 910 aquei.
1416 833 1548 892 Rursum
1582 842 1683 895 autem
1713 835 1763 895 hic

405 935 534 977 araneae
559 923 592 976 et
615 934 670 976 suo
695 916 818 991 humori,
844 918 1019 997 crystallino
1044 918 1168 991 scilicet,
1195 918 1313 979 ascribo
1330 920 1456 979 eandem
1473 919 1653 981 densitatem
1669 943 1762 984 causa

404 1006 614 1077 refractionis,
644 1013 733 1065 utet
757 1006 953 1066 infravitreo
979 1016 1009 1066 et
1033 1007 1153 1067 tunicae
1187 1007 1337 1088 byaliuae.
1385 1007 1581 1070 Descendunt
1609 1009 1701 1089 igitur
1732 1012 1762 1073 hi

405 1095 487 1156 unius
511 1093 618 1173 puncti
642 1094 736 1164 radii,
770 1103 914 1173 quantum
939 1115 1040 1156 eorum
1067 1115 1121 1174 per
1146 1097 1279 1156 foramen
1303 1115 1398 1157 uveae
1423 1097 1479 1158 fuit
1504 1098 1688 1171 admissum,
1712 1118 1765 1179 per

405 1202 518 1245 ornnem
544 1182 782 1262 profunditatem
806 1185 973 1265 crystallini
1002 1204 1121 1263 semper
1152 1186 1248 1263 magis
1282 1186 1436 1263 magisque
1474 1194 1632 1262 coeuntes,
1666 1190 1763 1267 quoad

407 1271 599 1353 pervenerint
623 1272 661 1331 ad
684 1273 882 1350 posteriorem
916 1274 1082 1354 crystallini
1118 1273 1341 1354 hyperbolicam
1373 1275 1568 1352 superficiem.
1616 1277 1762 1358 Adeoque

406 1363 428 1423 si
451 1361 514 1422 fieri
541 1368 656 1439 posset,
683 1369 715 1422 ut
739 1361 841 1422 horum
865 1363 1017 1423 radiorum
1042 1362 1150 1424 seriem
1176 1364 1203 1423 iu
1229 1364 1314 1423 oculo
1339 1364 1472 1423 sectione
1497 1364 1562 1442 quis
1586 1364 1762 1441 imitaretur,

406 1452 429 1512 is
451 1471 470 1509 a
493 1450 619 1511 summis
654 1468 780 1510 corneae
810 1471 901 1530 usque
937 1452 974 1511 ad
1000 1451 1120 1512 ultimas
1145 1451 1312 1532 crystallini
1337 1459 1441 1530 partes
1465 1472 1554 1512 unam
1578 1455 1765 1534 eandemque

408 1542 520 1600 faceret
545 1540 681 1599 conicam
705 1540 900 1617 superficiem,
926 1541 1009 1618 cujus
1035 1540 1153 1619 quidem
1178 1540 1343 1619 amplitudo
1369 1549 1418 1600 cst
1441 1541 1574 1601 foramen
1599 1562 1692 1603 uveae
1712 1544 1764 1605 illo

406 1630 476 1702 locu,
502 1637 613 1689 vertex
636 1646 708 1688 vero
729 1628 879 1689 desiturus
904 1638 986 1689 esset
1010 1630 1038 1689 in
1062 1639 1204 1707 punctum
1221 1630 1340 1708 aliquod
1365 1637 1436 1708 post
1451 1630 1577 1690 oculum.
1607 1631 1678 1691 Jaru
1693 1651 1763 1693 vero

406 1718 477 1779 radii
501 1717 533 1777 hi
557 1734 612 1795 per
635 1716 769 1777 conicam
793 1718 989 1795 posteriorem
1016 1720 1183 1797 crystallini
1219 1718 1405 1799 superficiem
1430 1718 1459 1778 in
1485 1719 1613 1779 vitreum
1637 1721 1763 1796 egressi,

406 1807 486 1884 cujus
510 1816 561 1866 est
584 1806 712 1865 medium
737 1808 832 1866 rarius
856 1807 955 1867 medio
982 1808 1167 1887 crystallini,
1193 1808 1396 1885 refringantur
1424 1828 1443 1867 a
1465 1807 1764 1885 perpendicularibns

406 1895 432 1956 in
454 1894 644 1974 superficiem
667 1911 721 1972 per
742 1904 855 1973 puncta
879 1896 1088 1957 refractionum
1115 1897 1227 1969 ductis,
1262 1915 1353 1974 quare
1381 1898 1470 1956 litut
1500 1897 1623 1958 refracti
1652 1905 1762 1958 coeant

405 2003 507 2045 versus
531 2002 636 2056 axem3
659 1984 760 2062 itaque
785 1985 983 2045 terminantur
1008 1985 1141 2045 breviore
1168 1995 1198 2045 et
1222 1985 1376 2045 obtusiore
1391 2002 1475 2052 cono,
1501 2005 1588 2064 quam
1606 1986 1705 2045 fuerat
1723 1986 1760 2060 is,

406 2092 459 2153 quo
483 2073 632 2134 hactenns
655 2082 864 2151 pervenerant.
913 2072 1031 2135 Coeunt
1054 2074 1144 2150 igitur
1177 2074 1303 2151 deniqne
1334 2092 1438 2133 onmes
1462 2074 1491 2132 hi
1524 2074 1601 2134 radii
1634 2074 1672 2134 ab
1703 2093 1762 2136 uno

405 2170 513 2241 puncto
546 2161 659 2222 visibili
682 2162 711 2222 in
735 2171 877 2241 punctum
909 2164 999 2241 plane
1031 2182 1137 2236 unum,
1171 2163 1248 2241 qnod
1278 2169 1327 2221 est
1359 2161 1542 2238 ipsissimum
1573 2171 1707 2224 centrum
1733 2171 1764 2224 et

407 2250 581 2311 extremitas
605 2252 687 2311 nervi
713 2251 814 2329 optici,
841 2270 897 2330 quo
922 2253 946 2311 is
974 2253 1037 2312 loco
1062 2253 1178 2312 retinas
1202 2250 1400 2312 connectitur.
1440 2251 1519 2311 Nam
1543 2252 1582 2311 ad
1602 2252 1678 2312 banc
1693 2272 1763 2332 cry-

411 2339 523 2401 stallini
549 2339 732 2400 densitatem
757 2348 789 2400 et
813 2341 942 2401 futuram
965 2342 1069 2400 barum
1094 2340 1307 2401 refractionum
1330 2338 1565 2418 magnitudinem
1589 2348 1698 2401 natura
1717 2348 1766 2401 est

411 2429 546 2490 dimensa
570 2429 701 2508 spatium
725 2428 856 2489 humoris
880 2429 968 2489 vitrei
992 2430 1198 2511 crystallinum
1223 2429 1301 2488 inter
1326 2435 1356 2487 et
1380 2428 1518 2489 retinam.

490 2519 595 2598 Atque
627 2518 701 2578 haec
734 2518 850 2578 demum
887 2526 934 2579 est
963 2518 1195 2579 distinctissime
1225 2517 1316 2590 visio,
1352 2535 1419 2577 oum
1450 2518 1593 2577 universa
1629 2517 1763 2594 ejusdem

406 2607 505 2686 puncti
520 2607 581 2680 lux,
608 2613 836 2685 quantacunque
852 2626 960 2685 sparsa
975 2616 1023 2667 est
1045 2627 1099 2686 per
1122 2607 1348 2685 amplitudinem
1373 2606 1478 2666 conia
1505 2604 1648 2666 foramine
1670 2623 1764 2667 uveae

407 2694 544 2768 admissi,
573 2695 689 2756 duabus
720 2695 971 2764 retractionibus,
999 2697 1096 2757 altera
1120 2698 1149 2757 in
1175 2715 1300 2763 cornea,
1325 2694 1423 2756 altera
1447 2695 1476 2755 in
1501 2696 1667 2772 posteriore
1695 2714 1764 2777 cry·

408 2785 521 2846 stalliui
553 2784 725 2863 superficie,
755 2784 885 2861 cogitur,
912 2792 943 2845 et
973 2786 1089 2845 unicum
1114 2786 1230 2847 retinae
1255 2795 1411 2861 punctum,
1444 2783 1627 2861 ipsissimum
1659 2803 1765 2863 nempe

406 2874 545 2935 orificium
575 2873 673 2944 nervi,
706 2873 881 2934 facultatem
915 2874 1057 2934 visoriam
1083 2894 1136 2935 seu
1162 2873 1300 2951 spiritum
1323 2873 1477 2945 vehentis,
1507 2872 1669 2933 fortissime
1694 2873 1764 2933 illu-

408 2972 504 3034 strat,
537 2962 635 3040 adque
660 2961 689 3021 id
714 2970 854 3041 punctum
879 2964 951 3023 nulli
977 2963 1025 3022 alii
1052 2964 1089 3024 ab
1114 2964 1174 3024 ullo
1209 2962 1267 3022 alio
1295 2962 1410 3021 lucente
1435 2969 1546 3039 puncto
1570 2960 1647 3021 radii
1671 2961 1763 3023 allabi

410 3058 543 3129 possunt,
569 3050 712 3113 beneficio
738 3051 865 3129 nigroris
890 3060 920 3111 et
943 3051 1105 3130 opacitatis
1126 3070 1230 3124 fileae,
1256 3050 1413 3127 angustiae
1431 3049 1594 3123 foraminis,
1619 3048 1764 3111 ciliarium

406 3157 609 3220 processuum,
635 3148 667 3200 et
691 3146 867 3214 ceterorum,
893 3141 929 3199 de
954 3141 1059 3219 quibus
1084 3143 1173 3218 piaclo
1198 3148 1268 3217 post
1292 3140 1417 3199 dicetur.

492 3226 635 3290 Ceterum
660 3230 738 3309 qnod
763 3230 907 3289 hactenus
931 3230 1017 3290 nobis
1042 3230 1097 3290 fuit
1122 3229 1307 3307 propositum
1333 3226 1460 3299 visibile,
1486 3227 1515 3286 id
1536 3233 1677 3304 punctum
1695 3226 1761 3302 fnit,

407 3337 461 3379 non
486 3336 611 3396 corpus:
642 3337 732 3398 quare
763 3327 866 3396 partes
901 3336 958 3378 non
992 3319 1097 3379 babuit
1131 3337 1226 3396 nequo
1260 3316 1404 3376 distincta
1437 3317 1545 3376 dextra
1574 3336 1592 3375 a
1621 3314 1760 3389 sinistris,

406 3425 518 3486 supera
541 3406 579 3465 ab
604 3406 718 3467 inferis.
757 3407 862 3485 Neque
887 3424 957 3466 vere
982 3408 1098 3468 visibile
1123 3408 1177 3467 sed
1202 3408 1391 3478 elementum,
1418 3424 1470 3465 scu
1494 3404 1591 3482 magis
1615 3406 1762 3465 terminus

409 3496 449 3557 rei
472 3494 617 3567 visibilis3
648 3496 692 3555 uti
717 3504 749 3556 et
773 3496 839 3573 ipsa
863 3495 965 3573 puncti
989 3497 1063 3556 visio
1089 3497 1234 3556 hactenus
1258 3495 1411 3576 explicata
1434 3514 1491 3554 non
1516 3502 1564 3554 est
1588 3494 1764 3573 accipienda

409 3603 461 3663 pro
484 3591 695 3646 consummata
727 3584 854 3656 visione,
885 3586 937 3644 sed
970 3605 1023 3664 pro
1053 3585 1182 3664 quodam
1210 3583 1335 3643 visionis
1365 3584 1526 3643 elemento.
1573 3583 1650 3645 Nam
1676 3582 1762 3643 utin

409 3693 438 3734 re
461 3672 573 3734 visibili
597 3682 667 3733 sunt
690 3673 784 3734 multa
807 3680 927 3753 puncta,
953 3676 997 3734 ita
1022 3683 1053 3734 et
1076 3675 1173 3734 multa
1196 3673 1237 3732 roi
1254 3673 1332 3733 illius
1348 3672 1472 3731 visionis
1497 3671 1581 3750 quasi
1602 3673 1761 3732 elementa.

411 3762 573 3841 llanetque
596 3762 654 3822 III.
683 3758 733 3824 19.
760 3762 933 3823 Vitellionis
959 3764 1167 3823 nihilominus:
1193 3762 1265 3822 nihil
1289 3761 1393 3829 videri,
1417 3760 1474 3821 nisi
1498 3761 1581 3838 cujus
1605 3760 1646 3820 sit
1660 3759 1763 3837 aliqua

409 3851 582 3929 magnitudo
607 3850 882 3930 proportionabilis.
931 3851 980 3913 Sit
1003 3871 1073 3928 ergo
1099 3859 1241 3929 punctum
1266 3851 1346 3909 aliud
1376 3849 1465 3928 juxta
1489 3849 1571 3926 prius
1596 3857 1625 3908 ct
1650 3848 1763 3907 directe

412 3940 599 4020 oppositum,
634 3940 790 4000 declinans
814 3940 852 3999 ab
877 3960 911 4000 eo
937 3942 974 4000 ad
1008 3941 1154 4001 dextram.
1203 3940 1280 3999 lllud
1318 3938 1409 4016 igitur
1445 3946 1587 4017 puuctum
1625 3955 1763 3998 corneam

411 4029 505 4109 ipsum
531 4047 647 4108 quoque
671 4029 837 4089 illustrabit
860 4036 892 4089 et
920 4030 1088 4107 subjectam
1118 4028 1240 4102 iridem,
1275 4028 1398 4106 ejusque
1434 4027 1566 4087 foramen
1600 4025 1765 4087 intuebitur

410 4137 445 4178 ex
468 4118 598 4197 obliquo.
646 4119 751 4196 ltaque
776 4118 850 4178 radii
876 4138 929 4197 per
954 4118 1107 4179 foraminis
1133 4118 1274 4178 circulum
1298 4115 1462 4177 intromissi
1487 4115 1617 4195 speciem
1638 4114 1764 4175 exbibe-

409 4206 481 4268 bunt
507 4206 576 4268 coni
604 4206 731 4278 scaleni,
766 4207 814 4285 qui
845 4207 961 4268 secabit
991 4226 1096 4267 conum
1126 4214 1240 4267 rectum
1268 4204 1376 4284 prioris
1410 4205 1511 4282 puncti
1549 4204 1579 4263 iu
1618 4204 1764 4265 foramine

410 4314 502 4356 ureae
528 4303 558 4355 et
581 4304 653 4373 post
676 4296 839 4356 sectionem
865 4296 944 4357 intra
968 4316 1073 4356 uveam
1091 4296 1237 4355 concedet
1260 4296 1288 4354 in
1313 4301 1416 4371 partes
1436 4294 1585 4361 sinistras,
1611 4294 1766 4354 illustrans

410 4392 525 4463 partem
549 4384 669 4464 quidem
695 4385 861 4461 superficiei
886 4385 1052 4465 crystallini
1077 4406 1095 4444 a
1118 4384 1210 4462 priori
1234 4384 1325 4444 etiam
1342 4384 1534 4455 illustratam,
1558 4392 1676 4460 partem
1695 4400 1765 4442 vero

409 4473 540 4553 apriori
565 4481 677 4551 puncto
701 4493 759 4534 non
784 4473 981 4545 illustratam,
1013 4474 1066 4534 sed
1100 4474 1321 4544 sinistriorem;
1354 4479 1385 4531 et
1413 4473 1447 4531 fit
1473 4490 1548 4550 pene
1573 4470 1662 4543 idem,
1687 4469 1765 4550 quod

409 4580 499 4641 supra
522 4579 587 4640 cap.
605 4562 646 4622 11.
672 4562 943 4623 demonstravimus
969 4563 996 4622 in
1022 4564 1126 4622 clausa
1141 4581 1260 4623 camera
1284 4560 1356 4621 lieri.
1395 4562 1473 4622 Nam
1488 4560 1603 4639 pupilla
1617 4568 1665 4619 est
1680 4559 1765 4619 fene-

411 4659 490 4712 strae
514 4652 591 4723 loco,
618 4652 814 4731 crystallinus
839 4653 902 4712 loco
928 4652 1084 4730 oppositae
1105 4652 1245 4712 tabulae:
1271 4649 1329 4710 nisi
1354 4650 1432 4728 quod
1451 4650 1488 4710 ob
1504 4649 1635 4727 pupillae
1651 4656 1767 4728 etcry-

410 4740 521 4802 stallini
560 4739 815 4819 propinquitatem
851 4741 897 4801 hio
930 4741 1060 4802 nondum
1092 4740 1174 4801 facta
1203 4748 1250 4800 est
1285 4738 1421 4817 plenaria
1453 4737 1642 4809 intersecti03
1676 4754 1767 4816 quare

410 4829 535 4890 confusa
558 4830 656 4890 adbuc
680 4829 789 4890 omnia.
823 4830 858 4889 ln
884 4829 1063 4890 anteriorem
1088 4829 1180 4908 igitur
1203 4825 1391 4907 superficiem
1416 4826 1583 4908 crystallini
1609 4845 1700 4886 conus
1720 4824 1767 4885 hic

410 4917 531 4980 sinister
555 4918 654 4979 lactus
679 4918 812 4978 incidens
845 4918 1026 4995 refriugctur
1058 4939 1163 4979 versus
1192 4936 1297 4978 conum
1329 4924 1459 4985 rectum,
1497 4915 1633 4994 obliquus
1667 4924 1767 4975 tamen

412 5006 600 5067 nibilominus
633 5008 841 5086 crystallinum
874 5008 1001 5086 trajicit,
1026 5017 1170 5087 tantoque
1210 5006 1320 5069 rectius
1351 5004 1489 5083 impingit
1520 5004 1547 5063 in
1580 5002 1768 5082 superficiem

411 5094 633 5176 hyperbolicam
658 5097 835 5179 crystallini,
862 5096 910 5157 ubi
934 5097 1043 5157 iterum
1066 5097 1119 5157 sed
1142 5115 1249 5176 parum
1274 5111 1379 5156 versos
1403 5111 1509 5154 conum
1523 5093 1654 5172 priorem
1669 5093 1767 5154 direc-
