4584 6192
478 610 541 677 138
948 610 1139 673 emmam
1156 610 1182 659 ra
1202 608 1367 659 vinnam.

516 788 569 853 rig.
590 783 632 835 ⁶⁸·
668 788 860 866 Proponatur
895 788 925 849 A
957 788 1053 861 locus,
1095 784 1119 847 0
1149 795 1269 858 uertex,
1310 792 1343 845 ut
1379 781 1435 844 Ac
1477 782 1520 843 sit
1559 782 1646 856 axis3
1689 782 1716 845 is
1758 801 1832 844 cen-

535 884 645 958 „„..„.,c
665 878 853 938 continuetur
876 876 904 937 in
934 884 1039 954 partes
1063 877 1092 937 A
1116 876 1145 935 in
1176 874 1322 937 inlinitum
1350 890 1443 951 usque
1472 882 1526 932 aut
1557 890 1710 951 quousque
1737 890 1832 953 para·

510 961 629 1104 ἈῙΝ
634 999 653 1038 2
666 966 753 1027 bolen
782 965 929 1044 placuerit
957 964 1136 1026 describere.
1183 965 1308 1024 Placeat
1336 980 1429 1040 usque
1457 960 1537 1021 inE
1594 960 1677 1020 Acus
1706 979 1779 1039 ergo
1803 960 1833 1021 iu

559 1109 562 1120 .
626 1059 629 1068 '
666 1056 696 1115 A
719 1055 835 1131 figatur,
861 1055 899 1115 ab
923 1073 960 1114 ea
983 1054 1025 1114 sit
1047 1072 1155 1114 nexum
1185 1054 1265 1113 iilum
1294 1049 1479 1129 longitudine
1507 1047 1575 1121 Ac,
1601 1046 1665 1110 ΟΕ.
1713 1050 1833 1110 Teneas

625 1149 628 1156 ’
667 1162 754 1203 manu
788 1143 884 1203 altera
917 1152 1006 1220 caput
1039 1143 1169 1202 alterum
1200 1142 1241 1202 lili
1269 1141 1310 1212 E,
1349 1139 1447 1199 altera
1484 1137 1641 1215 graphium
1684 1157 1749 1199 cum
1783 1138 1832 1200 iilo

666 1232 792 1292 extende
816 1250 909 1310 usque
933 1233 962 1292 in
987 1229 1021 1292 C.
1069 1229 1118 1291 Sit
1152 1231 1245 1290 etiam
1269 1229 1308 1289 ad
1332 1226 1385 1289 OE
1409 1235 1512 1287 erecta
1541 1227 1833 1305 perpendiculariter

664 1318 733 1391 EF;
760 1320 850 1398 igitur
873 1319 997 1398 graphio
1016 1317 1040 1380 C
1061 1327 1093 1379 et
1107 1339 1196 1379 rnanu
1219 1317 1362 1379 alteraE
1386 1315 1508 1376 discede
1532 1315 1709 1394 aequalibus
1734 1316 1831 1377 inter-

495 1412 515 1451 !
661 1408 748 1468 vallis
772 1408 886 1470 alinea
900 1409 965 1477 ΑΕ,
991 1408 1033 1468 sic
1054 1403 1085 1469 ut
1108 1427 1214 1468 manus
1238 1408 1337 1468 altera
1357 1414 1388 1465 et
1411 1404 1451 1465 lili
1476 1413 1568 1483 caput
1592 1423 1711 1483 semper
1735 1405 1765 1466 in
1779 1403 1833 1465 EF

659 1505 790 1569 maneat,
814 1498 953 1577 filumque
977 1496 1036 1557 DG
1061 1515 1180 1576 semper
1204 1496 1263 1575 ipsi
1286 1495 1343 1555 AB
1368 1492 1551 1572 parallelum
1577 1492 1627 1553 ria
1651 1491 1717 1562 OD,
1742 1512 1831 1572 quam

475 1582 601 1660 graphio
625 1584 802 1660 signaveris,
827 1588 885 1647 erit
908 1586 1063 1665 parabole.

564 1670 633 1731 Diri
659 1673 733 1733 haec
757 1675 794 1734 de
817 1674 1000 1736 sectionibus
1024 1674 1137 1735 conicis
1162 1681 1247 1733 tanto
1273 1669 1428 1743 libentius,
1449 1668 1531 1748 quod
1555 1687 1614 1730 non
1639 1677 1758 1732 tantum
1782 1670 1830 1733 hic

475 1757 620 1819 dimensio
644 1762 856 1824 refractionum
880 1764 910 1825 id
935 1764 1114 1842 requirebat,
1140 1762 1193 1821 sed
1218 1761 1310 1821 etiam
1332 1758 1411 1820 infra
1434 1756 1463 1818 in
1493 1767 1632 1818 anatome
1657 1760 1734 1821 oculi
1759 1780 1831 1821 usus

477 1865 578 1908 earum
604 1851 771 1928 apparebit.
818 1852 893 1913 Turn
917 1851 1008 1912 etiam
1033 1853 1109 1913 inter
1137 1850 1327 1929 problemata
1357 1846 1565 1907 observatoris
1593 1847 1703 1909 mentio
1728 1868 1831 1910 earum

473 1933 532 1996 erit
563 1937 703 1999 facienda
733 1940 848 2001 duobus
879 1940 964 2003 locis.
1011 1940 1147 2017 Denique
1172 1940 1210 1999 ad
1242 1934 1507 2017 praestantissima
1537 1935 1639 2015 optica
1671 1938 1829 2000 machina-

472 2033 586 2096 menta,
612 2027 650 2086 ad
673 2028 820 2106 pensilem
840 2030 869 2090 in
885 2037 955 2091 aere
980 2029 1173 2090 statuendam
1193 2028 1363 2104 imaginem¹
1390 2024 1427 2085 ad
1448 2024 1593 2102 imagines
1616 2026 1829 2104 proportiona-

473 2112 542 2175 liter
566 2115 731 2193 augeudas,
756 2118 793 2176 ad
815 2118 899 2196 ignes
924 2118 1136 2191 incendendos,
1162 2118 1200 2177 ad
1220 2117 1333 2177 infinite
1358 2114 1601 2185 comburendum,
1624 2114 1829 2177 consideratio

472 2220 573 2263 earum
597 2205 686 2282 plane
711 2215 760 2266 est
782 2207 963 2270 necessaria.

568 2342 599 2407 5.
632 2343 817 2414 Quodnam
842 2367 955 2425 genus
984 2346 1236 2427 quantitatum
1266 2343 1519 2406 retractiones
1544 2343 1733 2405 metiatur.

559 2467 593 2528 In
627 2470 747 2530 conicas
781 2470 933 2533 sectiones
963 2472 1077 2550 optima
1114 2469 1255 2532 methodo
1288 2469 1468 2533 incideram:
1503 2479 1536 2530 at
1568 2469 1699 2530 nondum
1732 2468 1831 2530 omnis

470 2556 641 2635 ambigendi
675 2578 768 2620 causa
797 2568 863 2620 erat
895 2561 1027 2622 sublata.
1080 2559 1200 2622 Etenim
1234 2579 1299 2620 curn
1332 2560 1394 2622 siut
1425 2559 1512 2620 uobis
1541 2558 1579 2619 ad
1613 2556 1830 2619 dimetiendum

470 2644 645 2723 propositae
676 2646 809 2707 infinitae
842 2650 1006 2711 mediorum
1037 2651 1156 2728 species
1187 2648 1339 2709 densitate
1373 2649 1565 2721 differentes,
1599 2647 1638 2708 ab
1671 2666 1718 2720 ea,
1753 2665 1832 2725 quae

471 2732 605 2794 infinitae
637 2734 799 2796 densitatis
831 2739 978 2799 rationem
1014 2739 1124 2800 habere
1154 2737 1287 2815 lingitur,
1321 2757 1414 2817 usque
1447 2737 1486 2797 ad
1519 2755 1601 2810 eam,
1635 2754 1711 2814 quae
1739 2735 1831 2813 plane

470 2821 582 2882 nullam
607 2823 700 2884 habet
723 2824 920 2888 densitatem:
946 2828 987 2889 sit
1009 2846 1080 2889 vero
1104 2828 1133 2888 iu
1159 2826 1408 2888 antecedentibus
1432 2827 1682 2899 demonstratum,
1713 2822 1831 2884 diruen-

469 2910 584 2972 sionem
619 2912 794 2991 angulorum
828 2916 1019 2977 retractionis
1051 2935 1103 2995 per
1137 2916 1273 2976 diversas
1304 2916 1378 2977 lueis
1411 2914 1591 2975 incidentiae
1625 2913 1655 2974 iu
1688 2912 1832 2974 densiora

471 2999 571 3060 media
603 3001 766 3079 petendam
799 3023 866 3064 esse
901 3005 1057 3084 (analogia
1089 3005 1254 3073 invitant-e)
1287 3004 1325 3064 ab
1359 3004 1478 3083 angulis
1512 3020 1743 3082 repercussuum
1776 3020 1832 3081 per

470 3088 609 3150 diversas
634 3090 709 3151 lucis
734 3091 914 3153 incidentias
938 3094 967 3155 in
992 3112 1126 3171 concava
1149 3093 1292 3171 specula:
1318 3094 1445 3154 alterum
1465 3091 1584 3172 quidem
1608 3098 1777 3152 extremum
1801 3091 1831 3152 iu

469 3178 611 3256 analogia
646 3179 720 3239 bene
756 3182 937 3259 quadrabat,
971 3184 1100 3244 medium
1132 3200 1237 3260 nempe
1270 3182 1481 3243 densissimum
1511 3181 1549 3241 ad
1580 3181 1672 3241 situm
1700 3178 1777 3241 lueis
1801 3179 1831 3242 iu

470 3267 537 3326 theo
561 3267 744 3344 parabolas:
769 3280 930 3349 propterea
954 3272 1046 3350 quod,
1081 3272 1167 3333 utin
1192 3270 1371 3331 densissimo
1402 3269 1479 3331 radii
1503 3278 1573 3348 post
1606 3268 1830 3341 refractionem,

470 3354 514 3414 sic
540 3355 589 3432 qui
614 3375 651 3416 ex
677 3357 743 3417 loco
767 3360 929 3436 parabolas
952 3368 1023 3439 post
1047 3379 1255 3438 repercussum
1278 3360 1416 3437 paralleli
1440 3360 1524 3419 liunt.
1686 3431 1690 3435 ,

561 3444 605 3504 At
629 3445 665 3504 de
695 3448 928 3510 succedentibus
962 3450 1064 3510 ordine
1097 3448 1205 3509 nrediis
1233 3447 1330 3509 mirms
1359 3448 1460 3509 densis
1493 3448 1621 3508 nondum
1655 3446 1829 3520 constabat,

472 3549 612 3609 quorsum
647 3543 750 3594 esseut
782 3538 1052 3610 accommodanda,
1089 3548 1186 3599 utrum
1212 3538 1249 3597 ad
1285 3537 1420 3598 diversos
1451 3537 1526 3597 lucis
1559 3536 1635 3596 situs
1659 3533 1688 3595 iu
1722 3537 1830 3596 eadem

471 3620 618 3697 parabola
642 3622 722 3684 infra
746 3624 857 3697 iocum,
889 3627 932 3687 sic
956 3636 990 3687 ut
1013 3627 1156 3695 medium,
1190 3626 1220 3687 in
1244 3644 1301 3705 quo
1326 3627 1408 3686 nulla
1430 3626 1464 3687 fit
1488 3624 1645 3697 refractio,
1677 3624 1832 3701 pertineat

471 3709 510 3768 ad
536 3709 626 3770 situm
653 3711 728 3772 lucis
752 3713 780 3773 iu
798 3715 864 3793 ipsa
883 3734 959 3775 cara
982 3717 1137 3795 superlicie
1158 3735 1211 3776 seu
1234 3716 1347 3776 vertice
1370 3715 1547 3794 paraboles:
1573 3732 1611 3774 an
1627 3732 1698 3773 vero
1718 3713 1829 3791 potius,

469 3798 541 3876 quia
565 3800 710 3876 parabole
731 3811 778 3862 est
803 3813 937 3864 extrema
956 3823 1021 3865 cum
1046 3805 1276 3884 hyperbolarum
1296 3814 1360 3864 tum
1380 3803 1537 3883 ellipsium,
1561 3801 1661 3863 rnedia
1684 3802 1830 3879 gradibus

469 3907 488 3946 a
511 3887 692 3949 densissimo
727 3890 910 3966 differentia,
944 3894 992 3954 rel
1017 3894 1055 3953 ad
1087 3893 1189 3954 varias
1222 3894 1403 3973 hyperbolae
1432 3892 1480 3953 vel
1505 3892 1542 3951 ad
1571 3890 1671 3951 traaas
1705 3889 1830 3970 ellipses

468 3978 736 4051 accommodanda,
773 3982 816 4041 sie
842 3991 873 4040 ut
897 4002 1015 4061 semper
1046 3992 1169 4043 maneat
1192 3982 1273 4042 situs·
1302 3982 1377 4043 lucis
1400 3982 1430 4042 in
1460 3981 1526 4042 foco
1560 3980 1712 4041 sectionis.
1761 3978 1829 4050 Quo

467 4073 557 4142 pacto
590 4065 687 4127 medio
712 4068 754 4128 illi
785 4070 862 4148 quod
896 4071 1077 4132 refractione
1114 4080 1198 4132 caret
1227 4071 1288 4132 illie
1322 4079 1407 4132 recta
1435 4090 1486 4131 seu
1519 4071 1640 4149 planum
1674 4071 1830 4147 speculum

468 4153 636 4228 deberetur,
657 4156 705 4216 hic
720 4158 912 4234 sphaericum
932 4179 1105 4221 concavum.
1146 4158 1248 4230 Quare
1268 4180 1326 4221 non
1343 4160 1524 4220 intentatum
1544 4157 1650 4236 reliqui
1669 4156 1829 4236 inquirere,

468 4260 507 4302 au
531 4243 654 4304 cuilibet
678 4246 775 4306 medio
800 4267 855 4308 sua
878 4257 962 4310 esset
984 4248 1157 4330 hyperbole.
1195 4250 1274 4310 Nam
1298 4248 1324 4309 si
1348 4249 1415 4309 loca
1438 4249 1601 4326 imaginum
1620 4246 1649 4307 in
1674 4267 1754 4327 aqua
1777 4265 1830 4326 per

467 4348 570 4390 omnes
604 4332 813 4396 inclinationes
839 4339 957 4415 punctis
992 4338 1109 4417 signes,
1145 4337 1372 4399 adumbrabitur
1400 4337 1615 4416 propemodum
1650 4335 1826 4415 hyperbole,

468 4419 546 4496 quod
570 4419 656 4481 fidem
679 4433 779 4502 auget.
817 4425 956 4504 Exempli
981 4426 1082 4505 itaque
1107 4446 1201 4487 causa
1224 4444 1277 4503 pro
1303 4425 1534 4487 refractionibus
1564 4444 1660 4503 aquae
1693 4433 1830 4486 sumatur

461 4505 496 4566 in
521 4507 715 4571 inclinatione
735 4508 797 4574 80⁰
812 4516 954 4575 retractio
976 4512 1043 4588 30⁰,
1064 4516 1213 4575 refractus
1234 4512 1540 4577 50⁰exvite1110ne.
1576 4512 1618 4573 Et
1637 4512 1678 4573 sit
1694 4520 1762 4586 (rig.
1783 4518 1829 4582 tlt)

467 4595 492 4656 B
517 4597 611 4673 focus,
635 4600 666 4660 A
689 4602 866 4679 oppositus:
892 4604 930 4664 ad
955 4613 1097 4682 punctum
1116 4605 1152 4677 B,
1179 4604 1288 4664 lineam
1312 4603 1369 4664 BA
1393 4603 1522 4681 angulus
1541 4597 1603 4665 80⁰
1626 4611 1828 4679 comparetur,

467 4686 516 4762 qui
541 4688 582 4747 sit
606 4686 700 4749 CBA.
749 4690 799 4751 Sic
825 4692 862 4751 ad
886 4703 1029 4770 punctum
1055 4694 1098 4763 A,
1130 4693 1240 4753 lineam
1264 4693 1321 4753 AB
1353 4693 1480 4770 angulus
1510 4691 1658 4751 refractus
1683 4686 1754 4763 50⁰,
1780 4692 1830 4770 qui

467 4774 509 4834 sit
533 4774 626 4849 CAB,
658 4785 689 4837 et
712 4785 821 4839 coeant
844 4779 912 4853 AC,
937 4779 991 4842 BC
1016 4782 1045 4842 in
1071 4779 1106 4842 Ο.
1156 4780 1231 4843 Curn
1257 4800 1328 4858 ergo
1359 4781 1400 4841 sit
1423 4781 1449 4840 B
1474 4777 1536 4842 80ο
1566 4788 1597 4840 et
1619 4780 1649 4840 A
1674 4774 1745 4852 50⁰,
1772 4780 1831 4841 erit

466 4871 498 4922 et
522 4865 660 4926 residuus
685 4864 710 4927 0
735 4865 795 4929 50⁰
818 4876 850 4929 et
873 4870 944 4942 AB,
969 4868 1022 4931 BC
1056 4871 1208 4948 aequales.
1258 4868 1359 4940 Quare
1389 4869 1414 4928 si
1439 4868 1494 4929 AB
1525 4869 1566 4929 sit
1593 4865 1737 4940 100000,
1772 4868 1832 4930 erit

466 4949 522 5012 Ac
550 4950 690 5016 128558.
737 4955 796 5016 Est
820 4976 889 5018 vero
921 4967 953 5018 et
975 4959 1029 5020 BC
1058 4956 1203 5028 100000,
1235 4978 1378 5019 excessus
1407 4977 1478 5036 ergo
1502 4954 1559 5018 AC
1588 4975 1679 5035 super
1702 4954 1757 5018 BC
1781 4966 1831 5018 est

467 5036 586 5103 28558.
635 5042 692 5103 Est
716 5062 786 5121 ergo
812 5044 922 5109 28558
946 5066 999 5125 per
1022 5048 1076 5121 ΙΙΙ,
1103 5046 1155 5109 51.
1181 5047 1336 5131 Apollonii
1365 5046 1446 5107 linea
1469 5046 1548 5107 inter
1576 5046 1707 5106 vertices
1731 5065 1830 5125 oppo-

467 5128 591 5240 sitarum
620 5131 787 5195 sectionum
809 5153 864 5195 seu
888 5135 954 5198 auis
974 5134 1039 5198 DE.
1086 5138 1182 5197 Aufer
1206 5136 1262 5198 DE
1286 5132 1395 5218 28558
1419 5135 1457 5197 ab
1480 5134 1537 5196 AB
1563 5130 1705 5209 100000,
1729 5141 1832 5197 restat
