4584 6192
576 598 618 666 18
990 604 1091 656 nram
1109 586 1216 671 ripum
1233 606 1384 674 mamque
1402 616 1504 662 maa

580 793 697 857 papyro
722 776 866 840 inclinato
890 788 1159 861 essetsupremum
1184 786 1261 847 radii
1284 794 1441 865 punctum,
1465 789 1595 852 Bimum
1613 800 1774 870 punctum,
1798 790 1937 875 Gpuuc·

575 871 637 925 turn
652 864 922 941 circumferentiae,
946 869 998 931 ubi
1012 871 1099 933 Luna
1123 872 1250 953 denique
1268 875 1354 938 exiit.
1387 876 1488 940 Desiit
1500 881 1592 958 paulo
1606 891 1677 960 post
1695 878 1787 963 ¹2'is·
1820 881 1935 947 Statius

1203 994 1258 1060 rig.
1278 991 1303 1046 ³.

850 1362 932 1416 31)
1768 1336 1799 1392 Α

786 1526 810 1577 l
849 1528 872 1577 B
901 1529 922 1577 1⁸

720 1583 1451 1645 ’‘a-a--or-*m*
1504 1611 1532 1646 a
1621 1571 1790 1622 ·--A

572 1746 667 1807 paruo
692 1729 860 1807 quadrante
885 1727 951 1807 cepi
975 1724 1152 1788 distantiam
1176 1721 1257 1787 Solis
1281 1744 1300 1785 a
1322 1724 1436 1786 vertice
1451 1719 1582 1798 53050‘,
1607 1746 1644 1787 ex
1667 1746 1724 1808 quo
1747 1726 1933 1814 horologium

571 1823 652 1878 retro
676 1816 871 1879 obseruatum
895 1813 1024 1876 correxi.
1057 1814 1125 1877 Nou
1150 1833 1215 1874 sum
1238 1812 1267 1873 in
1291 1812 1348 1874 hoc
1372 1813 1475 1875 falsus.
1511 1812 1593 1876 Nam
1616 1834 1653 1875 ex
1668 1817 1777 1879 ceteris
1801 1815 1822 1883 9
1845 1821 1933 1900 primi

572 1903 689 1964 habent
711 1905 894 1984 particulam
909 1904 1014 1965 Lunae
1029 1902 1110 1964 ultra
1133 1900 1274 1963 circulum
1296 1899 1473 1963 verticalem
1496 1910 1684 1981 protensam,
1709 1905 1831 1986 reliquis
1844 1909 1934 1972 Luna

573 1992 671 2055 altero
696 1993 833 2072 margine
858 1992 966 2053 incidit
988 1991 1019 2052 in
1043 1990 1140 2070 ipsum
1156 1989 1346 2063 verticulum,
1371 1989 1439 2050 inde
1453 1990 1609 2069 paullatim
1626 1991 1772 2056 diminuta
1786 1995 1933 2060 subtensn

573 2081 784 2158 portiunculae
799 2079 944 2153 Lunaris,
971 2098 1046 2158 quae
1062 2078 1117 2138 sub
1133 2076 1206 2140 Sole
1221 2086 1296 2151 erat,
1321 2078 1349 2139 in
1374 2087 1515 2157 punctum
1531 2077 1556 2141 C
1572 2079 1672 2140 desiit.
1705 2082 1811 2163 ltaque
1839 2085 1932 2150 talem

570 2168 693 2230 institui
717 2168 1015 2230 demonstrationem.
1052 2166 1133 2227 Duri
1158 2166 1267 2228 lineam
1292 2166 1329 2226 ab
1353 2166 1384 2229 A
1408 2166 1436 2227 in
1457 2165 1493 2226 B.
1524 2166 1603 2229 Iluic
1627 2186 1664 2228 ex
1688 2166 1713 2231 C
1737 2170 1845 2236 demisi
1859 2193 1931 2254 per-

569 2256 815 2337 pendicularem,
850 2257 964 2336 hasque
998 2274 1064 2316 sum
1095 2273 1155 2314 una
1183 2274 1323 2315 mensura
1347 2253 1508 2315 dimensus.
1554 2255 1625 2317 Jarn
1648 2257 1703 2318 fiat
1725 2260 1857 2324 schema.
1904 2261 1931 2326 Ε

568 3443 717 3518 toramen,
744 3446 800 3508 AB
824 3443 998 3526 prolongati
1023 3442 1099 3504 radii
1122 3440 1271 3501 diameter
1293 3438 1322 3499 in
1347 3446 1431 3499 certa
1453 3457 1594 3501 mensura
1613 3440 1749 3520 cognita,
1774 3440 1927 3519 quaeritur

567 3531 623 3593 BD
647 3534 677 3595 in
700 3536 756 3596 illa
779 3536 847 3614 ipsa
869 3552 1020 3596 mensura.
1067 3527 1142 3591 Cum
1167 3528 1244 3589 enim
1278 3529 1306 3588 in
1330 3527 1386 3588 tali
1409 3528 1595 3607 projectione
1618 3535 1735 3590 tautum
1759 3528 1830 3590 illae
1852 3547 1927 3609 pro-

568 3620 729 3701 longentur
753 3624 909 3696 diametri,
943 3639 1019 3702 quae
1040 3623 1062 3679 'a
1085 3616 1230 3695 superiori
1258 3617 1296 3676 ad
1321 3616 1490 3677 inferiorem
1516 3625 1635 3695 partem
1659 3618 1821 3691 ducantur,
1854 3618 1926 3680 illae

565 3727 654 3783 uero,
680 3728 758 3790 quae
776 3713 918 3773 adextra
941 3710 980 3771 ad
995 3706 1149 3769 sinistram
1168 3707 1258 3785 plnno
1276 3704 1452 3783 parallelae,
1477 3713 1621 3775 maneant
1642 3705 1843 3784 incorruptae,
1867 3706 1926 3768 nisi

566 3798 646 3876 quod
665 3817 725 3859 uua
739 3799 802 3861 alia
816 3798 960 3861 remotius
974 3795 1099 3868 incidit;
1123 3794 1166 3855 sit
1182 3809 1254 3854 rero
1270 3791 1295 3854 G
1310 3792 1523 3872 propemodum
1538 3793 1637 3855 intimo
1652 3794 1718 3855 loco
1736 3794 1823 3864 radii,
1847 3795 1924 3856 aden

564 3893 601 3946 ut
623 3888 703 3946 linea
726 3906 764 3948 ex
790 3886 815 3949 C
838 3883 1095 3966 perpendicularis
1116 3882 1226 3961 exiguo
1249 3881 1410 3942 admodum
1434 3881 1636 3944 extendatur:
1666 3882 1734 3943 ideo
1758 3882 1830 3944 duxi
1852 3883 1924 3945 mihi

565 3972 809 4054 investigandam
833 3994 901 4036 esse
924 3974 981 4035 BD
1004 3971 1282 4051 perpendicularem
1306 3969 1389 4031 radio
1413 3969 1486 4044 EA,
1509 3969 1580 4044 ΕΒ,
1614 3970 1679 4031 sive
1702 3971 1804 4050 potius
1826 3969 1923 4033 inter-

565 4061 673 4124 medio.
721 4061 784 4124 Sed
807 4062 978 4124 differentia
1000 4059 1110 4138 exigua
1132 4067 1190 4123 est
1238 4057 1315 4120 Cum
1339 4076 1411 4136 ergo
1434 4058 1562 4138 angulus
1585 4058 1674 4121 BDA
1696 4060 1739 4122 sit
1761 4078 1923 4140 propemo-

567 4149 636 4209 dum
660 4157 775 4221 rectus‚
801 4158 834 4211 et
856 4151 943 4212 DAB
967 4169 1006 4210 ex
1029 4148 1188 4210 altitudine
1212 4146 1293 4210 Solis
1317 4147 1456 4225 cognitus
1479 4158 1511 4208 et
1532 4146 1621 4208 DBA
1646 4149 1798 4223 residuus,
1832 4148 1923 4211 datur

565 4255 637 4314 ergo
660 4237 717 4297 BD
740 4239 770 4299 iu
795 4258 834 4299 ea
856 4257 1011 4311 mensura,
1043 4236 1073 4297 in
1107 4255 1167 4315 qua
1197 4236 1290 4297 scitur
1311 4234 1381 4296 BA.
1427 4236 1534 4313 ltaque
1567 4254 1634 4298 cum
1667 4244 1759 4298 autea
1780 4255 1820 4298 ex
1843 4235 1869 4299 C
1892 4237 1923 4299 iu

565 4325 622 4385 AB
647 4323 782 4387 duxerim
806 4336 921 4387 rectam
945 4334 1062 4396 uotam,
1086 4324 1170 4387 illam
1194 4324 1294 4403 cogito
1313 4324 1376 4402 jam
1401 4325 1440 4384 ad
1462 4324 1520 4385 Bl)
1543 4324 1682 4398 ductam,
1712 4326 1851 4405 quamvis
1875 4326 1923 4388 hic

564 4411 591 4472 si
615 4411 659 4472 ita
683 4413 853 4488 duceretur,
888 4415 998 4494 exiguo
1027 4414 1187 4475 admodum
1215 4411 1336 4473 brevior
1358 4422 1450 4474 esset.
1496 4414 1603 4491 ltaque
1626 4414 1779 4493 proportio
1803 4413 1860 4476 Du
1883 4414 1922 4476 ad

565 4497 618 4561 CF
641 4502 763 4579 cognita
786 4511 835 4563 est
859 4502 980 4581 (fig.5).
1015 4504 1060 4564 At
1081 4502 1137 4562 DB
1162 4508 1211 4561 est
1233 4500 1382 4561 diameter
1404 4500 1500 4575 Solis,
1525 4520 1614 4582 quam
1637 4501 1771 4565 delineat
1793 4502 1922 4566 circulus

563 4589 731 4664 verticalis,
757 4598 789 4652 et
804 4590 829 4652 C
844 4599 985 4669 punctum
1001 4587 1269 4659 circumferentiae,
1294 4587 1345 4649 ubi
1358 4587 1446 4650 Luna
1470 4591 1564 4651 exirit
1587 4590 1716 4669 penitus.
1762 4590 1846 4670 Ergo
1870 4589 1922 4654 CF

563 4684 612 4738 est
634 4676 717 4738 sinus
742 4698 829 4740 arcus
853 4677 1064 4741 declinationis
1079 4678 1184 4738 Lunae
1208 4696 1227 4736 a
1250 4675 1397 4739 verticali.
1433 4677 1504 4739 Etsi
1526 4696 1599 4740 vern
1622 4678 1741 4760 operari
1765 4698 1804 4740 ex
1823 4697 1920 4760 punc-

564 4765 604 4826 tis
637 4765 703 4843 ipse
736 4776 841 4844 potes,
877 4776 976 4828 tamen
1009 4764 1158 4825 ascribam
1191 4784 1288 4825 meum
1316 4765 1472 4827 calculum.
1518 4766 1710 4844 Deprehendi
1733 4762 1789 4830 BC
1818 4786 1919 4831 arcum

563 4849 625 4916 23⁰
650 4853 702 4914 17‘
728 4863 759 4914 et
782 4864 985 4917 consonanter
1009 4854 1038 4913 in
1063 4853 1228 4913 schematis
1251 4853 1399 4931 prioribus
1431 4872 1548 4932 semper
1578 4855 1735 4923 minorem,
1768 4857 1862 4919 etiam
1888 4855 1917 4916 in

563 4940 701 5002 rotundis
725 4942 905 5017 schematis,
939 4941 989 5003 ubi
1019 4939 1124 5021 papyri
1154 4941 1309 5020 longitudo
1340 4943 1431 5021 plano
1460 4943 1715 5022 perpendicularis
1742 4945 1918 5007 verticaleru

562 5031 816 5107 repraesentavit.
851 5028 968 5108 Collegi
984 5038 1085 5091 autem
1100 5047 1138 5089 ex
1161 5030 1319 5091 altitudine
1344 5027 1384 5106 Θ
1409 5031 1490 5093 finali
1514 5027 1646 5095 53050‘
1668 5031 1774 5094 horam
1801 5030 1917 5097 1238‘

564 5117 812 5198 (praesupposita
834 5116 894 5198 poli
919 5117 1078 5179 altitudine
1101 5112 1164 5178 41⁰
1190 5115 1254 5192 10³)
1279 5136 1369 5198 quana
1392 5119 1483 5193 bene,
1506 5120 1618 5183 nescio.
1664 5121 1772 5206 Itaque
1795 5121 1826 5186 in
1849 5133 1917 5192 ortu
