4584 6192
582 618 646 686 646
771 681 773 690 Ι
926 577 930 587 ¹
1057 615 1095 666 De
1115 615 1192 666 Stella
1210 614 1282 665 Nora
1300 614 1451 680 Serpantarii

667 797 816 860 Rationes
840 795 957 876 quidem
981 793 1137 875 speciosae
1162 801 1240 867 snut,
1265 800 1460 853 veruntamen
1483 793 1576 854 semel
1595 793 1662 872 jam
1676 796 1849 874 patefacto
1868 797 1950 860 aditu

581 890 621 951 ad
643 887 816 950 interiorem
839 882 1067 965 philosophiam,
1094 882 1235 945 tenebras
1259 882 1386 961 amplius
1410 881 1509 943 facere
1534 901 1591 943 non
1610 892 1765 962 poterunt
1786 888 1947 965 experien-

578 978 655 1051 tiae,
681 976 708 1038 si
731 975 767 1037 de
791 973 844 1035 illa
867 979 995 1034 constet.
1041 972 1162 1033 Etenim
1186 972 1212 1033 si
1234 970 1418 1049 conjunctio,
1447 971 1474 1032 si
1497 971 1598 1032 sidera
1620 990 1678 1050 per
1702 992 1777 1035 eam
1804 976 1947 1054 copulata

578 1066 646 1147 ipsa
669 1085 727 1127 non
751 1063 900 1124 sustinent
922 1062 978 1123 hoc
1002 1081 1075 1121 onus
1099 1061 1227 1122 actionis
1251 1060 1279 1120 in
1304 1060 1478 1121 sublunaria
1499 1078 1553 1139 per
1577 1061 1833 1140 conjunctionem
1858 1066 1946 1127 robo-

577 1165 679 1218 ratae:
704 1153 796 1215 multo
819 1152 916 1211 minus
938 1150 1106 1229 lingendum
1131 1159 1191 1222 est,
1221 1149 1299 1210 hanc
1322 1149 1382 1209 vim
1406 1148 1442 1209 de
1466 1149 1641 1229 corporibus
1663 1150 1874 1229 planetarum
1897 1173 1946 1215 seu

577 1245 608 1307 in
632 1261 738 1323 corpus
762 1240 908 1320 sphaerae
932 1240 1055 1300 lixarum
1084 1260 1136 1301 seu
1159 1238 1189 1299 in
1213 1257 1271 1300 non
1295 1256 1402 1317 corpus
1425 1238 1598 1299 transferri:
1633 1240 1690 1301 sed
1723 1240 1809 1303 baec
1833 1261 1945 1323 qnoque

577 1333 637 1407 vis,
672 1350 759 1412 qnam
792 1350 811 1390 a
843 1328 1049 1407 conjunctione
1082 1327 1167 1408 quasi
1200 1328 1329 1388 infusam
1360 1327 1484 1388 finarum
1516 1327 1665 1405 sphaerae
1701 1331 1943 1406 consideramus,

578 1420 732 1484 constabit
760 1418 971 1497 impressione,
1006 1436 1082 1497 quae
1111 1415 1146 1478 fit
1177 1417 1367 1477 innatorum
1397 1417 1588 1478 sublunarem
1621 1418 1755 1497 ejusque
1783 1420 1944 1482 facultates

498 1565 503 1572 .
578 1511 711 1584 divinas,
748 1526 803 1587 per
836 1525 868 1567 se
892 1508 974 1586 ipsas
1004 1508 1100 1580 facta;
1138 1524 1193 1567 nec
1226 1506 1382 1586 quicquam
1405 1508 1540 1568 conferet
1571 1506 1630 1568 huc
1669 1507 1798 1569 coelum
1829 1519 1944 1590 praeter

576 1600 685 1662 undum
710 1597 868 1677 objectum.

665 1685 753 1758 Quod
777 1684 992 1763 experientiam
1017 1683 1142 1755 attinet,
1173 1683 1292 1763 jactare
1316 1681 1434 1762 quidem
1458 1702 1515 1744 non
1540 1697 1683 1761 possum,
1720 1704 1776 1746 me
1802 1686 1870 1749 sine
1892 1688 1941 1749 de-

576 1777 723 1858 ceptionis
747 1774 916 1853 suspicione
940 1792 1067 1852 unquam
1092 1772 1253 1851 probasse,
1288 1772 1346 1831 vim
1380 1773 1528 1850 quandam
1551 1772 1591 1832 ad
1615 1780 1742 1852 tempus
1768 1793 1940 1855 permanere

576 1868 642 1930 loco
667 1882 863 1944 congressus:
897 1870 930 1922 at
953 1862 1085 1924 vicissim
1110 1863 1189 1923 aliud
1214 1861 1364 1941 quippiam
1389 1861 1571 1940 deprehendi
1595 1861 1800 1941 frequenter,
1830 1884 1939 1946 exque

576 1956 668 2018 etiam
692 1955 728 2015 de
752 1953 808 2014 hoc
832 1970 885 2031 per
908 1951 1079 2030 analogiam
1096 1951 1295 2031 persuadeor.
1342 1950 1401 2011 Est
1424 1959 1524 2011 autem
1547 1950 1614 2024 hoc,
1638 1952 1724 2030 quod
1746 1956 1938 2017 nascentibus

577 2043 656 2120 utils,
680 2042 858 2123 praesertim
882 2039 1102 2120 primogenitis,
1127 2041 1267 2119 planetae
1290 2041 1420 2117 itemque
1444 2050 1527 2101 ortus
1547 2048 1578 2100 et
1593 2038 1745 2103 meridies
1770 2044 1938 2125 plerumque

575 2140 749 2197 statuuntur
772 2131 801 2192 in
825 2130 862 2191 iis
885 2130 1001 2190 zodiaci
1024 2130 1098 2191 locis
1113 2130 1281 2190 locorumve
1297 2128 1451 2207 quadratis
1475 2137 1507 2189 et
1529 2129 1691 2207 oppositis,
1718 2150 1802 2211 quae
1829 2133 1939 2197 fuerunt

574 2222 604 2285 in
628 2220 732 2302 genesi
754 2220 865 2300 patris,
889 2218 1048 2299 praecipue
1071 2236 1142 2279 vero
1166 2217 1271 2279 matris
1296 2217 1442 2296 insiguia;
1466 2228 1668 2297 aspectusque
1690 2230 1752 2281 ant
1775 2221 1871 2284 iidem
1893 2230 1938 2283 aut

574 2311 689 2374 similes
713 2309 899 2388 contingunt,
925 2317 1067 2387 qnantum
1092 2308 1156 2385 ejus
1182 2307 1260 2368 iutra
1283 2306 1414 2386 spatium
1438 2307 1552 2368 dierum
1578 2302 1619 2368 tt
1643 2310 1752 2386 partui
1778 2311 1937 2374 vicinorum

573 2419 629 2483 per
649 2399 837 2462 celeritatem
862 2398 1018 2459 stellarum
1042 2397 1104 2457 lieri
1119 2404 1232 2475 potest.
1273 2395 1380 2457 Dicam
1397 2397 1572 2476 exemplum,
1598 2398 1657 2458 etsi
1678 2398 1761 2460 hora
1778 2399 1935 2480 incognita

572 2492 651 2553 inter
673 2487 857 2551 Fridericum
881 2486 922 2549 II.
947 2485 1150 2547 Romanorum
1173 2486 1389 2564 Imperatorem
1413 2486 1535 2565 ejusque
1559 2498 1703 2565 nepotem
1723 2487 1935 2551 Conradinnm

571 2578 672 2642 Natus
696 2586 746 2639 est
767 2595 861 2656 nepos
886 2595 963 2636 anno
993 2572 1083 2637 1252.
1109 2570 1139 2635 8.
1162 2573 1228 2636 Cal.
1250 2574 1387 2653 Apriles:
1411 2584 1482 2636 tunc
1506 2575 1562 2636 fuit
1586 2572 1627 2651 Θ
1653 2595 1725 2638 cum
1749 2578 1783 2652 ll
1809 2588 1844 2641 et
1866 2580 1890 2652 Ω
1909 2579 1934 2639 in

575 2663 638 2731 130
660 2666 705 2745 Υ,
730 2667 752 2736 d
775 2666 805 2728 in
833 2661 896 2727 150
918 2663 962 2741 Υ,
987 2658 1156 2733 ern-20⁰
1178 2678 1220 2737 eo,
1244 2664 1270 2733 h
1298 2664 1324 2723 in
1348 2660 1410 2726 180
1432 2669 1475 2738 5,
1500 2660 1705 2742 histem.
1756 2670 1851 2730 Avus
1874 2686 1933 2729 rem

573 2755 746 2837 perhibetur
769 2762 857 2815 natus
882 2773 958 2814 anno
985 2750 1080 2817 1193.
1106 2748 1158 2814 26.
1183 2754 1258 2814 Dec.
1305 2753 1388 2813 'func
1413 2750 1452 2829 Θ
1473 2754 1503 2814 iu
1531 2749 1653 2829 1305,
1680 2757 1705 2830 Q
1731 2766 1765 2817 et
1785 2759 1814 2829 J
1832 2760 1863 2819 iu
1879 2752 1932 2820 17·

571 2849 615 2923 ᾖ,
640 2852 666 2915 d
694 2844 723 2907 in
751 2838 809 2907 18⁰
830 2853 892 2913 Ω,
916 2839 936 2921 ij
957 2841 988 2903 in
1014 2839 1074 2905 30⁰
1097 2848 1137 2914 ,a
1184 2842 1281 2903 Vides
1305 2842 1410 2904 miram
1434 2843 1659 2921 congruentiam
1693 2862 1753 2924 per
1788 2848 1931 2928 quadran·

572 2936 673 3015 gulos,
698 2933 853 3013 oppositos
877 2941 908 2995 et
930 2931 1132 3016 identitatem.

664 3022 716 3085 Sic
740 3021 916 3084 natussum
940 3020 1016 3100 Ego,
1040 3040 1107 3082 cnm
1130 3022 1236 3083 Lunae
1264 3028 1457 3099 superessent
1484 3020 1523 3081 ad
1546 3018 1629 3081 Solis
1653 3023 1840 3101 oppositum
1861 3018 1929 3086 40⁸:

571 3112 769 3197 primogenito
793 3131 857 3173 meo
882 3112 1057 3172 tantundem
1081 3111 1169 3173 Luna
1192 3110 1324 3171 habebat
1346 3109 1385 3170 ad
1415 3128 1522 3188 corpus
1547 3108 1645 3170 Solis:
1678 3114 1842 3175 secundae
1869 3123 1927 3174 tau·

572 3205 694 3267 tundem
717 3203 805 3263 Luna
834 3200 989 3280 superavit
1013 3199 1093 3261 Solis
1122 3199 1308 3279 oppositum:
1338 3207 1444 3279 quarto
1477 3193 1538 3261 38⁰
1560 3199 1649 3259 Luna
1673 3201 1792 3262 aberat
1823 3223 1844 3264 a
1860 3201 1927 3263 Solis

572 3292 726 3374 opposito:
757 3291 866 3352 tertiae
898 3308 954 3350 uon
988 3291 1082 3351 multo
1121 3289 1222 3363 aliter,
1267 3289 1364 3350 abfuit
1396 3289 1474 3349 enim
1507 3287 1593 3350 Luna
1625 3308 1644 3348 a
1675 3288 1766 3351 Solis
1802 3291 1925 3372 opposito

572 3391 694 3463 praeter
716 3375 782 3443 40⁰
808 3397 896 3440 unum
928 3378 1047 3457 insuper
1071 3378 1206 3440 diurnum
1224 3378 1333 3439 ·Lunae
1356 3385 1482 3453 motum,
1518 3376 1636 3438 scilicet
1668 3379 1774 3457 pridie
1807 3381 1924 3443 medita·

572 3470 659 3532 batur
682 3468 810 3550 prodire.
859 3468 958 3529 Taceo
982 3476 1084 3541 cetera
1107 3462 1364 3546 congruentia.¹³)

659 3560 727 3621 uon
752 3559 826 3619 haec
851 3557 926 3632 dico,
951 3557 1029 3636 quod
1054 3576 1166 3630 omnes,
1192 3558 1296 3636 quibus
1321 3557 1442 3615 eaedcnr
1468 3556 1514 3616 vel
1530 3554 1644 3615 similes
1670 3566 1746 3617 sunt
1772 3558 1921 3619 constella-

572 3650 680 3723 tiones,
706 3656 851 3728 coguatos
876 3647 1083 3726 pronuncie1u3
1108 3648 1163 3706 sed
1187 3646 1264 3726 quod
1288 3646 1458 3724 plerumque
1484 3644 1621 3722 cognatis
1645 3648 1779 3708 eaedem
1804 3647 1921 3709 constel-

574 3739 712 3802 lationes.
759 3738 824 3798 Hoc
849 3738 924 3797 adeo
948 3755 1050 3796 verum
1074 3737 1111 3795 de
1136 3744 1201 3795 tota
1224 3736 1326 3813 genesi
1352 3734 1494 3806 hominis,
1525 3734 1791 3799 evidentissimum
1815 3756 1880 3797 vero
1900 3735 1921 3793 in

572 3827 806 3892 revolutionibus
832 3837 863 3886 et
886 3826 1074 3886 transitibus
1122 3823 1249 3893 Quoties
1279 3824 1355 3885 eninr
1390 3825 1530 3901 planetae
1564 3822 1602 3882 ad
1631 3843 1670 3884 ea
1701 3827 1775 3887 loca
1806 3825 1919 3893 veniunt,

573 3938 648 3999 quae
672 3916 808 3978 nascenti
832 3915 941 3976 homini
966 3915 1013 3976 vel
1038 3914 1211 3975 oriebantur
1233 3914 1280 3973 vel
1300 3913 1403 3974 Solem
1419 3914 1572 3973 Lunemve
1587 3912 1724 3991 hospitio
1743 3921 1917 3996 exceperant,

573 4008 722 4069 excitatur
746 4004 871 4065 hominis
895 4012 1016 4075 natura,
1051 4011 1084 4063 ut
1115 4002 1245 4064 alacrius
1278 4003 1430 4063 incumbat
1453 4004 1481 4063 in
1506 4001 1605 4062 orrrnia
1628 4021 1741 4081 opera,
1781 4026 1855 4087 quae
1877 4019 1915 4082 pru

575 4096 743 4158 conditione
769 4095 900 4156 locorum
923 4102 955 4153 et
978 4103 1144 4171 temporum
1176 4099 1247 4153 sunt
1278 4091 1388 4153 homini
1417 4092 1470 4153 snb
1494 4091 1640 4152 manibus.
1690 4093 1738 4156 Et
1763 4096 1795 4157 in
1819 4108 1917 4175 genere,

575 4204 631 4246 uon
656 4194 704 4245 cst
727 4183 868 4261 expedita
892 4190 923 4243 et
947 4183 1018 4243 felix
1041 4182 1174 4259 genesis,
1208 4182 1265 4243 nisi
1297 4181 1373 4242 radii
1397 4190 1428 4243 et
1452 4181 1612 4261 qualitates
1642 4182 1843 4259 planetarum
1864 4190 1918 4261 apte

575 4274 746 4355 etquidem
769 4272 948 4351 geometrice
972 4279 1149 4350 congruant.

663 4364 745 4423 Haec
769 4372 868 4424 autem
889 4363 978 4422 aliter
997 4360 1059 4421 lieri
1079 4380 1135 4421 non
1156 4368 1292 4439 possunt,
1317 4379 1405 4439 quam
1428 4378 1480 4437 per
1500 4358 1735 4437 impressionem
1751 4358 1921 4424 characteris

575 4451 668 4514 totius
691 4450 806 4531 positus
831 4453 906 4513 coeli
930 4451 958 4511 in
982 4451 1080 4529 ipsam
1104 4449 1233 4510 hominis
1258 4450 1432 4509 facultatem
1456 4448 1645 4526 genitricem,
1679 4450 1841 4525 altricem,
1870 4453 1925 4510 for··

576 4542 746 4614 matricem,
770 4541 962 4615 sensitivam,
988 4540 1162 4615 animalem3
1195 4557 1263 4599 nem
1288 4556 1393 4616 corpus
1417 4537 1546 4598 crassius
1570 4546 1631 4610 est,
1659 4557 1754 4617 quam
1780 4561 1835 4622 pro
1858 4538 1921 4601 reci·

576 4631 684 4711 piendo
708 4638 770 4691 tam
793 4631 897 4692 subtili
921 4631 1103 4702 charactere,
1130 4629 1172 4689 rei
1196 4647 1253 4688 non
1276 4627 1437 4706 palpabilis
1460 4627 1511 4686 sed
1535 4626 1743 4691 rationabilis.
1775 4632 1859 4693 'Hac
1873 4631 1921 4690 ita·

579 4736 636 4799 que
668 4722 783 4782 ratione
816 4719 879 4780 lieri
903 4722 1006 4794 credo,
1040 4727 1073 4780 ut
1103 4718 1187 4779 coelo
1219 4717 1248 4780 iu
1277 4717 1338 4776 alin
1367 4716 1466 4777 omnia
1493 4726 1646 4789 currente,
1683 4731 1816 4783 maneat
1837 4731 1920 4782 tamer

579 4808 735 4871 character
761 4808 825 4886 ejus
848 4810 978 4887 positus,
1009 4808 1057 4888 qui
1081 4809 1137 4870 fuit
1161 4826 1218 4886 quo
1242 4813 1373 4884 tempore
1397 4806 1462 4866 vita
1484 4805 1611 4866 hominis
1634 4805 1766 4870 incensa
1788 4827 1844 4891 per
1863 4826 1919 4888 par·

580 4906 643 4958 tum
668 4907 699 4959 et
721 4896 806 4977 quasi
829 4916 933 4960 recens
957 4900 1024 4960 fusa
1048 4898 1113 4959 fuit.
1163 4896 1251 4966 Quod
1274 4896 1364 4975 igitur
1391 4896 1425 4956 lit
1448 4895 1477 4955 in
1501 4896 1626 4973 singulis
1650 4896 1844 4973 homiuibus,
1867 4915 1919 4959 cre·

583 4985 675 5048 dibile
699 4995 747 5048 est
768 4986 831 5047 lieri
855 4988 946 5049 etiam
969 4988 998 5048 in
1024 4988 1169 5048 facultate
1192 4987 1254 5058 illa,
1280 5004 1338 5064 qun
1350 4985 1455 5064 globus
1476 4984 1535 5045 iste
1549 4985 1680 5047 Telluris
1701 4997 1754 5050 est
1767 4990 1918 5068 praedius

580 5080 614 5135 ut
637 5094 695 5136 non
719 5076 887 5153 conjunctio
911 5077 1033 5138 duorum
1056 5079 1244 5157 planetarum
1270 5074 1299 5134 in
1322 5075 1418 5153 ipsum
1440 5075 1563 5147 coelum,
1584 5076 1640 5137 sed
1655 5078 1777 5140 coelum
1796 5080 1826 5141 in
1840 5079 1916 5157 ipsun

582 5172 721 5225 naturam
744 5162 933 5228 sublunarem
957 5176 988 5228 et
1011 5186 1076 5228 cum
1099 5167 1183 5228 coelo
1207 5166 1289 5227 locus
1312 5164 1403 5226 etiam
1426 5164 1644 5244 conjunctionis
1673 5185 1808 5248 maguae
1830 5162 1915 5247 impri-
