4584 6192
551 580 644 678 ,746
1054 582 1094 634 De
1113 583 1192 634 Stella
1209 583 1283 635 Nora
1299 582 1449 648 Serpentsrlt

578 759 715 819 teredtur.
744 764 844 833 Itaque
864 768 896 816 et
914 777 1004 832 aquae
1024 762 1187 817 benedictae
1207 778 1286 816 usum
1305 762 1356 816 et
1348 761 1499 835 imaginum
1513 767 1544 824 et
1555 760 1723 816 rosariornm
1736 764 1770 814 et
1783 774 1931 831 graonam

578 850 616 898 et
628 859 769 898 cereorum
789 848 819 898 et
839 844 991 914 palmarum
1013 850 1043 895 et
1063 850 1223 907 ceterorum,
1246 858 1316 915 quse
1337 842 1458 897 ecclesia
1475 848 1573 896 senen
1593 841 1695 912 prohat
1715 853 1751 895 ac
1773 839 1933 911 frequentat

579 923 742 994 neophytis,
768 940 900 1004 perquam
925 929 1087 992 oportunum
1108 940 1170 977 esse
1191 923 1244 976 sibi
1268 925 1459 993 persuadeant
1482 922 1654 985 sacerdotes,
1676 926 1765 991 atque
1787 936 1826 974 es
1846 919 1933 975 omnis

579 1002 608 1058 in
628 1002 802 1058 concionibus
818 993 1003 1095 popularibus
1024 1003 1117 1058 multis
1131 1003 1259 1057 laudibus
1280 1009 1491 1074 prosequantur,
1513 1009 1545 1056 ut
1557 1018 1607 1072 pro
1622 1001 1711 1055 reteri
1733 999 1932 1071 superstitione

578 1082 657 1137 noris
676 1082 869 1160 religiosisque
890 1081 976 1154 signis
983 1077 1116 1137 imbutos
1137 1081 1334 1138 assuefaciant
1362 1083 1407 1137 lta
1426 1083 1476 1137 fiet
1488 1087 1521 1137 ut
1533 1081 1692 1137 melioribus
1700 1088 1804 1160 atque
1819 1080 1932 1153 elegan-

578 1150 696 1218 tiorihus
717 1163 859 1234 occupati,
888 1163 1041 1218 obsoletam
1068 1172 1162 1218 sectae
1184 1180 1251 1218 suae
1258 1162 1500 1256 superstitionem
1513 1156 1556 1217 de
1581 1143 1708 1217 ιιιιιιιιιιιιιΙ
1729 1179 1773 1224 ac
1787 1164 1824 1216 de
1845 1169 1932 1216 mente

580 1254 728 1324 deponant
770 1244 855 1304 Haec
877 1241 1021 1304 Acostus.
1069 1242 1186 1315 Quodsi
1216 1242 1282 1324 quis
1309 1242 1375 1323 jam
1404 1242 1688 1305 hlahnmetanomm
1709 1248 1745 1301 et
1772 1240 1932 1324 praecipue

578 1331 764 1395 iudaeorum
787 1330 897 1418 studia,
919 1330 976 1393 his
992 1330 1132 1394 Indorum
1156 1350 1173 1392 e
1192 1332 1342 1398 diametro
1365 1333 1519 1394 contraria
1545 1329 1758 1414 perpenderit:
1787 1329 1819 1392 is
1849 1329 1932 1392 isoile

558 1413 747 1496 ,concludet
770 1419 930 1483 contrariis
952 1420 1045 1482 etiam
1064 1420 1204 1484 remediis
1228 1420 1411 1496 invitatum
1403 1422 1458 1497 ιιι,
1482 1440 1517 1482 ac
1530 1415 1657 1501 proinde
1680 1420 1830 1500 exemplo
1848 1438 1932 1501 supra

579 1499 660 1571 dicto
684 1508 853 1586 Gothorum
885 1509 1030 1572 facillime
1060 1510 1190 1573 omnium
1221 1510 1261 1571 ad
1289 1510 1539 1585 antitrinitarios‚
1571 1516 1643 1590 post
1670 1508 1711 1571 ad
1744 1507 1931 1594 Arianos‘)

578 1604 643 1661 tum
666 1597 718 1659 ad
728 1598 865 1661 saniores
888 1606 994 1662 coetus
1014 1598 1264 1675 Christianomm
1288 1599 1417 1662 maxime
1440 1599 1466 1661 si
1484 1617 1539 1684 per
1561 1617 1616 1661 nos
1639 1597 1840 1686 ceremonias
1863 1596 1932 1679 legis

579 1705 652 1749 suae
683 1686 814 1752 retinere
836 1695 963 1769 poss'ent
986 1687 1030 1762 (ι.
1056 1688 1126 1753 Cor.
1153 1689 1183 1764 7,
1205 1708 1286 1752 vers.
1314 1689 1390 1752 17·
1380 1709 1413 1751 ru
1433 1685 1502 1765 24),
1524 1687 1643 1760 traduci
1673 1705 1789 1770 posse.
1824 1687 1866 1749 sd
1886 1687 1932 1748 illa

576 1793 650 1838 vero
673 1776 757 1844 Indis
778 1776 935 1858 proposita
957 1773 1099 1841 remedia
1112 1767 1164 1840 ιιι
1186 1797 1315 1859 uuquam
1337 1775 1544 1859 perventuros.
1581 1776 1663 1849 Quid
1688 1777 1717 1838 si
1743 1795 1823 1857 ergo
1846 1778 1931 1848 Deus,

577 1864 628 1926 nbi
652 1864 812 1930 convenire
834 1885 890 1928 uos
911 1867 1063 1948 Europaei
1086 1888 1145 1929 non
1167 1886 1329 1947 possumus
1354 1867 1550 1949 expertibus
1578 1871 1741 1969 tantqpere
1765 1866 1930 1947 confliga-

578 1951 679 2028 tibus,
712 1954 827 2018 alteros
850 1955 890 2017 ad
912 1956 1019 2031 Indos,
1053 1957 1167 2019 alteros
1191 1958 1230 2018 ad
1253 1959 1368 2022 'lurcas
1400 1956 1540 2036 ableget,
1573 1955 1663 2018 vel
1649 1974 1716 2035 Jsm
1747 1963 1828 2017 ante
1858 1958 1930 2017 certo

579 2002 705 2126 consilio
739 2051 882 2127 utrosque
919 2054 1114 2108 conservatos
1151 2047 1265 2109 alteros
1297 2046 1336 2107 ad
1371 2045 1574 2120 occidentem,
1612 2044 1731 2106 alteros
1763 2045 1872 2127 magis
1899 2044 1930 2106 cd

573 2121 724 2194 orientem
747 2133 918 2237 collocavit,
941 2142 975 2197 ut
989 2135 1065 2197 locis
1084 2135 1233 2197 divisae
1225 2136 1352 2199 invicem
1373 2136 1511 2196 mordere
1526 2135 1563 2196 et
1571 2152 1752 2195 consumere
1778 2135 1930 2207 desinant;

564 2227 610 2313 'et
632 2221 832 2303 quaelihet
807 2244 833 2285 ιι
847 2242 906 2285 non
923 2224 981 2286 sibi
1004 2225 1113 2287 saltem
1136 2224 1276 2306 gentihus
1292 2223 1330 2287 ab
1346 2224 1476 2288 ecclesia
1498 2224 1619 2304 penitus
1641 2223 1755 2285 alienis
1780 2222 1931 2306 proficiat?

665 2310 737 2374 :lam
759 2311 839 2394 quod
869 2312 981 2375 attinet
1012 2313 1160 2377 factiones
1184 2313 1425 2378 Christianorum
1447 2314 1526 2380 inter
1549 2331 1598 2388 se,
1631 2313 1759 2392 longum
1794 2323 1881 2376 esset
1900 2330 1931 2375 ιι

490 2473 493 2478 ,
576 2400 823 2482 ApocalypsiD.
847 2402 995 2477 scennis,
1026 2422 1065 2466 ex
1090 2404 1239 2485 propheta
1261 2404 1407 2478 Daniele,
1439 2421 1478 2464 ex
1509 2402 1590 2464 vitae
1614 2399 1734 2488 Christi
1761 2402 1930 2465 Servatoris

577 2488 747 2570 aenigmate
769 2491 915 2571 proferre,
940 2492 1011 2573 quid
1034 2511 1168 2575 quaeque
1184 2513 1246 2589 pro
1269 2513 1302 2555 se
1317 2493 1468 2576 disputet:
1480 2490 1640 2576 quomodo
1663 2510 1816 2555 numeros
1839 2492 1870 2555 in
1890 2490 1930 2553 his

576 2578 745 2664 ‘prophetiis
768 2599 940 2662 expressos
972 2583 1156 2663 applicent;
1172 2582 1319 2664 quomodo
1351 2583 1416 2646 Ant
1417 2581 1573 2666 ichristum
1595 2600 1615 2642 a
1638 2579 1772 2643 Christo
1798 2589 1831 2644 et
1852 2583 1930 2663 Apo

580 2669 668 2732 stolis
699 2669 886 2749 praedictum
918 2670 1006 2744 alteri
1030 2672 1128 2734 adhuc
1151 2679 1343 2753 exspectent,
1377 2671 1505 2733 alteri
1491 2690 1555 2752 Jam
1585 2669 1709 2731 venisse
1739 2671 1928 2733 contendant

571 2759 722 2840 ¹Utrisque
746 2778 819 2820 sane
843 2757 975 2841 suspicio
1000 2761 1102 2844 aliqua
1117 2781 1156 2823 ex
1169 2763 1227 2824 hac
1247 2761 1337 2824 stella
1353 2760 1481 2823 suboriri
1503 2759 1621 2842 possit3
1645 2756 1719 2833 illis,
1737 2759 1928 2830 Andetristi

578 2847 628 2911 his
660 2847 755 2930 ipsius
777 2848 895 2911 Judicis
927 2851 1063 2913 vivorum
1085 2859 1118 2912 et
1143 2859 1328 2913 mortuorum
1359 2850 1551 2912 imminentis
1597 2849 1641 2910 Et
1667 2847 1742 2929 quia
1769 2846 1928 2913 Christiani

564 2944 688 3024 ¹poetae
710 2937 927 3002 traduxcmnt
939 2940 1065 3021 effigiem
1088 2940 1276 3022 Serpentarii
1299 2939 1338 3001 ad
1360 2940 1435 3001 illud
1464 2957 1568 3001 semen
1594 2936 1752 3013 mulieris,
1778 2947 1929 3001 cenom

579 3033 670 3108 caput
701 3028 867 3108 serpentis:
898 3027 1022 3091 videant
1047 3030 1139 3110 igitur
1168 3049 1293 3111 quorum
1314 3029 1390 3090 haec
1413 3036 1462 3090 est
1482 3026 1649 3109 professio,
1679 2986 1839 3107 quoincdo
1863 3046 1929 3090 nora

409 3109 412 3116 ’
507 3146 510 3150 ·
580 3116 655 3192 haec
684 3115 774 3178 stelle
791 3118 873 3199 pedi
902 3118 968 3198 ejus
997 3119 1160 3201 posteriori
1189 3138 1244 3214 pro
1275 3118 1396 3181 stimulo
1428 3118 1534 3180 addita
1567 3116 1758 3195 allegatione
1789 3117 1929 3180 dictorum

572 3205 768 3287 Scripturas,
791 3207 972 3288 praesertim
993 3208 1120 3290 Apocal.
1150 3206 1200 3271 12
1226 3215 1272 3269 et·
1280 3197 1334 3271 20
1356 3206 1482 3289 pulchre
1504 3205 1650 3289 explicari
1673 3206 1800 3285 possit3
1831 3205 1932 3269 snffidt

577 3296 742 3358 monuisse.

668 3384 758 3457 Quod
780 3384 873 3465 igitur
896 3386 1006 3448 attinet
1029 3385 1192 3448 salutarem
1217 3385 1301 3447 illum
1325 3385 1519 3465 omnibusque
1542 3402 1613 3446 vere
1637 3361 1835 3447 Ohristianis
1858 3383 1930 3447 desi·

579 3474 802 3540 deratissimum
835 3483 866 3535 et
903 3476 1103 3537 certissimum
1141 3478 1302 3537 adventum
1334 3474 1456 3536 Domini
1493 3473 1589 3534 nostri
1625 3473 1703 3534 Jesu
1743 3469 1868 3537 Christi
1900 3473 1930 3533 sd

579 3563 729 3636 ,Iudicium
754 3575 785 3626 et
808 3565 1093 3626 consummationem
1117 3565 1228 3627 seculi:
1254 3563 1501 3645 quemadmodum
1521 3560 1613 3643 aliqui
1636 3562 1798 3641 trigonum
1824 3566 1931 3645 igneum

581 3654 755 3717 redeuntem
788 3654 854 3734 ejus
885 3654 1002 3732 signum
1030 3674 1097 3729 esse
1126 3655 1280 3729 dixemnt,
1313 3661 1461 3736 utsupra
1489 3652 1619 3714 dictum:
1645 3651 1690 3711 ita
1715 3672 1778 3714 non
1805 3655 1930 3722 deerunt

579 3743 629 3826 qui
663 3745 784 3806 stellam
815 3743 893 3804 hanc
926 3744 1060 3823 ejusdem
1090 3745 1205 3805 saciant
1232 3741 1463 3824 praenuntiam
1496 3740 1663 3803 confirmati
1692 3740 1751 3802 illa
1785 3755 1931 3824 magorum

494 3894 501 3912 ,
579 3834 686 3906 stella,
718 3842 796 3915 quae'
825 3834 951 3912 primum
967 3833 1100 3905 ,Christi
1131 3834 1293 3894 ad'ventum
1324 3839 1542 3912 praecesserat
1589 3828 1734 3901 Quorum
1763 3833 1931 3914 religiosum

578 3923 719 3984 affectum
742 3924 840 3984 minus
869 3943 940 3983 sane
971 3923 1173 4003 reprehendo,
1204 3941 1292 4004 quam
1321 3921 1454 4002 priorum
1482 3920 1601 3984 illorum
1634 3920 1870 3998 curiositatem,
1892 3919 1931 4002 qui

579 4031 643 4075 rem
668 4013 745 4073 citra
768 4013 1006 4076 controversiam
1034 4012 1202 4074 naturalem
1226 4010 1265 4071 ad
1289 4011 1345 4072 hoc
1369 4009 1596 4090 supernaturale
1619 4028 1697 4089 opus
1722 4012 1930 4075 accommoda·

576 4100 660 4164 bant.
702 4102 762 4165 Cur
785 4095 871 4163 enim
887 4102 1103 4182 reprehendam
1128 4121 1190 4177 eos,
1215 4101 1264 4182 qui
1282 4100 1436 4163 Christum
1450 4098 1611 4160 Dominum
1634 4098 1819 4177 imitantur,
1832 4103 1930 4182 juben·

552 4199 642 4258 tem
664 4211 734 4252 suos
758 4192 912 4253 auditores
943 4191 1084 4271 vigilare,
1116 4191 1195 4271 quod
1218 4190 1356 4251 nesciant
1378 4209 1437 4270 qua
1459 4188 1710 4250 hora'veuturus
1735 4190 1797 4267 sit,
1832 4193 1880 4276 qui
1901 4188 1931 4250 ad

575 4299 666 4343 omne
683 4280 800 4360 signum
820 4280 963 4355 coeleste,
987 4281 1245 4360 terrestre,¹quod
1259 4278 1411 4341 hominum
1427 4278 1544 4339 animos
1566 4277 1769 4357 vehementer
1792 4281 1931 4362 percellit,

583 4370 755 4451 exspectari
778 4371 816 4433 ab
839 4369 1008 4432 hominihus
1031 4369 1135 4443 voluit,
1160 4370 1218 4449 piis
1241 4377 1276 4430 ut
1298 4366 1597 4440 liberatos-nefariis
1620 4374 1655 4428 ut
1672 4363 1809 4433 severus
1829 4367 1931 4451 judex?

578 4460 621 4523 ιιι
643 4469 744 4522 tamen
767 4460 877 4522 alicubi
900 4467 1018 4539 tempus
1041 4458 1164 4540 aliquod
1188 4458 1347 4537 interjecit,
1372 4457 1460 4536 signa
1477 4456 1593 4540 posuit,¹
1612 4462 1685 4517 ante
1710 4478 1796 4539 quae
1820 4457 1931 4524 nonsit

579 4550 637 4612 hoc
660 4552 800 4612 futurum.
849 4549 938 4620 Quod
961 4558 1116 4629 utrumque
1145 4548 1287 4609 imitatus¹
1304 4556 1352 4608 est
1374 4548 1411 4632 D.
1436 4546 1565 4620 Paulus,
1593 4546 1734 4624 gentium
1759 4549 1929 4633 Apostolus

579 4639 642 4703 Sed
664 4647 766 4702 tamen
780 4658 783 4664 ·
797 4638 928 4700 monitos
955 4638 1025 4699 volo
1056 4638 1259 4711 considerent,
1292 4633 1350 4697 non
1379 4636 1468 4715 plane
1502 4642 1617 4695 certum
1640 4653 1713 4698 esse
1746 4658 1823 4703 num
1854 4637 1929 4702 suit

578 4730 654 4791 haec
678 4730 719 4791 sit
741 4749 815 4811 opus
839 4736 964 4790 naturae
993 4730 1074 4801 (cnm
1098 4728 1163 4807 jam
1191 4728 1306 4807 aliquot
1336 4723 1508 4804 hujusmodi
1540 4723 1668 4798 fuerint)
1694 4747 1737 4789 an
1764 4728 1862 4810 ipsius
1881 4724 1928 4792 Dei

579 4817 800 4893 immediatum,
831 4817 874 4879 uti
907 4837 997 4897 supra
1030 4818 1165 4878 dictum.¹
1198 4818 1303 4897 Itaque
1331 4814 1476 4893 judicium
1505 4832 1542 4874 ne
1572 4815 1805 4896 praecipitent,
1835 4829 1866 4881 et
1889 4816 1927 4877 hic

580 4907 735 4972 (lhristum
758 4908 868 4970 imitati
892 4927 957 4969 cum
980 4906 1149 4987 Apostolis.
1196 4906 1312 4967 Deinde
1337 4912 1404 4965 utar
1431 4911 1608 4982 argumento
1631 4905 1797 4986 Tyehonis
1820 4905 1925 4972 Brahei.

668 5065 696 5140 *)
717 5071 809 5125 Rchhi
828 5071 932 5139 Joscph
954 5071 1036 5135 Alba,
1060 5070 1133 5123 circa
1153 5085 1253 5123 annum
1274 5067 1376 5122 Christi
1400 5066 1485 5122 1425
1507 5064 1664 5192 composuit
1685 5067 1922 5127 lihrnmlkksrim

578 5150 628 5222 qui
647 5151 747 5205 multos
769 5152 805 5204 sd
824 5150 1008 5206 Arianismum
1028 5149 1218 5221 perduxit.
