4584 6192
565 636 631 703 292
1057 638 1232 687 9101111199
1250 638 1312 688 em
1331 637 1430 702 opaea

654 816 742 878 Anno
769 809 864 875 1598.
890 811 941 875 21.
968 810 1019 874 31.
1044 812 1116 873 Julii
1151 831 1238 873 mane
1264 813 1364 875 Gratii
1389 814 1450 874 vidi
1475 815 1594 874 Lunam
1618 814 1699 874 circa
1726 810 1784 876 16⁰
1803 830 1837 880 99
1861 818 1928 877 cla-

565 906 699 979 rissime,
733 912 766 963 ut
789 921 858 981 spes
883 912 966 962 esset
990 911 1021 962 et
1043 901 1188 981 postridie
1212 902 1309 963 visum
1333 903 1385 963 iri:
1420 904 1472 963 sed
1497 905 1593 964 nubes
1617 903 1825 982 insequentem
1849 906 1928 966 diem

566 994 764 1073 occupabant.
812 992 888 1051 Erat
912 989 963 1051 Sel
988 991 1071 1050 circa
1094 987 1177 1064 7⁰52.

652 1100 742 1161 Anno
769 1092 861 1159 1603.
887 1095 939 1159 25.
966 1097 1044 1175 Aug.
1070 1092 1173 1157 9914.
1200 1095 1286 1174 Sept.
1312 1095 1383 1157 Sole
1407 1098 1436 1158 in
1467 1092 1575 1182 wop,
1600 1097 1687 1157 Luna
1712 1096 1740 1157 10
1768 1095 1871 1174 wil
1897 1109 1929 1161 et

563 1197 663 1251 tamen
689 1188 808 1265 dejecta
831 1187 859 1246 in
886 1186 1008 1245 limitem
1032 1186 1198 1246 austrinum
1221 1186 1288 1245 visa
1312 1185 1501 1246 nihilominus
1527 1197 1575 1245 est
1598 1186 1776 1246 clarissime.

654 1295 744 1356 Auno
771 1288 864 1355 1603.
890 1286 920 1353 4.
952 1287 1129 1353 1111191111
1162 1291 1281 1369 1990911
1305 1292 1421 1352 Lunam
1451 1292 1526 1352 adeo
1551 1291 1631 1352 01910
1656 1292 1735 1365 ridi,
1771 1295 1928 1373 0101900

566 1403 691 1446 0009999
716 1382 867 1443 videretur
890 1378 985 1439 rideri
1010 1390 1040 1439 et
1064 1380 1160 1458 pridie
1184 1378 1331 1457 potuisse,
1356 1381 1414 1441 0191
1441 1381 1554 1439 coelum
1580 1380 1618 1440 ab
1643 1381 1798 1442 occidente
1819 1383 1929 1445 fuisset

564 1473 707 1535 nubilum.
754 1470 825 1530 Fuit
848 1466 900 1529 Sol
925 1469 1000 1528 hora
1024 1465 1054 1529 6.
1080 1468 1108 1528 iu
1138 1463 1332 1542 2314099,
1364 1469 1452 1529 Luna
1484 1470 1513 1528 in
1541 1465 1600 1530 ld⁰
1622 1465 1736 1545 113¹ss
1782 1469 1826 1532 Et
1849 1472 1929 1533 iuter

564 1561 667 1624 Solem
692 1567 723 1620 et
746 1559 842 1618 visum
867 1558 964 1617 locum
990 1557 1092 1618 Lunae
1118 1556 1145 1616 in
1171 1556 1282 1617 circulo
1307 1576 1416 1636 magno
1441 1552 1503 1618 20⁰
1530 1553 1589 1618 10‘.

654 1669 698 1727 At
722 1664 872 1725 Venerem
898 1663 1000 1744 Tycho
1024 1663 1124 1723 Brahe
1149 1663 1238 1723 Anno
1266 1659 1361 1735 1587,
1385 1683 1450 1724 cum
1476 1665 1504 1723 in
1528 1670 1557 1735 >t
1581 1664 1620 1724 ad
1648 1659 1707 1725 10⁰
1730 1665 1793 1725 fere
1819 1666 1926 1727 latitu-

564 1756 663 1817 dinem
688 1754 716 1814 in
741 1753 863 1814 boream
886 1752 1076 1821 excurrisset
1102 1750 1178 1811 vidit
1202 1751 1250 1811 die
1275 1748 1328 1812 21.
1344 1752 1432 1813 Febr.
1458 1753 1538 1833 stylo
1559 1753 1669 1827 veteri,
1695 1755 1812 1833 vesperi
1837 1756 1867 1815 h.
1894 1750 1925 1817 6.

565 1839 672 1905 0121.
696 1843 783 1903 Febr.
809 1859 897 1901 mane
922 1850 992 1901 ante
1017 1839 1098 1901 Solis
1132 1849 1248 1912 ortum,
1282 1860 1347 1900 cum
1379 1860 1472 1900 causa
1502 1841 1696 1914 longitudinis
1730 1843 1828 1903 adhuc
1857 1856 1927 1922 post

564 1932 666 1993 Solem
691 1941 782 1992 esset.
798 1922 840 2002 ⁶⁸)
887 1929 951 1989 Nee
975 1929 1077 2009 inepte
1110 1929 1148 1988 ad
1172 1928 1288 1989 Lunam
1318 1936 1349 1989 91
1374 1931 1523 1990 Venerem
1549 1930 1660 1990 Terrae
1690 1932 1827 2009 proxima
1856 1952 1925 1993 cor-

563 2039 638 2099 pora
662 2018 881 2080 accommodari
904 2026 1008 2096 posset
1034 2017 1088 2089 fV,
1117 2012 1166 2078 14.
1192 2017 1364 2078 Vitellionis
1389 2017 1432 2078 910
1456 2018 1622 2093 1019119019,
1649 2019 1725 2097 quod
1752 2020 1925 2099 longinqui-

564 2110 665 2172 oribus
688 2107 862 2187 profundior
887 2113 939 2166 abr
962 2105 1098 2184 objectus
1122 2106 1263 2166 caerulea
1294 2125 1330 2166 ea
1358 2115 1585 2186 repraesentet;
1619 2106 1647 2167 id
1683 2108 1761 2188 qued
1788 2110 1924 2188 pictores

563 2200 669 2259 sedulo
697 2197 861 2258 imitantur.
911 2195 958 2255 119
981 2195 1085 2255 Lunae
1114 2205 1145 2255 et
1169 2194 1283 2256 Veneri
1311 2195 1340 2255 in
1369 2196 1511 2273 perigaeo
1546 2196 1672 2276 epicycli
1703 2196 1855 2258 minimum
1888 2200 1924 2258 de

563 2288 706 2348 aetherea
729 2284 902 2346 substantia
926 2283 1073 2360 objicitur,
1100 2283 1179 2362 quod
1203 2284 1295 2344 radiis
1310 2286 1539 2344 transmittant:
1565 2304 1656 2363 quare
1679 2286 1772 2346 multo
1797 2286 1923 2348 eviden-

562 2376 623 2436 tius
647 2385 807 2435 cernuntur
832 2391 920 2452 quarn
944 2372 1099 2449 superiora
1122 2391 1262 2449 0010019,
1288 2373 1380 2433 radiis
1405 2393 1458 2452 per
1483 2374 1609 2432 immane
1635 2374 1767 2434 aetheris
1792 2376 1923 2454 spatium

561 2463 711 2524 demissis.
757 2461 817 2523 Est
849 2461 927 2521 euim
957 2470 988 2520 01
1021 2460 1136 2521 aetheri
1166 2481 1221 2521 sua
1254 2462 1392 2523 materia.
1440 2460 1502 2522 Sed
1533 2462 1571 2521 ad
1602 2482 1674 2525 rem.
1723 2461 1800 2524 Cum
1831 2465 1923 2543 igitur

560 2552 665 2612 Venus
690 2558 753 2611 tam
776 2569 868 2628 parva
892 2550 933 2610 sit
956 2559 987 2608 et
1010 2557 1111 2609 191090
1137 2567 1229 2628 prope
1255 2548 1357 2610 Solem
1381 2560 1536 2625 cernatur,
1561 2552 1631 2629 quid
1656 2571 1715 2611 000
1740 2553 1923 2615 credendum

561 2650 610 2701 est
634 2640 670 2700 de
694 2640 798 2700 Lunae
823 2646 873 2700 sat
897 2638 985 2715 longo
1009 2638 1119 2698 cornu?
1165 2638 1231 2700 Nec
1254 2638 1298 2698 ita
1326 2658 1425 2699 rarum
1460 2649 1523 2711 est,
1559 2641 1596 2700 ob
1628 2660 1738 2701 090999
1772 2643 1921 2721 quasdam

561 2728 704 2790 sublimes
736 2727 886 2788 interdum
915 2725 995 2786 Solis
1027 2727 1123 2786 lumen
1154 2726 1301 2788 hebetari.
1355 2726 1463 2788 Refert
1497 2726 1626 2789 Gemma
1659 2739 1747 2808 pater
1781 2738 1813 2791 91
1841 2731 1920 2792 filius

560 2837 638 2878 9000
665 2812 759 2879 1547.
783 2825 855 2877 9019
880 2815 1051 2875 conflictum
1075 2811 1177 2875 Caroli
1203 2815 1241 2876 V.
1267 2836 1332 2876 cum
1358 2815 1509 2877 Saxoniae
1535 2817 1625 2892 duce,
1650 2817 1753 2880 Solem
1777 2838 1832 2898 per
1857 2829 1919 2881 tres

560 2906 624 2968 dies
656 2924 710 2967 ceu
741 2904 886 2984 sanguine
917 2903 1070 2982 perfusum
1099 2904 1317 2982 comparuisse,
1353 2914 1386 2965 01
1421 2906 1512 2965 etiam
1548 2907 1656 2967 stellae
1697 2908 1860 2988 pleraeque
1891 2909 1920 2969 in

558 2993 681 3058 meridie
719 2993 974 3074 conspicerentur.
1023 2990 1125 3053 Causa
1163 2993 1253 3070 igitur
1290 2993 1348 3054 fuit
1384 3013 1460 3073 0090
1491 2993 1573 3055 Solis
1612 2996 1709 3056 lumen
1749 2997 1919 3070 hebetaret,

558 3086 715 3147 stellarum
740 3102 810 3143 vero
834 3081 972 3143 minime:
1008 3081 1167 3142 sublimem
1192 3080 1283 3159 igitur
1316 3102 1382 3141 esse
1411 3101 1534 3143 causam
1565 3086 1716 3163 oportuit,
1746 3104 1806 3165 qua
1839 3085 1921 3147 Solis

560 3174 658 3233 lumen
683 3173 775 3233 hebes
801 3172 976 3231 redderetur
1003 3190 1061 3230 nen
1096 3170 1144 3228 uni
1169 3172 1279 3230 saltem
1302 3171 1412 3233 Terrae
1437 3183 1566 3250 puncto,
1602 3174 1656 3233 sed
1687 3175 1743 3234 toti
1772 3174 1921 3235 horizonti

558 3262 680 3334 visibili,
706 3262 765 3321 ime
787 3258 844 3321 1011
860 3259 1017 3321 Terrarum
1041 3258 1161 3331 tractui,
1188 3259 1265 3319 unde
1281 3266 1334 3321 aer
1355 3261 1394 3320 ad
1414 3261 1510 3321 locum
1525 3262 1654 3341 aliquem
1670 3262 1789 3323 radiare
1804 3273 1921 3343 posset,

558 3350 694 3429 adeoque
720 3360 805 3410 19010
830 3347 936 3426 majori
959 3348 1089 3427 portioni
1106 3346 1227 3421 Terrae,
1254 3355 1365 3428 009010
1390 3349 1524 3428 pluribus
1550 3350 1623 3411 locis
1647 3351 1676 3411 id
1701 3360 1748 3411 est
1772 3353 1919 3413 observa-

558 3447 633 3499 tum.
681 3437 714 3498 Si
739 3444 839 3497 a'erem
864 3436 975 3496 dixeris
999 3446 1060 3496 tam
1095 3436 1155 3495 1919
1188 3436 1404 3510 incrassatum,
1439 3438 1464 3498 is
1494 3450 1524 3497 et
1558 3441 1665 3500 9191199
1699 3440 1918 3502 obnubilasset.

556 3525 752 3605 Relinquitur
773 3544 853 3603 ergo,
879 3543 1001 3584 causam
1019 3526 1104 3603 hujus
1124 3524 1326 3584 hebetationis
1350 3527 1518 3605 propiorem
1540 3526 1603 3587 Soli
1630 3528 1731 3601 101999,
1759 3548 1847 3608 quam
1873 3542 1922 3589 est

559 3622 613 3677 alir
638 3613 813 3686 altissimus,
839 3614 877 3674 ad
902 3613 1053 3674 minimum
1069 3614 1097 3674 iu
1114 3613 1244 3673 Lunaris
1269 3633 1371 3674 cursus
1393 3616 1527 3675 confinio.
1554 3617 1696 3677 Fortasse
1718 3618 1775 3677 fuit
1790 3620 1921 3679 materia

558 3703 707 3765 cemetica
732 3702 821 3764 latius
846 3721 954 3781 sparsa
978 3714 1009 3761 91
1032 3696 1211 3774 tenuiorum)

650 3790 712 3854 Sed
745 3792 783 3852 ad
817 3811 888 3853 rem.
937 3788 1042 3852 Stellis
1077 3791 1225 3850 interdum
1255 3791 1291 3850 de
1320 3790 1366 3850 die
1392 3791 1605 3864 emicantibus,
1635 3794 1749 3872 poterit
1778 3806 1809 3856 et
1833 3798 1921 3858 Luna

556 3882 696 3961 proxima
720 3880 782 3941 Soli
809 3881 947 3941 emicare.
996 3882 1028 3940 10
1063 3899 1188 3957 genere,
1215 3899 1307 3938 causa
1337 3898 1389 3938 cur
1416 3881 1545 3941 interdiu
1571 3882 1672 3942 sidera
1696 3884 1826 3959 lateant,
1863 3906 1919 3946 nou

557 3980 606 4033 est
629 3970 817 4050 potissimum
835 3969 915 4030 Solis
939 3969 1119 4047 praesentia,
1146 3970 1199 4027 sed
1224 3970 1320 4029 solum
1345 3968 1414 4036 ista,
1441 3971 1517 4048 quod
1543 3970 1589 4029 hic
1614 3981 1715 4032 noster
1739 3978 1792 4033 abr
1814 3977 1918 4035 ocules

555 4061 684 4139 undique
709 4059 906 4119 circumfusus
930 4069 1013 4118 totus
1037 4058 1185 4129 00110001,
1211 4075 1301 4135 90019
1326 4057 1440 4117 directa
1465 4059 1528 4117 1000
1553 4059 1653 4132 Solis,
1678 4062 1757 4122 infra
1781 4081 1916 4123 commu·

554 4148 657 4207 nicata
680 4149 791 4208 Terrae
817 4148 881 4207 1009
907 4147 1102 4207 collustratus
1128 4146 1290 4205 fortissime
1315 4153 1459 4225 tantoque
1485 4147 1609 4219 1011109,
1634 4159 1745 4227 009010
1770 4149 1824 4212 Sol
1850 4172 1917 4213 rec-

554 4234 615 4295 tius
640 4235 711 4295 ferit
733 4237 843 4297 Terras
868 4236 905 4295 ab
930 4236 1003 4295 alto.
1050 4234 1097 4294 De
1123 4234 1178 4295 hac
1210 4254 1240 4294 re
1274 4234 1342 4293 olinr
1373 4234 1418 4295 his
1448 4236 1504 4296 lusi
1536 4236 1702 4299 1919100119.
1750 4239 1915 4318 Fingebam

554 4330 653 4384 autem
697 4344 742 4385 me
782 4324 920 4386 Atlantis
964 4325 1038 4404 juga
1085 4341 1177 4401 supra
1221 4323 1321 4383 aeriae
1360 4324 1490 4403 regionis
1529 4327 1714 4403 superficiem
1754 4329 1918 4391 eminentia

554 4412 672 4473 subire:

765 4505 827 4557 Jam
848 4504 932 4573 nigra
953 4503 1003 4554 sub
1025 4502 1140 4572 pedibus
1163 4500 1256 4570 coepit
1277 4502 1328 4553 sub
1351 4500 1440 4555 sidere
1462 4505 1557 4566 nubes,

819 4584 885 4637 Cum
907 4599 980 4635 nora
1000 4583 1050 4636 lux
1072 4582 1172 4644 Terris,
1195 4600 1252 4635 nox
1273 4587 1335 4634 erat
1356 4589 1419 4635 orta
1439 4584 1512 4652 polo.

764 4663 837 4717 Mira
857 4663 962 4732 loquor,
985 4662 1111 4732 rapidus,
1134 4661 1179 4731 qui
1202 4663 1305 4715 Terrae
1327 4662 1491 4728 obvolvitur,
1515 4664 1612 4717 humor

816 4744 890 4796 Luce
912 4760 1077 4813 repercussa
1097 4742 1195 4796 sideris
1217 4741 1305 4794 instar
1326 4749 1396 4797 erat.

764 4824 859 4885 Qualis
881 4823 929 4876 ubi
951 4824 1074 4876 obscuris
1096 4823 1238 4893 hybernus
1260 4821 1379 4875 nubibus
1401 4824 1499 4877 aether

816 4904 952 4957 Gaudenti
972 4904 1065 4974 pinxit
1085 4910 1218 4970 tectaque
1240 4916 1380 4971 agrosque
1401 4902 1473 4957 nire.

548 4992 630 5053 Peue
654 5000 688 5054 01
711 5011 803 5071 90019
827 4991 854 5052 10
881 5001 979 5054 100019
1005 4989 1128 5070 Styriae
1154 4987 1294 5051 Solrekel.

761 5093 829 5145 Tum
849 5090 915 5143 mihi
937 5091 1058 5144 sidereos
1081 5087 1175 5142 mediis
1198 5102 1247 5140 ceu
1268 5086 1396 5139 noctibus
1416 5087 1514 5158 ignes.

814 5172 959 5224 Praesenti
982 5168 1089 5221 Phoebi
1111 5185 1178 5221 cura
1199 5165 1292 5218 videre
1314 5166 1384 5219 face.
