4584 6192
926 584 957 638 de
974 584 1048 639 rebar
1066 584 1170 653 Optlsts.
1709 580 1730 653 9

365 779 431 823 cum
454 759 591 841 primum
607 760 696 822 Luna
719 759 833 824 aSolis
857 761 923 824 loco
939 781 1009 824 vero
1025 762 1209 843 digreditur,
1233 771 1305 843 post
1327 762 1468 838 velocius,
1494 770 1628 845 tempore
1652 764 1732 829 inter

367 850 611 927 conjunctionem
647 858 679 911 et
711 852 923 931 quadraturam
953 852 1145 926 intermedio,
1181 853 1307 932 denique
1326 853 1433 915 iterum
1456 854 1557 926 tarde,
1592 853 1678 915 Luna
1701 854 1730 915 in

323 1003 327 1008 ,
370 940 588 1018 quadraturam
613 940 808 1014 adventante,
834 960 853 1000 a
876 959 934 1020 quo
957 948 1093 1020 tempore
1108 960 1202 1021 usque
1225 942 1255 1002 in
1279 941 1498 1022 oppositionem
1522 961 1624 1003 reram
1646 942 1728 1005 redi·
1758 942 1763 950 ’

369 1028 414 1089 bit
435 1037 585 1107 puuctum
602 1026 683 1089 viam
707 1029 832 1090 eandem
855 1030 1019 1110 eademque
1043 1031 1108 1110 lege
1133 1029 1248 1091 aDiu
1273 1028 1308 1092 C.

458 1116 505 1178 At
528 1116 559 1178 in
583 1116 739 1196 praesenti
754 1116 869 1179 calculo
884 1118 963 1180 viam
979 1118 1069 1181 aliam
1086 1138 1142 1198 ego
1164 1126 1284 1181 secutus
1302 1138 1381 1191 sum,
1405 1119 1462 1179 hac
1486 1125 1586 1180 motus
1601 1118 1729 1184 ratione.

459 1206 590 1267 Praeter
622 1212 670 1266 tot
696 1205 760 1284 jam
792 1207 891 1267 dictas
921 1208 1026 1268 Lunae
1057 1208 1306 1287 inaequalitates,
1340 1205 1446 1287 quibus
1479 1207 1556 1269 alios
1590 1208 1731 1287 planetas

372 1303 511 1372 superat,
543 1294 707 1356 affirmavit
730 1295 834 1375 Tycho
858 1304 890 1356 et
918 1296 1009 1357 aliam
1039 1297 1148 1367 latere,
1181 1316 1239 1377 qna
1267 1297 1320 1359 liat
1350 1304 1383 1357 ut
1405 1296 1506 1365 Luna,
1539 1317 1605 1358 cum
1629 1293 1691 1359 45⁰
1713 1318 1733 1355 a

373 1384 444 1445 Solo
469 1384 518 1443 rel
545 1384 609 1462 ejus
629 1383 769 1463 opposito
794 1383 933 1457 recessit,
966 1380 1021 1447 46¹
1044 1386 1112 1464 plus
1137 1384 1250 1446 lrabeat
1272 1384 1301 1445 in
1326 1393 1422 1453 motu,
1448 1403 1536 1464 quam
1559 1385 1617 1446 bac
1642 1383 1730 1446 modo
1796 1453 1802 1461 ,

373 1473 457 1532 dicta
491 1471 651 1533 libratione
676 1469 885 1551 Cepernicana
917 1474 1022 1534 confici
1053 1473 1160 1552 possit.
1209 1472 1284 1535 Cum
1316 1492 1387 1552 ergo
1417 1474 1601 1535 incrementa
1623 1474 1728 1534 statim

374 1568 445 1640 post
468 1560 713 1639 conJ‘uuctionem
736 1560 867 1622 debeaut
881 1580 948 1622 esse
964 1562 1084 1628 celeria,
1109 1570 1143 1623 ut
1166 1563 1252 1623 Luna
1276 1562 1401 1623 ulterius
1416 1568 1637 1640 promoveatur,
1662 1570 1730 1622 sta·

332 1695 335 1700 2
375 1649 519 1709 tuendum
541 1648 638 1726 igitur
660 1649 731 1722 erit,
760 1668 919 1711 ascensum
942 1650 1045 1729 puncti
1070 1651 1262 1729 aequalitatis
1286 1651 1366 1730 apud
1389 1660 1532 1729 punctum
1555 1648 1581 1712 Ο
1604 1650 1730 1711 celerri-

374 1756 454 1798 mum
477 1755 562 1811 esse,
582 1756 642 1799 non
667 1732 731 1798 loco
755 1738 872 1800 demum
896 1739 1072 1800 intermedio
1092 1739 1171 1801 inter
1186 1738 1251 1802 CD.
1290 1737 1391 1809 Quare
1406 1747 1509 1800 centro
1525 1736 1561 1811 C,
1585 1736 1733 1799 distantia

376 1824 441 1897 Cn,
466 1825 652 1886 exDeduxi
676 1826 882 1905 quadrantem,
908 1849 926 1888 a
950 1827 1033 1905 cujus
1057 1828 1117 1889 imo
1143 1828 1170 1888 in
1186 1829 1214 1890 D
1230 1828 1376 1889 numerati
1400 1828 1511 1906 gradus
1536 1826 1731 1906 digressionis

375 1916 481 1975 lionae
496 1932 516 1973 a
533 1932 605 1974 vero
631 1914 696 1976 loco
711 1914 792 1975 Solis
807 1934 861 1995 per
884 1914 999 1976 sinuum
1023 1916 1189 1977 doctrinam
1213 1916 1380 1994 portionem
1404 1916 1546 1976 exhibent
1561 1913 1729 1976 addendam

375 2005 412 2062 ad
428 2000 498 2076 Bc,
522 2008 557 2063 ut
574 2001 722 2063 habeatur·
737 2004 870 2083 quolibet
884 2012 1033 2065 momento
1052 2006 1137 2084 justa
1151 2005 1253 2085 puucti
1268 2004 1462 2084 aequalitatis
1486 2024 1505 2064 a
1524 2011 1626 2065 centro
1651 2002 1731 2064 orbis
1787 2000 1793 2010 “

376 2091 480 2151 Lunae
505 2090 530 2150 B
555 2091 713 2153 distantia.

464 2179 531 2240 Hac
554 2198 629 2241 usos
651 2180 793 2242 methodo
816 2179 935 2259 invenio
950 2182 1067 2242 Lunam
1092 2187 1163 2242 ante
1178 2180 1417 2260 conjunctionem
1441 2198 1544 2243 veram
1568 2178 1731 2240 tardiorem

378 2268 452 2328 effici
477 2267 677 2341 sensibiliter,
703 2288 791 2350 quarn
815 2278 887 2349 post
909 2268 1158 2349 coujunctiouern.
1196 2270 1230 2332 ld
1254 2289 1356 2332 rerum
1381 2269 1422 2330 sit
1446 2288 1500 2330 uec
1524 2288 1577 2342 ne,
1603 2266 1731 2348 diligens

379 2357 525 2437 eclipseos
549 2356 723 2420 observatio
746 2356 918 2420 testabitur.

465 2444 688 2520 Latitudinem,
713 2447 770 2507 etsi
795 2447 868 2507 lraeo
892 2466 1006 2527 quoque
1023 2465 1114 2526 usque
1139 2446 1167 2507 iu
1184 2448 1383 2526 quadraturas
1400 2444 1453 2510 20‘
1469 2453 1604 2525 augetur,
1630 2444 1730 2505 intac-

380 2543 438 2595 tam
462 2542 562 2595 nmen
586 2533 710 2614 reliqui,
735 2554 770 2596 eo
794 2536 871 2615 quod
897 2536 984 2597 valde
1000 2537 1109 2615 exigua
1131 2535 1230 2615 portio
1250 2544 1320 2597 ante
1344 2544 1375 2597 et
1398 2543 1469 2615 post
1492 2534 1731 2614 conjunctionem

381 2641 478 2683 reram
503 2622 613 2684 fuisset
636 2623 785 2687 addenda.
832 2625 937 2704 Neque
961 2645 1033 2685 saue
1058 2626 1132 2686 adeo
1153 2633 1269 2688 certam
1292 2625 1387 2686 habeo
1411 2646 1430 2685 a
1444 2624 1587 2704 Tychone
1611 2623 1648 2684 de
1672 2622 1729 2683 hoo

382 2710 581 2773 traditionem.

466 2797 556 2870 Quod
580 2818 652 2863 vero
677 2800 822 2881 imprimis
846 2820 900 2881 per
923 2801 1044 2881 eclipsis
1069 2802 1186 2864 futurae
1202 2802 1443 2865 observationem
1468 2802 1625 2882 explorare
1650 2798 1732 2859 desi-

383 2891 468 2963 dero,
494 2899 543 2949 est
568 2889 674 2951 mirum
698 2890 848 2971 Tycbonis
872 2891 1053 2952 affirmatum
1078 2892 1114 2952 de
1139 2892 1294 2954 diametris
1318 2891 1517 2954 luminarium.
1565 2890 1643 2951 Nam
1667 2907 1732 2949 me-

383 2979 510 3040 diocrem
531 2978 635 3039 Lunae
660 2978 838 3041 diametrum
864 2980 937 3041 lacit
960 2975 1024 3055 ed‘,
1049 2989 1082 3041 at
1104 2981 1133 3042 in
1159 2979 1414 3061 conjunctionibus
1439 2980 1542 3060 quinta
1564 2986 1652 3058 parte
1676 2976 1733 3037 mi-

384 3085 480 3128 norem
505 3084 654 3147 apparere
678 3068 810 3130 affirmat
834 3087 922 3149 quam
944 3068 973 3129 in
993 3069 1247 3149 oppositionibus,
1272 3070 1390 3149 aequali
1404 3069 1553 3148 utrimque
1577 3064 1732 3127 distantia.

386 3154 513 3217 Causam
537 3151 759 3236 suspicionibus
783 3156 960 3238 quibusdam
984 3158 1014 3220 in
1030 3158 1216 3221 diffusionem
1237 3157 1356 3221 luminis
1371 3179 1389 3219 a
1403 3155 1474 3219 Sole
1498 3156 1527 3217 in
1546 3153 1734 3237 oppositione

386 3242 509 3305 mutuati
532 3244 657 3307 confert.

465 3330 592 3394 Scilicet
606 3333 721 3407 Lunae,
747 3332 901 3413 quominus
925 3332 1073 3416 ἀντιχθων
1096 3334 1154 3396 dici
1178 3342 1293 3416 posset,
1319 3334 1489 3396 defuturum
1513 3330 1569 3394 boc
1593 3337 1672 3402 erat,
1708 3327 1735 3391 si

385 3440 436 3482 non
459 3429 493 3482 et
515 3439 611 3501 vapor
634 3421 755 3501 quidam
785 3422 892 3483 similis
923 3424 985 3484 adri
1016 3429 1121 3485 nostro
1151 3422 1450 3496 circumfunderetur,
1485 3421 1513 3481 in
1543 3440 1630 3501 quern
1658 3417 1735 3481 iuci-

387 3509 452 3571 dens
467 3507 549 3571 Solis
573 3510 675 3571 radius
699 3510 865 3573 clarissime
888 3511 1162 3591 resplendesceret,
1188 3520 1221 3575 ut
1244 3530 1352 3592 corpus
1368 3511 1471 3573 Lunae
1496 3531 1515 3572 a
1537 3528 1650 3591 vapore
1674 3509 1735 3571 cir·

387 3599 512 3659 cumfuse
537 3598 612 3660 lucis
636 3598 775 3661 claritate
801 3599 930 3663 discerni
954 3607 1094 3680 nequeat.

466 3686 602 3766 Denique
627 3707 664 3748 ue
688 3688 757 3767 quid
781 3688 819 3749 ad
844 3689 991 3768 eclipseos
1007 3688 1238 3767 descriptionem
1263 3689 1376 3750 iaciens
1401 3686 1617 3767 inexplicatum
1640 3682 1734 3747 reliu-
1801 3739 1807 3756 ,

388 3791 482 3854 quam,
516 3775 674 3836 dicendum
704 3784 805 3838 estet
830 3777 866 3838 de
890 3778 1034 3858 temporis
1065 3779 1260 3857 aequatione,
1293 3796 1366 3839 sane
1390 3778 1460 3857 qnia
1484 3793 1519 3838 ne
1545 3775 1592 3836 bie
1617 3773 1735 3855 quidem

388 3863 465 3925 deest
488 3865 567 3943 quod
592 3863 718 3927 mireris.

468 3950 577 4013 Solent
600 3954 694 4014 ceteri
713 3955 878 4016 astronomi
903 3971 960 4015 oon
986 3953 1175 4034 experientia
1198 3954 1251 4015 sed
1276 3954 1391 4015 ratione
1406 3952 1510 4015 moniti
1526 3950 1640 4032 optima
1655 3956 1734 4010 tem·

388 4058 436 4119 pus
459 4059 589 4122 aequare
614 4049 737 4121 propter
751 4043 827 4103 dues
842 4062 965 4115 causas,
991 4044 1086 4122 primo
1105 4051 1230 4123 propter
1256 4043 1430 4122 inaequales
1449 4040 1578 4121 partium
1602 4036 1736 4117 signiferi

388 4130 575 4191 ascensiones
608 4138 723 4206 rectas,
758 4132 865 4193 deinde
889 4139 1012 4211 propter
1043 4140 1141 4192 motus
1166 4130 1248 4193 Solis
1273 4131 1395 4194 diurnos
1418 4130 1602 4210 inaequales.
1650 4127 1736 4186 llauo

388 4220 579 4295 posteriorem
595 4218 697 4300 Tyclro
721 4220 864 4299 negligit,
890 4220 1167 4298 causamafferens
1191 4219 1420 4300 experientiam,
1445 4237 1502 4298 qua
1526 4215 1735 4295 deprehenda-

388 4315 428 4367 tur
455 4308 484 4368 in
515 4306 677 4368 collatione
701 4308 856 4388 eclipsium
879 4308 1073 4388 aequalitatis
1098 4309 1244 4370 rationem
1270 4308 1335 4370 iniri
1364 4327 1421 4368 non
1452 4326 1560 4385 posse,
1593 4304 1650 4366 nisi
1685 4312 1737 4365 aut

388 4393 453 4456 baec
477 4394 652 4475 negligatur
675 4397 827 4477 aequatio,
862 4406 916 4459 aut
948 4416 1063 4458 annuus
1087 4398 1224 4459 circellus
1247 4404 1295 4458 tot
1319 4396 1460 4477 epicyclis
1483 4395 1588 4456 Lunae
1616 4393 1738 4471 insuper

389 4483 549 4563 adjicietur.
589 4483 696 4563 ltaque
719 4485 788 4546 dum
813 4484 944 4548 aestate
956 4493 1037 4547 motu
1062 4485 1166 4548 diurno
1191 4486 1227 4546 de
1251 4484 1374 4547 zodiaco
1399 4484 1559 4555 volvuntur
1573 4476 1735 4555 360⁰5r¹,

388 4570 474 4633 bieme
500 4590 573 4632 vero
597 4568 681 4635 361⁰
705 4572 748 4644 1⁴,
782 4584 908 4655 utroque
944 4574 1087 4655 temporis
1113 4573 1212 4654 spatio
1243 4572 1391 4653 inaequali
1415 4572 1444 4632 in
1469 4572 1555 4632 Luna
1579 4570 1739 4632 decurrent

391 4657 442 4721 l2⁰
466 4658 596 4724 11’27”
619 4660 796 4740 aequaliter.
844 4661 947 4733 Quare
980 4671 1044 4725 aut·
1059 4663 1156 4744 primo
1185 4662 1287 4724 mobili
1312 4660 1512 4742 annuainest
1536 4656 1737 4739 inaequalitas

389 4757 414 4808 et
433 4756 594 4830 respectus
618 4747 714 4821 Solis,
746 4760 796 4811 aut
820 4751 925 4812 Lunae
950 4761 1049 4812 motus
1073 4770 1177 4813 omnes
1196 4769 1251 4832 pro
1276 4751 1391 4811 ratione
1416 4768 1557 4810 secessus
1581 4756 1613 4809 et
1636 4765 1738 4809 reces-

389 4854 432 4897 sus
455 4838 540 4901 Solis
565 4837 695 4899 aTerra
718 4846 750 4898 et
773 4839 844 4900 orbe
860 4839 963 4901 Lunae
989 4841 1034 4900 rel
1062 4841 1232 4901 lentescunt
1256 4840 1303 4899 rel
1329 4838 1531 4899 intenduntur.
1565 4836 1754 4917 Argumen-

389 4932 443 4986 tum
457 4927 578 5007 ingens,
604 4932 658 4987 aut
677 4925 780 4987 Lunae
805 4935 904 4990 motus
928 4948 965 4989 ex
980 4927 1062 4990 Solis
1080 4928 1193 4989 virtute
1216 4926 1365 5009 proticisci
1390 4934 1421 4987 et
1445 4926 1567 5007 pbysioe
1591 4925 1738 5005 inaequa-

389 5012 426 5073 les
448 5036 533 5091 esse,
569 5014 652 5093 qnod
684 5015 876 5077 vehementer
909 5017 1051 5079 abhorret
1075 5017 1198 5096 'l'yrlroz
1232 5024 1285 5076 ant
1315 5016 1442 5095 primum
1471 5023 1582 5076 motum
1607 5012 1736 5075 Telluris

389 5106 531 5169 rororione
556 5103 686 5166 dirersis
715 5104 899 5186 temporibus
932 5105 1114 5188 inaequabili
1146 5104 1367 5178 administrari,
1402 5111 1491 5183 prout
1513 5101 1568 5165 Sol
1591 5111 1622 5165 et
1645 5102 1740 5163 Terra
