4584 6192
979 569 1061 634 Caput
1078 569 1123 620 Vl.
1143 568 1186 619 lo.
1698 573 1766 643 239

405 745 454 815 sit,
478 743 558 803 iul'ra
572 744 654 804 clare
679 746 864 819 ostendetur,
891 746 977 825 idque
992 753 1063 807 tuuc
1087 747 1217 808 maxime
1242 749 1437 821 convelletur,
1461 750 1511 810 ubi
1530 769 1639 813 causae
1655 754 1763 830 genui·

404 849 460 891 nae
485 832 672 912 aperientur,
705 833 810 911 quibus
833 835 1001 914 perspectis
1026 854 1111 896 nemo
1136 854 1210 914 opus
1245 855 1311 897 esse
1345 838 1479 914 putabit,
1511 838 1631 900 aliunde
1654 860 1763 903 causas

406 920 481 981 alias
505 920 704 982 emendicare.

494 1024 574 1088 Sunt
597 1027 646 1105 qui
662 1027 849 1101 existiment,
870 1026 1011 1088 circulum
1037 1027 1118 1088 illum
1143 1036 1240 1089 totum
1255 1030 1445 1108 conspicuum
1469 1031 1499 1091 in
1514 1031 1600 1093 Luna
1620 1044 1764 1096 nascente

405 1134 470 1175 esse
494 1115 569 1176 nihil
593 1116 685 1191 aliud,
710 1134 798 1195 quam
823 1116 965 1177 circulum
981 1115 1219 1190 illuminationis,
1245 1118 1294 1196 qui
1317 1119 1384 1179 ideo
1409 1126 1491 1181 totus
1511 1130 1660 1194 cernatur,
1686 1124 1765 1202 quod

404 1204 508 1265 Lunae
531 1203 680 1265 diameter
704 1223 853 1284 apparens
878 1213 963 1265 tauto
987 1205 1029 1266 sit
1052 1205 1149 1265 minor
1173 1206 1319 1268 diametro
1340 1206 1432 1269 Solis.
1464 1208 1549 1270 Haec
1573 1210 1651 1271 ratio
1674 1212 1764 1290 plane

406 1293 482 1352 falsa
506 1300 565 1353 est.
602 1293 683 1354 Nam
706 1293 836 1354 comitur
859 1293 934 1353 haec
958 1294 1009 1353 lux
1032 1312 1091 1354 nou
1114 1302 1231 1354 tautum
1253 1294 1281 1355 iu
1302 1296 1446 1374 margine,
1471 1298 1525 1358 sed
1550 1298 1579 1358 in
1604 1306 1670 1360 toto
1693 1318 1764 1361 cor-

404 1400 492 1459 pore,
523 1400 579 1442 uec
601 1400 659 1442 uuo
684 1383 738 1444 sed
762 1381 877 1443 duobus
910 1381 1044 1442 tribusve
1070 1382 1189 1456 diebus,
1215 1382 1272 1444 imo
1297 1393 1328 1444 et
1351 1384 1379 1445 io
1405 1385 1596 1464 quadraturis
1620 1387 1764 1462 nonnihil,

406 1470 453 1530 ubi
475 1470 682 1532 semicirculus
705 1470 932 1532 illuminationis
956 1471 1045 1549 plane
1068 1480 1140 1548 post
1163 1472 1278 1532 Lunam
1303 1473 1388 1535 latet.

492 1576 597 1656 Tycha
625 1577 726 1640 Brahe
756 1578 830 1637 libro
858 1577 899 1638 Il.
930 1576 1232 1658 Progymnasmatum
1265 1597 1385 1640 causam
1422 1579 1509 1659 hujus
1542 1580 1616 1641 lucis
1651 1581 1763 1643 Veneri

406 1664 591 1740 transcribit,
617 1684 693 1745 qnae
717 1666 833 1726 Lunam
857 1675 921 1726 tam
945 1667 1025 1727 clare
1049 1668 1147 1744 possit
1169 1667 1330 1728 illustrare.
1368 1668 1412 1729 At
1436 1686 1554 1748 semper
1568 1669 1655 1730 Luna
1679 1689 1763 1731 cres-

405 1772 474 1815 cens
508 1754 566 1814 hac
593 1755 658 1815 luce
688 1754 809 1825 fruitur,
839 1753 944 1814 Venus
972 1755 1015 1815 illi
1048 1774 1104 1815 non
1136 1774 1255 1834 semper
1282 1765 1332 1817 est
1361 1759 1399 1817 ad
1430 1757 1502 1818 illud
1528 1759 1607 1818 latus
1631 1758 1761 1837 objecta.

406 1842 571 1904 Praeterea
594 1843 700 1903 Venus
723 1843 811 1903 Luna
843 1843 943 1904 multis
968 1842 1082 1903 vicibus
1106 1844 1197 1904 altior
1221 1854 1277 1904 est.
1326 1844 1426 1915 Quare
1451 1846 1509 1906 etsi
1534 1847 1664 1907 fortasse
1688 1865 1762 1907 cou-

407 1933 484 1991 lerat
514 1931 579 2010 ejus
605 1931 657 1993 lux
684 1932 723 1992 ad
757 1931 920 2010 marginem
953 1932 1101 1992 interdum
1133 1932 1343 1993 illustrandum
1377 1936 1500 2008 lortius,
1531 1944 1563 1995 at
1597 1935 1635 1996 ad
1658 1935 1763 1996 Lunae

407 2021 521 2081 discum
547 2021 694 2092 medinm,
724 2022 771 2099 qui
797 2039 891 2100 aeque
916 2020 1024 2080 fruitur
1048 2021 1103 2081 hac
1129 2022 1208 2096 luce,
1238 2022 1339 2082 radius
1364 2023 1493 2083 Veneris
1521 2042 1579 2083 non
1608 2023 1762 2103 pertingit,

407 2109 569 2191 impeditus
593 2109 713 2188 objectu
737 2109 831 2187 ipsios
856 2108 998 2187 eorporis.
1033 2108 1156 2169 lnterinr
1181 2128 1237 2170 non
1263 2129 1349 2187 nego,
1373 2111 1436 2172 fieri
1461 2111 1632 2190 aliquando,
1657 2121 1690 2173 ut
1709 2129 1764 2173 nos

408 2217 441 2257 ex
465 2198 562 2259 Terra
585 2198 702 2258 Lunam
726 2216 780 2276 per
804 2198 1033 2258 illustrationem
1058 2217 1076 2256 a
1099 2198 1190 2258 claris
1221 2199 1279 2277 ipsi
1310 2199 1456 2277 oppositis
1480 2199 1627 2260 sideribus
1652 2202 1763 2262 factam

407 2287 598 2365 aspiciamus,
625 2286 661 2346 de
685 2305 743 2365 qua
766 2306 798 2347 re
821 2286 900 2347 infra
923 2304 988 2365 cap.
1015 2287 1085 2347 Vll.

493 2398 636 2463 Cetemm
660 2420 762 2461 voram
777 2419 898 2462 causam
913 2401 1093 2463 Maestliuus
1118 2407 1297 2480 praeceptor
1316 2419 1399 2461 meus
1416 2400 1541 2479 primns,
1566 2401 1762 2480 quodecim,

407 2489 535 2562 invenit,
568 2508 674 2569 meque
699 2498 730 2549 et
753 2498 849 2551 totum
874 2509 958 2550 suum
991 2490 1172 2551 auditorium
1196 2497 1266 2549 aute
1295 2487 1333 2551 12
1358 2508 1452 2550 anuos
1482 2489 1598 2561 docuit,
1633 2498 1664 2551 et
1688 2508 1765 2551 anuo

413 2574 491 2642 1596
515 2578 546 2640 iu
571 2578 776 2657 disputatione
801 2579 837 2639 de
862 2578 1023 2657 eclipsibus
1048 2578 1184 2639 thesibus
1208 2575 1260 2640 21.
1286 2575 1339 2639 22.
1365 2575 1417 2639 23.
1442 2578 1559 2658 publice
1590 2578 1763 2657 explicarit.

409 2667 470 2728 Nec
495 2666 565 2729 aliis
591 2686 679 2747 quam
709 2666 801 2746 ipsius
830 2667 960 2728 auctoris
992 2667 1090 2728 verbis
1120 2688 1156 2728 ea
1180 2675 1227 2727 est
1254 2666 1404 2727 tradenda
1427 2667 1573 2727 doctrina.
1622 2665 1673 2728 Sic
1697 2667 1768 2730 ille:

411 2760 468 2819 ,De
489 2757 602 2820 lumine,
630 2759 700 2827 quod
722 2757 750 2810 iu
770 2758 851 2811 Luna
872 2758 1043 2811 corniculata
1069 2757 1157 2825 juxta
1185 2773 1288 2810 cornua
1315 2774 1366 2823 per
1396 2763 1483 2810 totum
1513 2774 1612 2827 corpus
1643 2757 1769 2812 dihlrsum

409 2837 539 2901 cernitur,
559 2843 672 2891 constat
685 2837 865 2900 intuentibus,
888 2840 959 2908 quod
981 2838 1069 2906 ipsum
1084 2854 1102 2890 a
1116 2837 1246 2891 claritate
1268 2837 1382 2890 diurnae
1397 2837 1475 2900 lucis,
1498 2852 1571 2907 quae
1591 2838 1638 2889 vel
1658 2836 1769 2907 vesperi

409 2935 471 2997 post
485 2943 614 2980 occasum
628 2926 709 2989 Solia,
733 2932 798 2979 aute
814 2926 1006 2995 crepusculum
1022 2916 1066 2987 (ld
1091 2925 1147 2981 est.
1173 2916 1269 2975 adhuc
1294 2916 1376 2975 claro
1400 2913 1463 2986 die)
1481 2932 1617 2994 superest,
1633 2925 1677 2978 vel
1688 2940 1769 2979 maus

409 3025 465 3061 com
486 3014 700 3064 auroraortum
721 3006 793 3059 Solis
823 3007 979 3074 praecedit,
1007 3022 1061 3058 non
1083 3007 1253 3058 obscuretur.
1295 3006 1319 3057 E
1341 3011 1438 3058 contra
1462 3011 1585 3067 constat,
1608 3006 1679 3076 quod
1701 3005 1768 3058 illud

409 3089 477 3142 idem
498 3089 601 3140 ceteris
617 3103 635 3139 a
647 3086 788 3140 novilunio
809 3086 1001 3138 remotioribus
1017 3086 1112 3138 diebus
1135 3091 1307 3147 attenuetur,
1330 3086 1399 3137 adeo
1415 3090 1446 3137 ut
1464 3084 1540 3137 circa
1560 3087 1767 3154 quadraturam,

409 3170 514 3238 quaudo
535 3167 617 3220 Luna
638 3166 806 3236 intempesta
827 3173 908 3219 nocte
929 3166 1014 3235 longo
1042 3166 1191 3219 intervallo
1220 3181 1306 3235 supra
1330 3163 1500 3218 horizontem
1527 3173 1585 3227 est,
1613 3166 1647 3217 de
1668 3182 1701 3217 eo
1722 3164 1768 3218 rel

409 3257 474 3310 nihil
496 3256 543 3309 vel
563 3256 646 3308 valde
667 3271 764 3325 parum
785 3263 893 3308 restare
922 3244 1025 3322 (idque
1058 3244 1177 3305 nonnisi
1206 3243 1243 3304 ab
1275 3243 1443 3304 homiuibus
1474 3242 1641 3303 acutissimi
1669 3242 1768 3317 visus)

409 3343 547 3390 cernatur.
583 3336 628 3389 Ex
649 3353 683 3388 eo
704 3351 781 3405 ergo,
804 3336 875 3404 quod
895 3335 987 3387 lumen
1008 3335 1060 3387 hoc
1081 3335 1242 3403 separabile
1266 3340 1317 3397 est,
1340 3333 1519 3395 concluditur,
1541 3333 1630 3402 ipsum
1650 3350 1714 3396 non,
1736 3339 1769 3387 ut

409 3426 519 3495 quidam
541 3416 632 3493 (quos
656 3413 735 3474 inter
758 3423 807 3473 est
830 3413 1033 3485 Reinholdus)
1057 3423 1163 3485 volunt,
1185 3441 1246 3477 esse
1260 3423 1358 3476 Lunae
1376 3422 1553 3493 congenitum
1572 3429 1602 3475 et
1620 3422 1769 3492 proprium,

409 3507 455 3557 sed
476 3504 606 3559 similiter
626 3503 699 3557 siout
718 3502 808 3571 maius
830 3503 898 3555 illud
919 3510 1101 3567 menstruum,
1123 3503 1244 3556 alienum
1265 3510 1350 3573 atque
1377 3502 1574 3556 mutuatitium.
1616 3504 1676 3555 Hoc
1697 3500 1769 3554 euim

411 3585 462 3638 uisi
483 3585 536 3648 sit,
565 3583 691 3652 profecto
717 3591 798 3636 nocte
828 3582 997 3653 intempesta
1026 3584 1113 3636 multo
1141 3584 1243 3636 clarius
1269 3582 1486 3651 conspiceretur,
1519 3598 1600 3651 quam
1621 3587 1687 3635 aere
1708 3581 1769 3633 luce

410 3665 461 3718 diei
487 3664 657 3718 illuminato.
700 3663 802 3717 Verum
832 3666 904 3716 uude
933 3663 986 3715 hnc
1014 3664 1108 3716 lumen
1136 3663 1163 3716 in
1188 3664 1294 3716 Lunam
1325 3663 1478 3724 derivetur,
1510 3661 1617 3729 positus
1648 3660 1709 3728 ejus
1734 3659 1770 3712 ad

409 3746 521 3798 Terram
544 3743 674 3798 ostendit.
716 3742 787 3796 Nam
809 3743 836 3796 in
862 3742 1001 3795 novilunio
1022 3744 1104 3796 Luna
1123 3742 1181 3796 Soli
1207 3750 1238 3795 et
1258 3743 1361 3795 Terrae
1390 3740 1555 3809 interposita
1583 3756 1645 3793 eam
1666 3740 1770 3792 Terrae

412 3825 517 3886 faciem,
541 3838 623 3894 quam
644 3822 692 3876 Sol
713 3822 858 3885 illuminat,
881 3823 933 3875 sihi
955 3840 970 3873 e
992 3822 1095 3875 directo
1117 3822 1290 3892 suppositam
1312 3823 1444 3874 intuetur.
1479 3826 1517 3872 At
1538 3820 1675 3872 radiorum
1689 3818 1769 3871 Sola·

412 3904 482 3958 rium
504 3904 532 3957 iu
555 3904 658 3956 Terrae
680 3901 797 3972 singulis
819 3903 946 3971 partibus
968 3902 1157 3971 particulatim
1184 3903 1350 3955 reflexornm
1377 3900 1499 3953 norimus
1521 3915 1581 3951 eam
1609 3915 1671 3951 esse
1692 3896 1769 3950 lorti-

411 3984 533 4037 tudiuem
555 3989 585 4035 et
606 3982 905 4052 resplendescentiam‚
928 3990 960 4035 ut
980 3982 1008 4034 iu
1029 3980 1096 4035 locis
1119 3981 1219 4050 apricis
1242 3982 1381 4033 oculorum
1402 3980 1487 4032 aciem
1509 3979 1632 4040 hebetet,
1655 3976 1719 4047 quin
1740 3982 1771 4028 et

412 4064 510 4117 intima
531 4062 716 4116 aedificiorum
733 4061 900 4131 penetralia,
923 4062 1009 4114 sicubi
1024 4062 1107 4114 etiam
1122 4077 1174 4129 per
1186 4062 1313 4113 rimulam
1336 4059 1442 4130 ingredi
1458 4062 1546 4120 datur,
1569 4058 1630 4109 luce
1645 4056 1769 4126 oppleat.

411 4144 478 4205 Quis
499 4144 554 4196 hoc
574 4142 645 4194 idem
665 4142 699 4193 de
720 4141 848 4194 universo
871 4141 930 4210 ipso
952 4159 988 4195 ex
1009 4147 1072 4195 tota
1091 4141 1179 4193 Terra
1205 4140 1354 4209 conjuncta
1379 4155 1452 4209 aqua
1478 4138 1594 4190 collecto
1616 4144 1645 4190 et
1665 4137 1771 4190 reflexo

412 4223 552 4293 negabit?
572 4220 695 4275 Dicimus
717 4238 786 4291 ergo
808 4222 919 4274 Terram
941 4238 1053 4274 corusco
1076 4237 1126 4273 sno
1149 4236 1167 4272 a
1180 4220 1245 4274 Sole
1266 4220 1319 4273 sibi
1340 4219 1459 4272 immisso
1480 4217 1581 4270 lumine
1604 4216 1772 4286 opacitatem

409 4304 468 4356 sire
488 4310 598 4357 noctem
617 4300 646 4354 in
667 4301 769 4354 Lunari
800 4317 913 4369 corpore
934 4319 989 4354 nnn
1009 4300 1098 4354 miuus
1120 4299 1269 4363 irradiare,
1301 4315 1382 4368 quam
1404 4297 1523 4351 vicissim
1546 4294 1669 4366 (prorsus
1691 4294 1772 4348 simili

409 4379 501 4447 modo)
521 4383 605 4436 Luna
624 4380 710 4449 plena
735 4380 791 4433 suis
813 4397 831 4433 a
851 4380 916 4434 Sole
945 4381 1068 4450 acceptis
1098 4380 1183 4433 radiis
1214 4387 1324 4433 nostras
1346 4379 1374 4432 iu
1396 4380 1482 4431 Terra
1511 4383 1607 4430 noctes
1637 4377 1771 4439 illustrat,

410 4471 495 4532 atque
516 4479 568 4532 pro
589 4459 729 4515 claritatis
751 4477 845 4512 eorum
866 4461 975 4514 ratione
997 4461 1024 4513 iu
1045 4460 1115 4513 diem
1137 4460 1196 4512 lere
1218 4466 1377 4512 commutat.
1419 4459 1502 4526 ldque
1525 4464 1604 4510 tauto
1627 4454 1770 4516 illustrius,

411 4549 515 4613 quanto
537 4540 655 4594 circulus
677 4540 780 4593 Terrae
803 4540 905 4593 circulo
924 4540 1029 4594 Lunari
1056 4539 1144 4608 maior
1166 4545 1219 4592 est.
1261 4539 1313 4593 Est
1341 4545 1435 4591 autem
1462 4536 1536 4589 illius
1558 4537 1593 4588 ad
1615 4535 1687 4587 hunc
1707 4548 1771 4602 pro·

409 4622 500 4692 portio
521 4620 612 4690 major
632 4636 714 4690 quam
735 4621 915 4688 duodecupla.
960 4621 1051 4681 Quare
1073 4619 1157 4681 sicut,
1187 4624 1220 4671 ut
1241 4624 1307 4671 ante
1328 4618 1461 4679 diximus,
1490 4616 1561 4668 haec
1582 4616 1634 4667 duo
1656 4627 1774 4681 corpora

411 4703 464 4756 sibi
484 4709 580 4755 mutuo
601 4717 653 4769 per
673 4699 748 4753 riees
763 4699 834 4753 Solis
857 4700 949 4754 lumen
969 4698 1166 4768 intercipiunt:
1189 4697 1231 4751 ita
1249 4696 1368 4751 vicissim
1386 4695 1501 4751 alterius
1523 4701 1631 4748 noctem
1652 4693 1772 4746 alterum

410 4782 559 4836 illuminat.
601 4778 673 4833 Huic
703 4780 861 4832 sententiae
892 4781 1064 4850 suffragatur
1084 4778 1135 4831 illa
1166 4777 1274 4830 luminis
1305 4778 1384 4831 istius
1411 4774 1578 4830 attenuatio.
1621 4774 1772 4842 Postquam

410 4862 482 4915 euim
501 4862 583 4915 Luna
608 4861 738 4913 recedere
759 4874 778 4911 a
797 4858 950 4923 novilunio,
982 4862 1054 4912 hanc
1075 4857 1178 4911 Terrae
1213 4857 1396 4911 illuminatam
1426 4855 1603 4910 medietatem
1634 4850 1771 4921 paulatim

410 4942 566 5013 relinquere
586 4939 782 5008 residuamque
802 4938 864 5007 ejus
885 4948 994 5009 partem
1016 4937 1106 5008 magis
1128 4937 1273 5008 magisque
1295 4931 1406 5007 oblique
1428 4934 1528 4989 intueri
1550 4932 1663 5001 incipit:
1693 4928 1771 4984 forti·

410 5023 477 5074 tudo
504 5020 643 5075 radiorum
672 5020 837 5071 retiexorum
866 5021 945 5073 simul
970 5029 999 5071 et
1029 5016 1159 5070 minuitur
1186 5024 1217 5069 et
1246 5015 1406 5071 hebetatur.
1447 5015 1518 5068 Hinc
1538 5012 1623 5066 litut
1643 5008 1770 5081 quicquid

408 5099 521 5155 luminis
539 5100 625 5171 hujus
645 5096 675 5152 iu
693 5097 802 5153 Lunam
823 5099 994 5153 dimidiatam
1013 5096 1059 5152 rel
1084 5094 1288 5166 praetumidan
1311 5095 1478 5159 reflectitur,
1499 5092 1527 5145 iu
1548 5092 1636 5146 Terra
1655 5094 1772 5161 propter

489 5191 576 5243 ΒΜ
589 5191 668 5243 ΟΜ
682 5189 709 5232 ¹¹·
1522 5181 1556 5236 ld
