<?xml version="1.0" encoding="UTF-8"?>
<!DOCTYPE html PUBLIC "-//W3C//DTD XHTML 1.0 Transitional//EN"
    "http://www.w3.org/TR/xhtml1/DTD/xhtml1-transitional.dtd">
<html xmlns="http://www.w3.org/1999/xhtml" xml:lang="en" lang="en">
 <head>
  <title>
</title>
<meta http-equiv="Content-Type" content="text/html;charset=utf-8" />
  <meta name='ocr-system' content='tesseract 3.04.00' />
  <meta name='ocr-capabilities' content='ocr_page ocr_carea ocr_par ocr_line ocrx_word'/>
</head>
<body>
  <div class='ocr_page' id='page_1' title='image "./joanniskepleria02frisgoog_0265.png"; bbox 0 0 4584 6192; ppageno 0'>
   <div class='ocr_carea' id='block_1_1' title="bbox 576 599 1466 668">
    <p class='ocr_par' dir='ltr' id='par_1_1' title="bbox 576 599 1466 668">
     <span class='ocr_line' id='line_1_1' title="bbox 576 599 1466 668; baseline 0 -15"><span class='ocrx_word' id='word_1_1' title='bbox 576 599 642 668; x_wconf 59' lang='grc' dir='ltr'><strong><em>Μ</em></strong></span> <span class='ocrx_word' id='word_1_2' title='bbox 1046 602 1238 667; x_wconf 79' lang='lat' dir='ltr'><strong>Patellpcroena</strong></span> <span class='ocrx_word' id='word_1_3' title='bbox 1253 604 1281 653; x_wconf 83' lang='lat' dir='ltr'><strong>ia</strong></span> <span class='ocrx_word' id='word_1_4' title='bbox 1298 602 1466 655; x_wconf 76' lang='lat' dir='ltr'><strong>Vitelliam.</strong></span> 
     </span>
    </p>
   </div>
   <div class='ocr_carea' id='block_1_2' title="bbox 574 776 1934 1125">
    <p class='ocr_par' dir='ltr' id='par_1_2' title="bbox 574 776 1934 1125">
     <span class='ocr_line' id='line_1_2' title="bbox 574 776 1933 859; baseline 0.001 -19"><span class='ocrx_word' id='word_1_5' title='bbox 574 777 663 849; x_wconf 84' lang='lat' dir='ltr'><strong>Quod</strong></span> <span class='ocrx_word' id='word_1_6' title='bbox 687 776 841 841; x_wconf 87' lang='lat' dir='ltr'><strong>autemid</strong></span> <span class='ocrx_word' id='word_1_7' title='bbox 865 779 899 840; x_wconf 91' lang='lat' dir='ltr'><strong>fit</strong></span> <span class='ocrx_word' id='word_1_8' title='bbox 922 797 979 839; x_wconf 95' lang='lat' dir='ltr'><strong>non</strong></span> <span class='ocrx_word' id='word_1_9' title='bbox 999 779 1027 840; x_wconf 93' lang='lat' dir='ltr'><strong>in</strong></span> <span class='ocrx_word' id='word_1_10' title='bbox 1048 802 1072 840; x_wconf 88' lang='lat' dir='ltr'><strong>o</strong></span> <span class='ocrx_word' id='word_1_11' title='bbox 1096 778 1224 841; x_wconf 91' lang='lat' dir='ltr'><strong>termino</strong></span> <span class='ocrx_word' id='word_1_12' title='bbox 1248 778 1393 840; x_wconf 90' lang='lat' dir='ltr'><strong>cititimae</strong></span> <span class='ocrx_word' id='word_1_13' title='bbox 1416 779 1651 854; x_wconf 81' lang='lat' dir='ltr'><strong>intersectionis,</strong></span> <span class='ocrx_word' id='word_1_14' title='bbox 1675 787 1838 842; x_wconf 88' lang='lat' dir='ltr'><strong>causaest</strong></span> <span class='ocrx_word' id='word_1_15' title='bbox 1861 781 1933 859; x_wconf 91' lang='lat' dir='ltr'><strong>quia</strong></span> 
     </span>
     <span class='ocr_line' id='line_1_3' title="bbox 574 867 1931 947; baseline 0.001 -18"><span class='ocrx_word' id='word_1_16' title='bbox 574 867 705 930; x_wconf 88' lang='lat' dir='ltr'><strong>citimam</strong></span> <span class='ocrx_word' id='word_1_17' title='bbox 730 867 971 928; x_wconf 81' lang='lat' dir='ltr'><strong>intersectionem</strong></span> <span class='ocrx_word' id='word_1_18' title='bbox 994 891 1018 929; x_wconf 82' lang='lat' dir='ltr'><strong>o</strong></span> <span class='ocrx_word' id='word_1_19' title='bbox 1043 867 1176 929; x_wconf 84' lang='lat' dir='ltr'><strong>efficiunt</strong></span> <span class='ocrx_word' id='word_1_20' title='bbox 1199 891 1254 942; x_wconf 83' lang='lat' dir='ltr'><strong>cn,</strong></span> <span class='ocrx_word' id='word_1_21' title='bbox 1275 868 1320 942; x_wconf 82' lang='grc' dir='ltr'><strong>βω</strong></span> <span class='ocrx_word' id='word_1_22' title='bbox 1343 868 1420 930; x_wconf 91' lang='lat' dir='ltr'><strong>radii</strong></span> <span class='ocrx_word' id='word_1_23' title='bbox 1444 888 1464 929; x_wconf 89' lang='lat' dir='ltr'><strong>a</strong></span> <span class='ocrx_word' id='word_1_24' title='bbox 1487 868 1632 931; x_wconf 89' lang='lat' dir='ltr'><strong>lateribus</strong></span> <span class='ocrx_word' id='word_1_25' title='bbox 1655 868 1784 929; x_wconf 77' lang='lat' dir='ltr'><strong>debilius</strong></span> <span class='ocrx_word' id='word_1_26' title='bbox 1809 868 1931 947; x_wconf 80' lang='lat' dir='ltr'><strong>allapsi,</strong></span> 
     </span>
     <span class='ocr_line' id='line_1_4' title="bbox 574 956 1934 1038; baseline 0.002 -21"><span class='ocrx_word' id='word_1_27' title='bbox 574 956 644 1035; x_wconf 93' lang='lat' dir='ltr'><strong>qnia</strong></span> <span class='ocrx_word' id='word_1_28' title='bbox 667 957 695 1018; x_wconf 94' lang='lat' dir='ltr'><strong>in</strong></span> <span class='ocrx_word' id='word_1_29' title='bbox 729 974 840 1035; x_wconf 91' lang='lat' dir='ltr'><strong>magna</strong></span> <span class='ocrx_word' id='word_1_30' title='bbox 871 956 1072 1017; x_wconf 90' lang='lat' dir='ltr'><strong>refractione:</strong></span> <span class='ocrx_word' id='word_1_31' title='bbox 1108 956 1204 1017; x_wconf 90' lang='lat' dir='ltr'><strong>locum</strong></span> <span class='ocrx_word' id='word_1_32' title='bbox 1235 974 1307 1017; x_wconf 88' lang='lat' dir='ltr'><strong>vero</strong></span> <span class='ocrx_word' id='word_1_33' title='bbox 1341 956 1484 1019; x_wconf 84' lang='lat' dir='ltr'><strong>sectionis</strong></span> <span class='ocrx_word' id='word_1_34' title='bbox 1513 981 1537 1017; x_wconf 86' lang='grc' dir='ltr'><strong>ω</strong></span> <span class='ocrx_word' id='word_1_35' title='bbox 1570 956 1600 1017; x_wconf 95' lang='lat' dir='ltr'><strong>in</strong></span> <span class='ocrx_word' id='word_1_36' title='bbox 1633 974 1748 1038; x_wconf 81' lang='lat' dir='ltr'><strong>papyro</strong></span> <span class='ocrx_word' id='word_1_37' title='bbox 1781 967 1934 1037; x_wconf 88' lang='lat' dir='ltr'><strong>occupant</strong></span> 
     </span>
     <span class='ocr_line' id='line_1_5' title="bbox 574 1043 1931 1125; baseline 0.001 -20"><span class='ocrx_word' id='word_1_38' title='bbox 574 1044 667 1105; x_wconf 88' lang='lat' dir='ltr'><strong>etiam</strong></span> <span class='ocrx_word' id='word_1_39' title='bbox 691 1043 767 1106; x_wconf 89' lang='lat' dir='ltr'><strong>radii</strong></span> <span class='ocrx_word' id='word_1_40' title='bbox 791 1043 940 1122; x_wconf 88' lang='lat' dir='ltr'><strong>(ejusdem</strong></span> <span class='ocrx_word' id='word_1_41' title='bbox 965 1044 1091 1105; x_wconf 87' lang='lat' dir='ltr'><strong>lucentis</strong></span> <span class='ocrx_word' id='word_1_42' title='bbox 1115 1063 1169 1124; x_wconf 92' lang='lat' dir='ltr'><strong>per</strong></span> <span class='ocrx_word' id='word_1_43' title='bbox 1191 1044 1311 1124; x_wconf 84' lang='lat' dir='ltr'><strong>globum</strong></span> <span class='ocrx_word' id='word_1_44' title='bbox 1342 1046 1460 1125; x_wconf 85' lang='lat' dir='ltr'><strong>puncti)</strong></span> <span class='ocrx_word' id='word_1_45' title='bbox 1489 1046 1580 1106; x_wconf 89' lang='lat' dir='ltr'><strong>ceteri</strong></span> <span class='ocrx_word' id='word_1_46' title='bbox 1605 1046 1734 1106; x_wconf 88' lang='lat' dir='ltr'><strong>nondum</strong></span> <span class='ocrx_word' id='word_1_47' title='bbox 1764 1044 1931 1119; x_wconf 87' lang='lat' dir='ltr'><strong>intersecti,</strong></span> 
     </span>
    </p>
   </div>
   <div class='ocr_carea' id='block_1_3' title="bbox 457 1132 1932 1214">
    <p class='ocr_par' dir='ltr' id='par_1_3' title="bbox 457 1132 1932 1214">
     <span class='ocr_line' id='line_1_6' title="bbox 457 1132 1932 1214; baseline 0.001 -21"><span class='ocrx_word' id='word_1_48' title='bbox 457 1189 458 1193; x_wconf 75' lang='grc'>,</span> <span class='ocrx_word' id='word_1_49' title='bbox 574 1133 693 1195; x_wconf 86' lang='lat' dir='ltr'><strong>collecti</strong></span> <span class='ocrx_word' id='word_1_50' title='bbox 716 1141 816 1193; x_wconf 89' lang='lat' dir='ltr'><strong>tamen</strong></span> <span class='ocrx_word' id='word_1_51' title='bbox 836 1141 867 1191; x_wconf 93' lang='lat' dir='ltr'><strong>et</strong></span> <span class='ocrx_word' id='word_1_52' title='bbox 890 1132 973 1206; x_wconf 89' lang='lat' dir='ltr'><strong>clari,</strong></span> <span class='ocrx_word' id='word_1_53' title='bbox 998 1133 1099 1213; x_wconf 88' lang='lat' dir='ltr'><strong>itaque</strong></span> <span class='ocrx_word' id='word_1_54' title='bbox 1123 1133 1268 1195; x_wconf 90' lang='lat' dir='ltr'><strong>collectos</strong></span> <span class='ocrx_word' id='word_1_55' title='bbox 1294 1133 1333 1193; x_wconf 91' lang='lat' dir='ltr'><strong>ad</strong></span> <span class='ocrx_word' id='word_1_56' title='bbox 1356 1134 1559 1196; x_wconf 83' lang='lat' dir='ltr'><strong>sectionemu</strong></span> <span class='ocrx_word' id='word_1_57' title='bbox 1584 1133 1756 1195; x_wconf 81' lang='lat' dir='ltr'><strong>obliterant.</strong></span> <span class='ocrx_word' id='word_1_58' title='bbox 1795 1134 1932 1214; x_wconf 90' lang='lat' dir='ltr'><strong>Denique</strong></span> 
     </span>
    </p>
   </div>
   <div class='ocr_carea' id='block_1_4' title="bbox 545 1219 1933 2009">
    <p class='ocr_par' dir='ltr' id='par_1_4' title="bbox 574 1219 1931 1391">
     <span class='ocr_line' id='line_1_7' title="bbox 574 1219 1931 1301; baseline 0.001 -19"><span class='ocrx_word' id='word_1_59' title='bbox 574 1220 641 1282; x_wconf 91' lang='lat' dir='ltr'><strong>coni</strong></span> <span class='ocrx_word' id='word_1_60' title='bbox 665 1220 821 1282; x_wconf 88' lang='lat' dir='ltr'><strong>venientes</strong></span> <span class='ocrx_word' id='word_1_61' title='bbox 845 1219 884 1281; x_wconf 94' lang='lat' dir='ltr'><strong>ab</strong></span> <span class='ocrx_word' id='word_1_62' title='bbox 907 1221 975 1283; x_wconf 89' lang='lat' dir='ltr'><strong>aliis</strong></span> <span class='ocrx_word' id='word_1_63' title='bbox 998 1220 1117 1301; x_wconf 88' lang='lat' dir='ltr'><strong>punctis</strong></span> <span class='ocrx_word' id='word_1_64' title='bbox 1140 1221 1183 1283; x_wconf 89' lang='lat' dir='ltr'><strong>rei</strong></span> <span class='ocrx_word' id='word_1_65' title='bbox 1207 1222 1335 1283; x_wconf 91' lang='lat' dir='ltr'><strong>lucentis</strong></span> <span class='ocrx_word' id='word_1_66' title='bbox 1364 1230 1435 1283; x_wconf 91' lang='lat' dir='ltr'><strong>sunt</strong></span> <span class='ocrx_word' id='word_1_67' title='bbox 1461 1221 1587 1284; x_wconf 89' lang='lat' dir='ltr'><strong>latiores</strong></span> <span class='ocrx_word' id='word_1_68' title='bbox 1610 1221 1718 1291; x_wconf 84' lang='lat' dir='ltr'><strong>adbuc,</strong></span> <span class='ocrx_word' id='word_1_69' title='bbox 1742 1230 1776 1283; x_wconf 91' lang='grc' dir='ltr'><strong>ιιι</strong></span> <span class='ocrx_word' id='word_1_70' title='bbox 1795 1223 1844 1284; x_wconf 93' lang='lat' dir='ltr'><strong>hic</strong></span> <span class='ocrx_word' id='word_1_71' title='bbox 1865 1250 1883 1298; x_wconf 73' lang='lat' dir='ltr'><strong>a,</strong></span> <span class='ocrx_word' id='word_1_72' title='bbox 1905 1248 1931 1297; x_wconf 77' lang='lat' dir='ltr'><strong>a,</strong></span> 
     </span>
     <span class='ocr_line' id='line_1_8' title="bbox 574 1308 1700 1391; baseline -0.001 -19"><span class='ocrx_word' id='word_1_73' title='bbox 574 1316 606 1372; x_wconf 91' lang='lat' dir='ltr'><strong>et</strong></span> <span class='ocrx_word' id='word_1_74' title='bbox 628 1318 747 1389; x_wconf 90' lang='lat' dir='ltr'><strong>partem</strong></span> <span class='ocrx_word' id='word_1_75' title='bbox 771 1308 829 1370; x_wconf 90' lang='lat' dir='ltr'><strong>loci</strong></span> <span class='ocrx_word' id='word_1_76' title='bbox 853 1309 930 1371; x_wconf 90' lang='lat' dir='ltr'><strong>alter</strong></span> <span class='ocrx_word' id='word_1_77' title='bbox 953 1310 1077 1371; x_wconf 89' lang='lat' dir='ltr'><strong>alterius</strong></span> <span class='ocrx_word' id='word_1_78' title='bbox 1101 1319 1260 1389; x_wconf 89' lang='lat' dir='ltr'><strong>occupant,</strong></span> <span class='ocrx_word' id='word_1_79' title='bbox 1284 1310 1462 1391; x_wconf 90' lang='lat' dir='ltr'><strong>pariuntque</strong></span> <span class='ocrx_word' id='word_1_80' title='bbox 1486 1311 1700 1373; x_wconf 87' lang='lat' dir='ltr'><strong>confusionem.</strong></span> 
     </span>
    </p>

    <p class='ocr_par' dir='ltr' id='par_1_5' title="bbox 545 1396 1933 2009">
     <span class='ocr_line' id='line_1_9' title="bbox 663 1396 1932 1479; baseline -0.001 -18"><span class='ocrx_word' id='word_1_81' title='bbox 663 1396 777 1461; x_wconf 82' lang='lat' dir='ltr'><strong>Contra</strong></span> <span class='ocrx_word' id='word_1_82' title='bbox 809 1397 837 1458; x_wconf 82' lang='lat' dir='ltr'><strong>fn</strong></span> <span class='ocrx_word' id='word_1_83' title='bbox 872 1398 1085 1460; x_wconf 83' lang='lat' dir='ltr'><strong>intersectione</strong></span> <span class='ocrx_word' id='word_1_84' title='bbox 1118 1407 1273 1479; x_wconf 89' lang='lat' dir='ltr'><strong>postrema</strong></span> <span class='ocrx_word' id='word_1_85' title='bbox 1306 1414 1332 1478; x_wconf 85' lang='grc' dir='ltr'>ψ</span> <span class='ocrx_word' id='word_1_86' title='bbox 1363 1399 1448 1461; x_wconf 85' lang='grc' dir='ltr'>ιιιιι1ιί</span> <span class='ocrx_word' id='word_1_87' title='bbox 1485 1398 1560 1460; x_wconf 89' lang='lat' dir='ltr'><strong>radii</strong></span> <span class='ocrx_word' id='word_1_88' title='bbox 1594 1400 1633 1460; x_wconf 89' lang='lat' dir='ltr'><strong>ab</strong></span> <span class='ocrx_word' id='word_1_89' title='bbox 1670 1398 1776 1459; x_wconf 88' lang='lat' dir='ltr'><strong>eodem</strong></span> <span class='ocrx_word' id='word_1_90' title='bbox 1811 1398 1932 1460; x_wconf 88' lang='lat' dir='ltr'><strong>lucente</strong></span> 
     </span>
     <span class='ocr_line' id='line_1_10' title="bbox 573 1485 1931 1567; baseline 0.001 -20"><span class='ocrx_word' id='word_1_91' title='bbox 573 1494 693 1567; x_wconf 87' lang='lat' dir='ltr'><strong>puncto,</strong></span> <span class='ocrx_word' id='word_1_92' title='bbox 716 1485 851 1565; x_wconf 82' lang='lat' dir='ltr'><strong>proxIme</strong></span> <span class='ocrx_word' id='word_1_93' title='bbox 875 1487 1130 1550; x_wconf 83' lang='lat' dir='ltr'><strong>circumsistentes</strong></span> <span class='ocrx_word' id='word_1_94' title='bbox 1154 1486 1431 1567; x_wconf 87' lang='lat' dir='ltr'><strong>perpendicularem</strong></span> <span class='ocrx_word' id='word_1_95' title='bbox 1456 1487 1652 1549; x_wconf 88' lang='lat' dir='ltr'><strong>fortissimum</strong></span> <span class='ocrx_word' id='word_1_96' title='bbox 1672 1502 1733 1566; x_wconf 76' lang='lat' dir='ltr'><strong>apo,</strong></span> <span class='ocrx_word' id='word_1_97' title='bbox 1758 1497 1869 1548; x_wconf 88' lang='lat' dir='ltr'><strong>coeunt</strong></span> <span class='ocrx_word' id='word_1_98' title='bbox 1891 1488 1931 1549; x_wconf 87' lang='lat' dir='ltr'><strong>ad</strong></span> 
     </span>
     <span class='ocr_line' id='line_1_11' title="bbox 573 1575 1930 1657; baseline 0 -21"><span class='ocrx_word' id='word_1_99' title='bbox 573 1593 661 1636; x_wconf 94' lang='lat' dir='ltr'><strong>nnnm</strong></span> <span class='ocrx_word' id='word_1_100' title='bbox 685 1583 828 1654; x_wconf 88' lang='lat' dir='ltr'><strong>punctum</strong></span> <span class='ocrx_word' id='word_1_101' title='bbox 843 1592 898 1654; x_wconf 90' lang='lat' dir='ltr'><strong>per</strong></span> <span class='ocrx_word' id='word_1_102' title='bbox 914 1575 964 1639; x_wconf 85' lang='lat'><strong>15.</strong></span> <span class='ocrx_word' id='word_1_103' title='bbox 989 1576 1196 1655; x_wconf 86' lang='lat' dir='ltr'><strong>praemissam,</strong></span> <span class='ocrx_word' id='word_1_104' title='bbox 1222 1582 1254 1637; x_wconf 92' lang='lat' dir='ltr'><strong>et</strong></span> <span class='ocrx_word' id='word_1_105' title='bbox 1274 1577 1342 1657; x_wconf 89' lang='lat' dir='ltr'><strong>quia</strong></span> <span class='ocrx_word' id='word_1_106' title='bbox 1362 1576 1429 1638; x_wconf 91' lang='lat' dir='ltr'><strong>coni</strong></span> <span class='ocrx_word' id='word_1_107' title='bbox 1447 1576 1596 1638; x_wconf 89' lang='lat' dir='ltr'><strong>attenuati</strong></span> <span class='ocrx_word' id='word_1_108' title='bbox 1614 1585 1685 1637; x_wconf 90' lang='lat' dir='ltr'><strong>sunt</strong></span> <span class='ocrx_word' id='word_1_109' title='bbox 1706 1575 1736 1637; x_wconf 92' lang='lat' dir='ltr'><strong>in</strong></span> <span class='ocrx_word' id='word_1_110' title='bbox 1761 1593 1930 1651; x_wconf 89' lang='lat' dir='ltr'><strong>mucrones,</strong></span> 
     </span>
     <span class='ocr_line' id='line_1_12' title="bbox 574 1663 1933 1744; baseline 0.003 -22"><span class='ocrx_word' id='word_1_111' title='bbox 574 1663 685 1724; x_wconf 90' lang='lat' dir='ltr'><strong>nnllam</strong></span> <span class='ocrx_word' id='word_1_112' title='bbox 722 1663 853 1724; x_wconf 87' lang='lat' dir='ltr'><strong>alienam</strong></span> <span class='ocrx_word' id='word_1_113' title='bbox 891 1665 1044 1744; x_wconf 83' lang='lat' dir='ltr'><strong>regionem</strong></span> <span class='ocrx_word' id='word_1_114' title='bbox 1081 1672 1249 1744; x_wconf 82' lang='lat' dir='ltr'><strong>occupant;</strong></span> <span class='ocrx_word' id='word_1_115' title='bbox 1282 1674 1316 1726; x_wconf 92' lang='lat' dir='ltr'><strong>nt</strong></span> <span class='ocrx_word' id='word_1_116' title='bbox 1348 1664 1393 1726; x_wconf 90' lang='lat' dir='ltr'><strong>ita</strong></span> <span class='ocrx_word' id='word_1_117' title='bbox 1429 1664 1549 1744; x_wconf 90' lang='lat' dir='ltr'><strong>singula</strong></span> <span class='ocrx_word' id='word_1_118' title='bbox 1584 1672 1698 1742; x_wconf 87' lang='lat' dir='ltr'><strong>puncta</strong></span> <span class='ocrx_word' id='word_1_119' title='bbox 1737 1663 1866 1726; x_wconf 89' lang='lat' dir='ltr'><strong>seorsim</strong></span> <span class='ocrx_word' id='word_1_120' title='bbox 1900 1673 1933 1726; x_wconf 88' lang='lat' dir='ltr'><strong>et</strong></span> 
     </span>
     <span class='ocr_line' id='line_1_13' title="bbox 576 1751 1927 1834; baseline 0.002 -23"><span class='ocrx_word' id='word_1_121' title='bbox 576 1751 717 1812; x_wconf 86' lang='lat' dir='ltr'><strong>distincte</strong></span> <span class='ocrx_word' id='word_1_122' title='bbox 740 1751 912 1830; x_wconf 85' lang='lat' dir='ltr'><strong>pingantur.</strong></span> <span class='ocrx_word' id='word_1_123' title='bbox 958 1752 1154 1815; x_wconf 90' lang='lat' dir='ltr'><strong>Solummodo</strong></span> <span class='ocrx_word' id='word_1_124' title='bbox 1179 1753 1255 1814; x_wconf 89' lang='lat' dir='ltr'><strong>radii</strong></span> <span class='ocrx_word' id='word_1_125' title='bbox 1278 1754 1371 1834; x_wconf 86' lang='lat' dir='ltr'><strong>aliqui</strong></span> <span class='ocrx_word' id='word_1_126' title='bbox 1394 1761 1560 1815; x_wconf 87' lang='lat' dir='ltr'><strong>ceterorum</strong></span> <span class='ocrx_word' id='word_1_127' title='bbox 1583 1754 1612 1813; x_wconf 90' lang='lat' dir='ltr'><strong>in</strong></span> <span class='ocrx_word' id='word_1_128' title='bbox 1636 1771 1669 1814; x_wconf 90' lang='lat' dir='ltr'><strong>re</strong></span> <span class='ocrx_word' id='word_1_129' title='bbox 1692 1751 1805 1813; x_wconf 84' lang='lat' dir='ltr'><strong>visibili</strong></span> <span class='ocrx_word' id='word_1_130' title='bbox 1829 1771 1927 1832; x_wconf 91' lang='lat' dir='ltr'><strong>punc-</strong></span> 
     </span>
     <span class='ocr_line' id='line_1_14' title="bbox 545 1839 1931 1921; baseline 0.001 -21"><span class='ocrx_word' id='word_1_131' title='bbox 545 1848 670 1902; x_wconf 89' lang='lat' dir='ltr'><strong>·torum</strong></span> <span class='ocrx_word' id='word_1_132' title='bbox 699 1839 884 1913; x_wconf 90' lang='lat' dir='ltr'><strong>allabuntur,</strong></span> <span class='ocrx_word' id='word_1_133' title='bbox 914 1841 967 1902; x_wconf 90' lang='lat' dir='ltr'><strong>sed</strong></span> <span class='ocrx_word' id='word_1_134' title='bbox 996 1843 1059 1921; x_wconf 91' lang='lat' dir='ltr'><strong>jam</strong></span> <span class='ocrx_word' id='word_1_135' title='bbox 1090 1841 1247 1903; x_wconf 88' lang='lat' dir='ltr'><strong>intersecti</strong></span> <span class='ocrx_word' id='word_1_136' title='bbox 1270 1851 1303 1905; x_wconf 90' lang='lat' dir='ltr'><strong>et</strong></span> <span class='ocrx_word' id='word_1_137' title='bbox 1325 1841 1501 1915; x_wconf 89' lang='lat' dir='ltr'><strong>debiliores,</strong></span> <span class='ocrx_word' id='word_1_138' title='bbox 1531 1850 1565 1903; x_wconf 93' lang='grc' dir='ltr'><strong>ιιι</strong></span> <span class='ocrx_word' id='word_1_139' title='bbox 1587 1841 1613 1902; x_wconf 90' lang='lat' dir='ltr'><strong>si</strong></span> <span class='ocrx_word' id='word_1_140' title='bbox 1637 1859 1729 1902; x_wconf 90' lang='lat' dir='ltr'><strong>conus</strong></span> <span class='ocrx_word' id='word_1_141' title='bbox 1753 1840 1832 1902; x_wconf 89' lang='lat' dir='ltr'><strong>alius</strong></span> <span class='ocrx_word' id='word_1_142' title='bbox 1858 1842 1887 1903; x_wconf 94' lang='lat' dir='ltr'><strong>in</strong></span> <span class='ocrx_word' id='word_1_143' title='bbox 1912 1864 1931 1902; x_wconf 84' lang='lat' dir='ltr'><strong>o</strong></span> 
     </span>
     <span class='ocr_line' id='line_1_15' title="bbox 572 1927 1930 2009; baseline 0.001 -21"><span class='ocrx_word' id='word_1_144' title='bbox 572 1927 800 2002; x_wconf 83' lang='lat' dir='ltr'><strong>terminaretnr3</strong></span> <span class='ocrx_word' id='word_1_145' title='bbox 825 1938 929 1991; x_wconf 88' lang='lat' dir='ltr'><strong>essent</strong></span> <span class='ocrx_word' id='word_1_146' title='bbox 950 1930 1042 2009; x_wconf 89' lang='lat' dir='ltr'><strong>igitur</strong></span> <span class='ocrx_word' id='word_1_147' title='bbox 1065 1931 1171 1993; x_wconf 90' lang='lat' dir='ltr'><strong>eodem</strong></span> <span class='ocrx_word' id='word_1_148' title='bbox 1194 1932 1259 1993; x_wconf 91' lang='lat' dir='ltr'><strong>loco</strong></span> <span class='ocrx_word' id='word_1_149' title='bbox 1282 1941 1390 1993; x_wconf 82' lang='lat' dir='ltr'><strong>vertex</strong></span> <span class='ocrx_word' id='word_1_150' title='bbox 1412 1930 1481 1992; x_wconf 91' lang='lat' dir='ltr'><strong>novi</strong></span> <span class='ocrx_word' id='word_1_151' title='bbox 1501 1937 1532 1991; x_wconf 89' lang='lat' dir='ltr'><strong>et</strong></span> <span class='ocrx_word' id='word_1_152' title='bbox 1555 1929 1736 1992; x_wconf 84' lang='lat' dir='ltr'><strong>intersectas</strong></span> <span class='ocrx_word' id='word_1_153' title='bbox 1756 1950 1792 2006; x_wconf 81' lang='grc' dir='ltr'><strong>ην</strong></span> <span class='ocrx_word' id='word_1_154' title='bbox 1816 1928 1930 1990; x_wconf 88' lang='lat' dir='ltr'><strong>veteris</strong></span> 
     </span>
    </p>
   </div>
   <div class='ocr_carea' id='block_1_5' title="bbox 451 2015 1929 2099">
    <p class='ocr_par' dir='ltr' id='par_1_6' title="bbox 451 2015 1929 2099">
     <span class='ocr_line' id='line_1_16' title="bbox 451 2015 1929 2099; baseline 0.002 -22"><span class='ocrx_word' id='word_1_155' title='bbox 451 2046 454 2056; x_wconf 87' lang='lat'>·</span> <span class='ocrx_word' id='word_1_156' title='bbox 571 2017 658 2078; x_wconf 87' lang='lat' dir='ltr'><strong>coni:</strong></span> <span class='ocrx_word' id='word_1_157' title='bbox 693 2015 757 2097; x_wconf 90' lang='lat' dir='ltr'><strong>qni,</strong></span> <span class='ocrx_word' id='word_1_158' title='bbox 783 2017 809 2078; x_wconf 91' lang='lat' dir='ltr'><strong>si</strong></span> <span class='ocrx_word' id='word_1_159' title='bbox 832 2036 891 2097; x_wconf 92' lang='lat' dir='ltr'><strong>qna</strong></span> <span class='ocrx_word' id='word_1_160' title='bbox 914 2028 962 2079; x_wconf 81' lang='lat' dir='ltr'><strong>est</strong></span> <span class='ocrx_word' id='word_1_161' title='bbox 985 2018 1013 2080; x_wconf 91' lang='lat' dir='ltr'><strong>in</strong></span> <span class='ocrx_word' id='word_1_162' title='bbox 1038 2019 1095 2080; x_wconf 89' lang='lat' dir='ltr'><strong>hac</strong></span> <span class='ocrx_word' id='word_1_163' title='bbox 1127 2019 1246 2099; x_wconf 89' lang='lat' dir='ltr'><strong>pictura</strong></span> <span class='ocrx_word' id='word_1_164' title='bbox 1269 2020 1413 2094; x_wconf 90' lang='lat' dir='ltr'><strong>confusio,</strong></span> <span class='ocrx_word' id='word_1_165' title='bbox 1448 2037 1514 2080; x_wconf 89' lang='lat' dir='ltr'><strong>eam</strong></span> <span class='ocrx_word' id='word_1_166' title='bbox 1541 2018 1671 2098; x_wconf 80' lang='lat' dir='ltr'><strong>pariunt.</strong></span> <span class='ocrx_word' id='word_1_167' title='bbox 1718 2019 1822 2097; x_wconf 82' lang='lat' dir='ltr'><strong>Imago</strong></span> <span class='ocrx_word' id='word_1_168' title='bbox 1855 2036 1929 2080; x_wconf 88' lang='lat' dir='ltr'><strong>vero</strong></span> 
     </span>
    </p>
   </div>
   <div class='ocr_carea' id='block_1_6' title="bbox 521 2104 1971 4404">
    <p class='ocr_par' dir='ltr' id='par_1_7' title="bbox 571 2104 1971 2631">
     <span class='ocr_line' id='line_1_17' title="bbox 573 2104 1930 2185; baseline 0.001 -19"><span class='ocrx_word' id='word_1_169' title='bbox 573 2124 682 2167; x_wconf 87' lang='lat' dir='ltr'><strong>eversa</strong></span> <span class='ocrx_word' id='word_1_170' title='bbox 710 2112 759 2167; x_wconf 90' lang='lat' dir='ltr'><strong>est</strong></span> <span class='ocrx_word' id='word_1_171' title='bbox 788 2124 847 2168; x_wconf 93' lang='lat' dir='ltr'><strong>non</strong></span> <span class='ocrx_word' id='word_1_172' title='bbox 876 2106 913 2169; x_wconf 90' lang='lat' dir='ltr'><strong>ob</strong></span> <span class='ocrx_word' id='word_1_173' title='bbox 946 2108 1091 2169; x_wconf 87' lang='lat' dir='ltr'><strong>transitos</strong></span> <span class='ocrx_word' id='word_1_174' title='bbox 1124 2108 1268 2170; x_wconf 90' lang='lat' dir='ltr'><strong>terminos</strong></span> <span class='ocrx_word' id='word_1_175' title='bbox 1298 2107 1544 2172; x_wconf 88' lang='lat' dir='ltr'><strong>intersectionnm</strong></span> <span class='ocrx_word' id='word_1_176' title='bbox 1582 2107 1729 2169; x_wconf 90' lang='lat' dir='ltr'><strong>hactenus</strong></span> <span class='ocrx_word' id='word_1_177' title='bbox 1760 2104 1930 2185; x_wconf 83' lang='lat' dir='ltr'><strong>explicatos</strong></span> 
     </span>
     <span class='ocr_line' id='line_1_18' title="bbox 573 2193 1929 2279; baseline 0.001 -24"><span class='ocrx_word' id='word_1_178' title='bbox 573 2201 643 2255; x_wconf 91' lang='lat' dir='ltr'><strong>aute</strong></span> <span class='ocrx_word' id='word_1_179' title='bbox 667 2193 792 2267; x_wconf 88' lang='lat' dir='ltr'><strong>vitrum,</strong></span> <span class='ocrx_word' id='word_1_180' title='bbox 824 2195 879 2256; x_wconf 92' lang='lat' dir='ltr'><strong>sed</strong></span> <span class='ocrx_word' id='word_1_181' title='bbox 903 2195 973 2276; x_wconf 92' lang='lat' dir='ltr'><strong>qnia</strong></span> <span class='ocrx_word' id='word_1_182' title='bbox 994 2204 1136 2276; x_wconf 86' lang='lat' dir='ltr'><strong>punctum</strong></span> <span class='ocrx_word' id='word_1_183' title='bbox 1165 2197 1320 2279; x_wconf 90' lang='lat' dir='ltr'><strong>quodlibet</strong></span> <span class='ocrx_word' id='word_1_184' title='bbox 1341 2197 1384 2259; x_wconf 92' lang='lat' dir='ltr'><strong>rei</strong></span> <span class='ocrx_word' id='word_1_185' title='bbox 1408 2196 1553 2269; x_wconf 87' lang='lat' dir='ltr'><strong>visibilis,</strong></span> <span class='ocrx_word' id='word_1_186' title='bbox 1587 2193 1874 2275; x_wconf 79' lang='lat' dir='ltr'><strong>perpendiculariter</strong></span> <span class='ocrx_word' id='word_1_187' title='bbox 1897 2195 1929 2256; x_wconf 92' lang='lat' dir='ltr'><strong>in</strong></span> 
     </span>
     <span class='ocr_line' id='line_1_19' title="bbox 571 2282 1929 2368; baseline 0.001 -25"><span class='ocrx_word' id='word_1_188' title='bbox 571 2282 731 2362; x_wconf 86' lang='lat' dir='ltr'><strong>sphaeram</strong></span> <span class='ocrx_word' id='word_1_189' title='bbox 754 2282 888 2359; x_wconf 89' lang='lat' dir='ltr'><strong>radians,</strong></span> <span class='ocrx_word' id='word_1_190' title='bbox 912 2303 979 2346; x_wconf 91' lang='lat' dir='ltr'><strong>sese</strong></span> <span class='ocrx_word' id='word_1_191' title='bbox 997 2286 1160 2347; x_wconf 90' lang='lat' dir='ltr'><strong>fortissimo</strong></span> <span class='ocrx_word' id='word_1_192' title='bbox 1181 2305 1255 2349; x_wconf 89' lang='lat' dir='ltr'><strong>cono</strong></span> <span class='ocrx_word' id='word_1_193' title='bbox 1274 2296 1346 2368; x_wconf 91' lang='lat' dir='ltr'><strong>post</strong></span> <span class='ocrx_word' id='word_1_194' title='bbox 1366 2285 1476 2347; x_wconf 89' lang='lat' dir='ltr'><strong>vitrum</strong></span> <span class='ocrx_word' id='word_1_195' title='bbox 1495 2283 1612 2363; x_wconf 83' lang='lat' dir='ltr'><strong>pingit3</strong></span> <span class='ocrx_word' id='word_1_196' title='bbox 1636 2284 1714 2345; x_wconf 93' lang='lat' dir='ltr'><strong>nnde</strong></span> <span class='ocrx_word' id='word_1_197' title='bbox 1732 2285 1775 2358; x_wconf 87' lang='lat' dir='ltr'><strong>fir,</strong></span> <span class='ocrx_word' id='word_1_198' title='bbox 1796 2291 1831 2346; x_wconf 90' lang='lat' dir='ltr'><strong>nt</strong></span> <span class='ocrx_word' id='word_1_199' title='bbox 1854 2303 1929 2346; x_wconf 81' lang='lat' dir='ltr'><strong>axes</strong></span> 
     </span>
     <span class='ocr_line' id='line_1_20' title="bbox 572 2371 1927 2454; baseline 0.001 -21"><span class='ocrx_word' id='word_1_200' title='bbox 572 2390 711 2433; x_wconf 87' lang='lat' dir='ltr'><strong>concrum</strong></span> <span class='ocrx_word' id='word_1_201' title='bbox 726 2385 777 2451; x_wconf 83' lang='grc' dir='ltr'><strong>ψω</strong></span> <span class='ocrx_word' id='word_1_202' title='bbox 791 2371 820 2434; x_wconf 94' lang='lat' dir='ltr'><strong>in</strong></span> <span class='ocrx_word' id='word_1_203' title='bbox 846 2379 948 2434; x_wconf 89' lang='lat' dir='ltr'><strong>centro</strong></span> <span class='ocrx_word' id='word_1_204' title='bbox 971 2374 1118 2452; x_wconf 87' lang='lat' dir='ltr'><strong>sphaerae</strong></span> <span class='ocrx_word' id='word_1_205' title='bbox 1134 2394 1202 2436; x_wconf 91' lang='lat' dir='ltr'><strong>sese</strong></span> <span class='ocrx_word' id='word_1_206' title='bbox 1222 2373 1415 2450; x_wconf 85' lang='lat' dir='ltr'><strong>intersecant,</strong></span> <span class='ocrx_word' id='word_1_207' title='bbox 1440 2374 1497 2452; x_wconf 88' lang='lat' dir='ltr'><strong>ipsi</strong></span> <span class='ocrx_word' id='word_1_208' title='bbox 1520 2373 1734 2435; x_wconf 88' lang='lat' dir='ltr'><strong>refractionem</strong></span> <span class='ocrx_word' id='word_1_209' title='bbox 1749 2390 1806 2433; x_wconf 92' lang='lat' dir='ltr'><strong>non</strong></span> <span class='ocrx_word' id='word_1_210' title='bbox 1831 2373 1927 2454; x_wconf 87' lang='lat' dir='ltr'><strong>passi</strong></span> 
     </span>
     <span class='ocr_line' id='line_1_21' title="bbox 571 2459 1971 2543; baseline -0.001 -21"><span class='ocrx_word' id='word_1_211' title='bbox 571 2459 656 2522; x_wconf 88' lang='lat' dir='ltr'><strong>Haec</strong></span> <span class='ocrx_word' id='word_1_212' title='bbox 680 2468 728 2520; x_wconf 88' lang='lat' dir='ltr'><strong>est</strong></span> <span class='ocrx_word' id='word_1_213' title='bbox 751 2460 880 2539; x_wconf 90' lang='lat' dir='ltr'><strong>genuina</strong></span> <span class='ocrx_word' id='word_1_214' title='bbox 902 2481 996 2523; x_wconf 90' lang='lat' dir='ltr'><strong>cansa</strong></span> <span class='ocrx_word' id='word_1_215' title='bbox 1022 2461 1200 2524; x_wconf 88' lang='lat' dir='ltr'><strong>inversionis</strong></span> <span class='ocrx_word' id='word_1_216' title='bbox 1232 2464 1382 2543; x_wconf 87' lang='lat' dir='ltr'><strong>picturae,</strong></span> <span class='ocrx_word' id='word_1_217' title='bbox 1416 2480 1491 2541; x_wconf 86' lang='lat' dir='ltr'><strong>qnae</strong></span> <span class='ocrx_word' id='word_1_218' title='bbox 1515 2462 1549 2521; x_wconf 88' lang='lat' dir='ltr'><strong>fit</strong></span> <span class='ocrx_word' id='word_1_219' title='bbox 1573 2483 1591 2522; x_wconf 91' lang='lat' dir='ltr'><strong>a</strong></span> <span class='ocrx_word' id='word_1_220' title='bbox 1615 2463 1746 2541; x_wconf 87' lang='lat' dir='ltr'><strong>sphaera</strong></span> <span class='ocrx_word' id='word_1_221' title='bbox 1777 2460 1928 2535; x_wconf 88' lang='lat' dir='ltr'><strong>densiore,</strong></span> <span class='ocrx_word' id='word_1_222' title='bbox 1962 2478 1971 2492; x_wconf 88' lang='lat'><strong>·</strong></span> 
     </span>
     <span class='ocr_line' id='line_1_22' title="bbox 572 2549 1531 2631; baseline 0.001 -21"><span class='ocrx_word' id='word_1_223' title='bbox 572 2549 690 2628; x_wconf 89' lang='lat' dir='ltr'><strong>qnando</strong></span> <span class='ocrx_word' id='word_1_224' title='bbox 714 2567 751 2609; x_wconf 91' lang='lat' dir='ltr'><strong>ea</strong></span> <span class='ocrx_word' id='word_1_225' title='bbox 774 2567 831 2609; x_wconf 94' lang='lat' dir='ltr'><strong>non</strong></span> <span class='ocrx_word' id='word_1_226' title='bbox 856 2550 968 2627; x_wconf 88' lang='lat' dir='ltr'><strong>tegitur</strong></span> <span class='ocrx_word' id='word_1_227' title='bbox 992 2551 1092 2631; x_wconf 90' lang='lat' dir='ltr'><strong>aliquo</strong></span> <span class='ocrx_word' id='word_1_228' title='bbox 1116 2551 1222 2625; x_wconf 93' lang='lat' dir='ltr'><strong>solido,</strong></span> <span class='ocrx_word' id='word_1_229' title='bbox 1246 2553 1351 2615; x_wconf 90' lang='lat' dir='ltr'><strong>relicto</strong></span> <span class='ocrx_word' id='word_1_230' title='bbox 1376 2550 1531 2613; x_wconf 86' lang='lat' dir='ltr'><strong>foramine.</strong></span> 
     </span>
    </p>

    <p class='ocr_par' dir='ltr' id='par_1_8' title="bbox 568 2636 1929 3250">
     <span class='ocr_line' id='line_1_23' title="bbox 660 2636 1928 2720; baseline 0.002 -23"><span class='ocrx_word' id='word_1_231' title='bbox 660 2636 877 2715; x_wconf 89' lang='lat' dir='ltr'><strong>Propositio</strong></span> <span class='ocrx_word' id='word_1_232' title='bbox 899 2638 988 2701; x_wconf 90' lang='lat' dir='ltr'><strong>XXI.</strong></span> <span class='ocrx_word' id='word_1_233' title='bbox 1035 2640 1329 2720; x_wconf 88' lang='lat' dir='ltr'><strong>Propinquarum</strong></span> <span class='ocrx_word' id='word_1_234' title='bbox 1352 2659 1475 2702; x_wconf 90' lang='lat' dir='ltr'><strong>rerum</strong></span> <span class='ocrx_word' id='word_1_235' title='bbox 1497 2638 1671 2719; x_wconf 89' lang='lat' dir='ltr'><strong>picturae</strong></span> <span class='ocrx_word' id='word_1_236' title='bbox 1701 2637 1803 2699; x_wconf 90' lang='lat' dir='ltr'><strong>locus</strong></span> <span class='ocrx_word' id='word_1_237' title='bbox 1828 2647 1928 2699; x_wconf 89' lang='lat' dir='ltr'><strong>esta</strong></span> 
     </span>
     <span class='ocr_line' id='line_1_24' title="bbox 569 2723 1926 2810; baseline 0.004 -28"><span class='ocrx_word' id='word_1_238' title='bbox 569 2724 669 2787; x_wconf 85' lang='lat' dir='ltr'><strong>vitro</strong></span> <span class='ocrx_word' id='word_1_239' title='bbox 692 2725 888 2801; x_wconf 89' lang='lat' dir='ltr'><strong>remotior,</strong></span> <span class='ocrx_word' id='word_1_240' title='bbox 913 2736 1137 2789; x_wconf 88' lang='lat' dir='ltr'><strong>remotarum</strong></span> <span class='ocrx_word' id='word_1_241' title='bbox 1162 2731 1323 2810; x_wconf 90' lang='lat' dir='ltr'><strong>propior.</strong></span> <span class='ocrx_word' id='word_1_242' title='bbox 1362 2731 1454 2791; x_wconf 89' lang='lat' dir='ltr'><strong>Patet</strong></span> <span class='ocrx_word' id='word_1_243' title='bbox 1476 2745 1530 2806; x_wconf 92' lang='lat' dir='ltr'><strong>per</strong></span> <span class='ocrx_word' id='word_1_244' title='bbox 1545 2724 1575 2788; x_wconf 82' lang='lat'><strong>2.</strong></span> <span class='ocrx_word' id='word_1_245' title='bbox 1601 2724 1789 2786; x_wconf 90' lang='lat' dir='ltr'><strong>corollarium</strong></span> <span class='ocrx_word' id='word_1_246' title='bbox 1804 2746 1851 2806; x_wconf 92' lang='lat' dir='ltr'><strong>pr.</strong></span> <span class='ocrx_word' id='word_1_247' title='bbox 1878 2723 1926 2790; x_wconf 89' lang='grc'><strong>16.</strong></span> 
     </span>
     <span class='ocr_line' id='line_1_25' title="bbox 569 2813 1929 2895; baseline 0.002 -20"><span class='ocrx_word' id='word_1_248' title='bbox 569 2813 754 2891; x_wconf 89' lang='lat' dir='ltr'><strong>praemissas</strong></span> <span class='ocrx_word' id='word_1_249' title='bbox 778 2822 810 2875; x_wconf 91' lang='lat' dir='ltr'><strong>et</strong></span> <span class='ocrx_word' id='word_1_250' title='bbox 838 2834 892 2895; x_wconf 91' lang='lat' dir='ltr'><strong>pcr</strong></span> <span class='ocrx_word' id='word_1_251' title='bbox 924 2817 1121 2895; x_wconf 87' lang='lat' dir='ltr'><strong>praemissam</strong></span> <span class='ocrx_word' id='word_1_252' title='bbox 1145 2815 1198 2881; x_wconf 85' lang='lat'><strong>20.</strong></span> <span class='ocrx_word' id='word_1_253' title='bbox 1245 2817 1333 2891; x_wconf 84' lang='lat' dir='ltr'><strong>Quod</strong></span> <span class='ocrx_word' id='word_1_254' title='bbox 1367 2816 1487 2879; x_wconf 86' lang='lat' dir='ltr'><strong>notabit</strong></span> <span class='ocrx_word' id='word_1_255' title='bbox 1517 2813 1705 2877; x_wconf 88' lang='lat' dir='ltr'><strong>machinator</strong></span> <span class='ocrx_word' id='word_1_256' title='bbox 1736 2815 1862 2894; x_wconf 86' lang='lat' dir='ltr'><strong>aliquis,</strong></span> <span class='ocrx_word' id='word_1_257' title='bbox 1894 2824 1929 2878; x_wconf 91' lang='lat' dir='ltr'><strong>nt</strong></span> 
     </span>
     <span class='ocr_line' id='line_1_26' title="bbox 570 2902 1927 2988; baseline 0.001 -25"><span class='ocrx_word' id='word_1_258' title='bbox 570 2902 665 2964; x_wconf 90' lang='lat' dir='ltr'><strong>multa</strong></span> <span class='ocrx_word' id='word_1_259' title='bbox 687 2902 718 2964; x_wconf 93' lang='lat' dir='ltr'><strong>in</strong></span> <span class='ocrx_word' id='word_1_260' title='bbox 746 2903 802 2964; x_wconf 92' lang='lat' dir='ltr'><strong>hoc</strong></span> <span class='ocrx_word' id='word_1_261' title='bbox 830 2903 906 2966; x_wconf 89' lang='lat' dir='ltr'><strong>libro</strong></span> <span class='ocrx_word' id='word_1_262' title='bbox 938 2905 1010 2967; x_wconf 91' lang='lat' dir='ltr'><strong>alia.</strong></span> <span class='ocrx_word' id='word_1_263' title='bbox 1056 2904 1190 2967; x_wconf 92' lang='lat' dir='ltr'><strong>Probare</strong></span> <span class='ocrx_word' id='word_1_264' title='bbox 1219 2917 1309 2988; x_wconf 87' lang='lat' dir='ltr'><strong>potes</strong></span> <span class='ocrx_word' id='word_1_265' title='bbox 1337 2908 1375 2968; x_wconf 87' lang='lat' dir='ltr'><strong>de</strong></span> <span class='ocrx_word' id='word_1_266' title='bbox 1404 2906 1452 2966; x_wconf 89' lang='lat' dir='ltr'><strong>die</strong></span> <span class='ocrx_word' id='word_1_267' title='bbox 1486 2905 1592 2978; x_wconf 91' lang='lat' dir='ltr'><strong>etiam,</strong></span> <span class='ocrx_word' id='word_1_268' title='bbox 1626 2921 1755 2964; x_wconf 91' lang='lat' dir='ltr'><strong>accensa</strong></span> <span class='ocrx_word' id='word_1_269' title='bbox 1788 2904 1927 2979; x_wconf 89' lang='lat' dir='ltr'><strong>candela,</strong></span> 
     </span>
     <span class='ocr_line' id='line_1_27' title="bbox 569 2992 1928 3075; baseline 0.001 -23"><span class='ocrx_word' id='word_1_270' title='bbox 569 3009 644 3070; x_wconf 91' lang='lat' dir='ltr'><strong>quae</strong></span> <span class='ocrx_word' id='word_1_271' title='bbox 668 3009 758 3070; x_wconf 91' lang='lat' dir='ltr'><strong>super</strong></span> <span class='ocrx_word' id='word_1_272' title='bbox 780 3010 924 3075; x_wconf 85' lang='lat' dir='ltr'><strong>papyrum</strong></span> <span class='ocrx_word' id='word_1_273' title='bbox 949 2995 1054 3055; x_wconf 90' lang='lat' dir='ltr'><strong>ardere</strong></span> <span class='ocrx_word' id='word_1_274' title='bbox 1077 2994 1238 3069; x_wconf 84' lang='lat' dir='ltr'><strong>videbitur,</strong></span> <span class='ocrx_word' id='word_1_275' title='bbox 1262 2997 1288 3058; x_wconf 91' lang='lat' dir='ltr'><strong>si</strong></span> <span class='ocrx_word' id='word_1_276' title='bbox 1307 3015 1345 3057; x_wconf 91' lang='lat' dir='ltr'><strong>ea</strong></span> <span class='ocrx_word' id='word_1_277' title='bbox 1367 2994 1501 3073; x_wconf 88' lang='lat' dir='ltr'><strong>legitime</strong></span> <span class='ocrx_word' id='word_1_278' title='bbox 1526 2994 1706 3053; x_wconf 87' lang='lat' dir='ltr'><strong>collocetur:</strong></span> <span class='ocrx_word' id='word_1_279' title='bbox 1733 2992 1812 3072; x_wconf 90' lang='lat' dir='ltr'><strong>qnod</strong></span> <span class='ocrx_word' id='word_1_280' title='bbox 1835 3012 1928 3073; x_wconf 90' lang='lat' dir='ltr'><strong>snpra</strong></span> 
     </span>
     <span class='ocr_line' id='line_1_28' title="bbox 568 3079 1925 3164; baseline 0.001 -24"><span class='ocrx_word' id='word_1_281' title='bbox 568 3098 607 3140; x_wconf 84' lang='lat' dir='ltr'><strong>ex</strong></span> <span class='ocrx_word' id='word_1_282' title='bbox 628 3079 722 3141; x_wconf 86' lang='lat' dir='ltr'><strong>Porta</strong></span> <span class='ocrx_word' id='word_1_283' title='bbox 745 3081 807 3142; x_wconf 85' lang='lat' dir='ltr'><strong>dixi</strong></span> <span class='ocrx_word' id='word_1_284' title='bbox 831 3100 933 3143; x_wconf 88' lang='lat' dir='ltr'><strong>verum</strong></span> <span class='ocrx_word' id='word_1_285' title='bbox 956 3102 1024 3144; x_wconf 91' lang='lat' dir='ltr'><strong>esse</strong></span> <span class='ocrx_word' id='word_1_286' title='bbox 1048 3083 1077 3144; x_wconf 93' lang='lat' dir='ltr'><strong>in</strong></span> <span class='ocrx_word' id='word_1_287' title='bbox 1102 3083 1158 3145; x_wconf 91' lang='lat' dir='ltr'><strong>hoc</strong></span> <span class='ocrx_word' id='word_1_288' title='bbox 1181 3084 1316 3164; x_wconf 89' lang='lat' dir='ltr'><strong>picturae</strong></span> <span class='ocrx_word' id='word_1_289' title='bbox 1340 3082 1481 3163; x_wconf 91' lang='lat' dir='ltr'><strong>negotio:</strong></span> <span class='ocrx_word' id='word_1_290' title='bbox 1507 3089 1540 3142; x_wconf 91' lang='lat' dir='ltr'><strong>at</strong></span> <span class='ocrx_word' id='word_1_291' title='bbox 1564 3100 1621 3142; x_wconf 92' lang='lat' dir='ltr'><strong>non</strong></span> <span class='ocrx_word' id='word_1_292' title='bbox 1642 3079 1671 3140; x_wconf 90' lang='lat' dir='ltr'><strong>in</strong></span> <span class='ocrx_word' id='word_1_293' title='bbox 1696 3080 1747 3142; x_wconf 93' lang='lat' dir='ltr'><strong>illo</strong></span> <span class='ocrx_word' id='word_1_294' title='bbox 1772 3082 1925 3161; x_wconf 84' lang='lat' dir='ltr'><strong>imaginis,</strong></span> 
     </span>
     <span class='ocr_line' id='line_1_29' title="bbox 574 3168 1127 3250; baseline 0.005 -20"><span class='ocrx_word' id='word_1_295' title='bbox 574 3186 629 3230; x_wconf 93' lang='lat' dir='ltr'><strong>nec</strong></span> <span class='ocrx_word' id='word_1_296' title='bbox 653 3168 681 3229; x_wconf 89' lang='lat' dir='ltr'><strong>in</strong></span> <span class='ocrx_word' id='word_1_297' title='bbox 706 3175 788 3244; x_wconf 77' lang='lat' dir='ltr'><strong>abre,</strong></span> <span class='ocrx_word' id='word_1_298' title='bbox 811 3170 866 3231; x_wconf 87' lang='lat' dir='ltr'><strong>sed</strong></span> <span class='ocrx_word' id='word_1_299' title='bbox 888 3190 978 3250; x_wconf 90' lang='lat' dir='ltr'><strong>super</strong></span> <span class='ocrx_word' id='word_1_300' title='bbox 1001 3172 1127 3250; x_wconf 87' lang='lat' dir='ltr'><strong>pariete.</strong></span> 
     </span>
    </p>

    <p class='ocr_par' dir='ltr' id='par_1_9' title="bbox 567 3257 1928 3607">
     <span class='ocr_line' id='line_1_30' title="bbox 657 3257 1927 3340; baseline 0 -21"><span class='ocrx_word' id='word_1_301' title='bbox 657 3258 874 3337; x_wconf 89' lang='lat' dir='ltr'><strong>Propositio</strong></span> <span class='ocrx_word' id='word_1_302' title='bbox 897 3260 1000 3323; x_wconf 89' lang='lat' dir='ltr'><strong>XXII.</strong></span> <span class='ocrx_word' id='word_1_303' title='bbox 1046 3260 1146 3322; x_wconf 91' lang='lat' dir='ltr'><strong>Haec</strong></span> <span class='ocrx_word' id='word_1_304' title='bbox 1175 3260 1326 3340; x_wconf 88' lang='lat' dir='ltr'><strong>pictura</strong></span> <span class='ocrx_word' id='word_1_305' title='bbox 1357 3258 1638 3339; x_wconf 89' lang='lat' dir='ltr'><strong>proportionem</strong></span> <span class='ocrx_word' id='word_1_306' title='bbox 1670 3257 1815 3319; x_wconf 88' lang='lat' dir='ltr'><strong>retinet</strong></span> <span class='ocrx_word' id='word_1_307' title='bbox 1837 3278 1927 3321; x_wconf 87' lang='lat' dir='ltr'><strong>suae</strong></span> 
     </span>
     <span class='ocr_line' id='line_1_31' title="bbox 569 3343 1928 3427; baseline 0.001 -20"><span class='ocrx_word' id='word_1_308' title='bbox 569 3343 788 3409; x_wconf 86' lang='lat' dir='ltr'><strong>distantiae.</strong></span> <span class='ocrx_word' id='word_1_309' title='bbox 843 3347 923 3409; x_wconf 89' lang='lat' dir='ltr'><strong>Nam</strong></span> <span class='ocrx_word' id='word_1_310' title='bbox 955 3349 1251 3427; x_wconf 84' lang='lat' dir='ltr'><strong>perpendicularibns</strong></span> <span class='ocrx_word' id='word_1_311' title='bbox 1285 3349 1449 3411; x_wconf 89' lang='lat' dir='ltr'><strong>irrefractis</strong></span> <span class='ocrx_word' id='word_1_312' title='bbox 1482 3347 1512 3408; x_wconf 94' lang='lat' dir='ltr'><strong>in</strong></span> <span class='ocrx_word' id='word_1_313' title='bbox 1543 3355 1648 3408; x_wconf 89' lang='lat' dir='ltr'><strong>centro</strong></span> <span class='ocrx_word' id='word_1_314' title='bbox 1681 3347 1928 3409; x_wconf 88' lang='lat' dir='ltr'><strong>concurrentibus</strong></span> 
     </span>
     <span class='ocr_line' id='line_1_32' title="bbox 567 3432 1926 3518; baseline 0.001 -24"><span class='ocrx_word' id='word_1_315' title='bbox 567 3432 758 3512; x_wconf 89' lang='lat' dir='ltr'><strong>potissimum</strong></span> <span class='ocrx_word' id='word_1_316' title='bbox 780 3434 948 3499; x_wconf 89' lang='lat' dir='ltr'><strong>delineatur</strong></span> <span class='ocrx_word' id='word_1_317' title='bbox 970 3456 1025 3517; x_wconf 89' lang='lat' dir='ltr'><strong>per</strong></span> <span class='ocrx_word' id='word_1_318' title='bbox 1043 3435 1096 3501; x_wconf 86' lang='lat'><strong>20.</strong></span> <span class='ocrx_word' id='word_1_319' title='bbox 1120 3438 1328 3518; x_wconf 89' lang='lat' dir='ltr'><strong>praemissam.</strong></span> <span class='ocrx_word' id='word_1_320' title='bbox 1365 3436 1403 3499; x_wconf 91' lang='lat' dir='ltr'><strong>Id</strong></span> <span class='ocrx_word' id='word_1_321' title='bbox 1426 3436 1631 3516; x_wconf 89' lang='lat' dir='ltr'><strong>experimento</strong></span> <span class='ocrx_word' id='word_1_322' title='bbox 1654 3442 1749 3513; x_wconf 82' lang='lat' dir='ltr'><strong>patet</strong></span> <span class='ocrx_word' id='word_1_323' title='bbox 1787 3433 1926 3498; x_wconf 86' lang='lat' dir='ltr'><strong>Oandela</strong></span> 
     </span>
     <span class='ocr_line' id='line_1_33' title="bbox 570 3521 1647 3607; baseline 0.001 -25"><span class='ocrx_word' id='word_1_324' title='bbox 570 3521 694 3583; x_wconf 88' lang='lat' dir='ltr'><strong>admota</strong></span> <span class='ocrx_word' id='word_1_325' title='bbox 716 3530 749 3584; x_wconf 88' lang='lat' dir='ltr'><strong>st</strong></span> <span class='ocrx_word' id='word_1_326' title='bbox 771 3524 930 3586; x_wconf 88' lang='lat' dir='ltr'><strong>recedente</strong></span> <span class='ocrx_word' id='word_1_327' title='bbox 953 3525 1020 3587; x_wconf 93' lang='lat' dir='ltr'><strong>loco</strong></span> <span class='ocrx_word' id='word_1_328' title='bbox 1043 3526 1179 3606; x_wconf 89' lang='lat' dir='ltr'><strong>picturae</strong></span> <span class='ocrx_word' id='word_1_329' title='bbox 1203 3526 1321 3607; x_wconf 87' lang='lat' dir='ltr'><strong>pictura</strong></span> <span class='ocrx_word' id='word_1_330' title='bbox 1344 3526 1454 3587; x_wconf 89' lang='lat' dir='ltr'><strong>crescit</strong></span> <span class='ocrx_word' id='word_1_331' title='bbox 1477 3532 1509 3585; x_wconf 92' lang='lat' dir='ltr'><strong>et</strong></span> <span class='ocrx_word' id='word_1_332' title='bbox 1532 3531 1647 3586; x_wconf 87' lang='lat' dir='ltr'><strong>contre.</strong></span> 
     </span>
    </p>

    <p class='ocr_par' dir='ltr' id='par_1_10' title="bbox 521 3610 1928 4404">
     <span class='ocr_line' id='line_1_34' title="bbox 656 3610 1927 3691; baseline 0.002 -18"><span class='ocrx_word' id='word_1_333' title='bbox 656 3610 875 3690; x_wconf 89' lang='lat' dir='ltr'><strong>Propositio</strong></span> <span class='ocrx_word' id='word_1_334' title='bbox 907 3613 1027 3676; x_wconf 85' lang='lat' dir='ltr'><strong>XXIII.</strong></span> <span class='ocrx_word' id='word_1_335' title='bbox 1082 3613 1170 3676; x_wconf 81' lang='lat' dir='ltr'><strong>Cum</strong></span> <span class='ocrx_word' id='word_1_336' title='bbox 1202 3615 1347 3687; x_wconf 91' lang='lat' dir='ltr'><strong>tabula,</strong></span> <span class='ocrx_word' id='word_1_337' title='bbox 1388 3614 1595 3675; x_wconf 82' lang='lat' dir='ltr'><strong>fenestella</strong></span> <span class='ocrx_word' id='word_1_338' title='bbox 1631 3621 1781 3691; x_wconf 88' lang='lat' dir='ltr'><strong>patens,</strong></span> <span class='ocrx_word' id='word_1_339' title='bbox 1814 3613 1927 3690; x_wconf 91' lang='lat' dir='ltr'><strong>globo</strong></span> 
     </span>
     <span class='ocr_line' id='line_1_35' title="bbox 569 3698 1928 3783; baseline 0.002 -23"><span class='ocrx_word' id='word_1_340' title='bbox 569 3698 748 3779; x_wconf 90' lang='lat' dir='ltr'><strong>objicitur</strong></span> <span class='ocrx_word' id='word_1_341' title='bbox 770 3701 872 3764; x_wconf 90' lang='lat' dir='ltr'><strong>inter</strong></span> <span class='ocrx_word' id='word_1_342' title='bbox 895 3703 1077 3766; x_wconf 90' lang='lat' dir='ltr'><strong>terminos</strong></span> <span class='ocrx_word' id='word_1_343' title='bbox 1101 3704 1310 3765; x_wconf 88' lang='lat' dir='ltr'><strong>sectionum</strong></span> <span class='ocrx_word' id='word_1_344' title='bbox 1338 3703 1619 3783; x_wconf 87' lang='lat' dir='ltr'><strong>parallelorum,</strong></span> <span class='ocrx_word' id='word_1_345' title='bbox 1649 3709 1685 3762; x_wconf 90' lang='lat' dir='ltr'><strong>et</strong></span> <span class='ocrx_word' id='word_1_346' title='bbox 1708 3702 1928 3763; x_wconf 89' lang='lat' dir='ltr'><strong>fenestella</strong></span> 
     </span>
     <span class='ocr_line' id='line_1_36' title="bbox 521 3785 1927 3872; baseline 0.002 -24"><span class='ocrx_word' id='word_1_347' title='bbox 521 3788 523 3791; x_wconf 75' lang='grc'>’</span> <span class='ocrx_word' id='word_1_348' title='bbox 567 3785 680 3865; x_wconf 89' lang='lat' dir='ltr'><strong>globo</strong></span> <span class='ocrx_word' id='word_1_349' title='bbox 703 3797 761 3851; x_wconf 87' lang='lat' dir='ltr'><strong>est</strong></span> <span class='ocrx_word' id='word_1_350' title='bbox 783 3790 999 3871; x_wconf 87' lang='lat' dir='ltr'><strong>augustior:</strong></span> <span class='ocrx_word' id='word_1_351' title='bbox 1031 3792 1186 3870; x_wconf 88' lang='lat' dir='ltr'><strong>pictura</strong></span> <span class='ocrx_word' id='word_1_352' title='bbox 1213 3793 1392 3855; x_wconf 83' lang='lat' dir='ltr'><strong>maximae</strong></span> <span class='ocrx_word' id='word_1_353' title='bbox 1423 3791 1547 3872; x_wconf 90' lang='lat' dir='ltr'><strong>partis</strong></span> <span class='ocrx_word' id='word_1_354' title='bbox 1571 3790 1614 3850; x_wconf 89' lang='lat' dir='ltr'><strong>de</strong></span> <span class='ocrx_word' id='word_1_355' title='bbox 1643 3789 1927 3869; x_wconf 89' lang='lat' dir='ltr'><strong>hemisphaerio</strong></span> 
     </span>
     <span class='ocr_line' id='line_1_37' title="bbox 567 3876 1926 3962; baseline 0.004 -24"><span class='ocrx_word' id='word_1_356' title='bbox 567 3876 769 3957; x_wconf 89' lang='lat' dir='ltr'><strong>projicitur</strong></span> <span class='ocrx_word' id='word_1_357' title='bbox 792 3878 825 3939; x_wconf 96' lang='lat' dir='ltr'><strong>in</strong></span> <span class='ocrx_word' id='word_1_358' title='bbox 850 3898 1043 3962; x_wconf 88' lang='lat' dir='ltr'><strong>papyrum,</strong></span> <span class='ocrx_word' id='word_1_359' title='bbox 1078 3899 1167 3959; x_wconf 90' lang='lat' dir='ltr'><strong>quae</strong></span> <span class='ocrx_word' id='word_1_360' title='bbox 1199 3889 1284 3960; x_wconf 90' lang='lat' dir='ltr'><strong>post</strong></span> <span class='ocrx_word' id='word_1_361' title='bbox 1314 3881 1458 3960; x_wconf 91' lang='lat' dir='ltr'><strong>globum</strong></span> <span class='ocrx_word' id='word_1_362' title='bbox 1482 3880 1519 3941; x_wconf 95' lang='lat' dir='ltr'><strong>in</strong></span> <span class='ocrx_word' id='word_1_363' title='bbox 1549 3880 1707 3940; x_wconf 91' lang='lat' dir='ltr'><strong>termino</strong></span> <span class='ocrx_word' id='word_1_364' title='bbox 1739 3879 1926 3943; x_wconf 88' lang='lat' dir='ltr'><strong>intersec-</strong></span> 
     </span>
     <span class='ocr_line' id='line_1_38' title="bbox 568 3964 1928 4047; baseline 0.003 -21"><span class='ocrx_word' id='word_1_365' title='bbox 568 3964 683 4028; x_wconf 90' lang='lat' dir='ltr'><strong>tionis</strong></span> <span class='ocrx_word' id='word_1_366' title='bbox 708 3966 863 4029; x_wconf 91' lang='lat' dir='ltr'><strong>nltimae</strong></span> <span class='ocrx_word' id='word_1_367' title='bbox 887 3969 1048 4030; x_wconf 86' lang='lat' dir='ltr'><strong>lucentis</strong></span> <span class='ocrx_word' id='word_1_368' title='bbox 1071 3970 1201 4047; x_wconf 89' lang='lat' dir='ltr'><strong>puncti</strong></span> <span class='ocrx_word' id='word_1_369' title='bbox 1224 3970 1413 4032; x_wconf 91' lang='lat' dir='ltr'><strong>radiorum</strong></span> <span class='ocrx_word' id='word_1_370' title='bbox 1443 3967 1641 4030; x_wconf 88' lang='lat' dir='ltr'><strong>collocata</strong></span> <span class='ocrx_word' id='word_1_371' title='bbox 1663 3968 1724 4029; x_wconf 91' lang='lat' dir='ltr'><strong>sit.</strong></span> <span class='ocrx_word' id='word_1_372' title='bbox 1770 3967 1928 4032; x_wconf 88' lang='lat' dir='ltr'><strong>Pictura</strong></span> 
     </span>
     <span class='ocr_line' id='line_1_39' title="bbox 568 4055 1928 4137; baseline 0.004 -23"><span class='ocrx_word' id='word_1_373' title='bbox 568 4072 701 4116; x_wconf 83' lang='lat' dir='ltr'><strong>aversa</strong></span> <span class='ocrx_word' id='word_1_374' title='bbox 724 4065 802 4131; x_wconf 87' lang='lat' dir='ltr'><strong>est,</strong></span> <span class='ocrx_word' id='word_1_375' title='bbox 827 4058 890 4119; x_wconf 89' lang='lat' dir='ltr'><strong>sed</strong></span> <span class='ocrx_word' id='word_1_376' title='bbox 914 4056 1114 4137; x_wconf 85' lang='lat' dir='ltr'><strong>purissima</strong></span> <span class='ocrx_word' id='word_1_377' title='bbox 1136 4057 1173 4119; x_wconf 94' lang='lat' dir='ltr'><strong>in</strong></span> <span class='ocrx_word' id='word_1_378' title='bbox 1197 4058 1317 4119; x_wconf 89' lang='lat' dir='ltr'><strong>medio</strong></span> <span class='ocrx_word' id='word_1_379' title='bbox 1341 4065 1377 4120; x_wconf 91' lang='lat' dir='ltr'><strong>et</strong></span> <span class='ocrx_word' id='word_1_380' title='bbox 1400 4055 1704 4119; x_wconf 81' lang='lat' dir='ltr'><strong>distinctissime.</strong></span> <span class='ocrx_word' id='word_1_381' title='bbox 1752 4056 1855 4118; x_wconf 84' lang='lat' dir='ltr'><strong>Tanta</strong></span> <span class='ocrx_word' id='word_1_382' title='bbox 1878 4067 1928 4120; x_wconf 87' lang='lat' dir='ltr'><strong>est</strong></span> 
     </span>
     <span class='ocr_line' id='line_1_40' title="bbox 567 4141 1926 4227; baseline 0.005 -26"><span class='ocrx_word' id='word_1_383' title='bbox 567 4141 672 4205; x_wconf 86' lang='lat' dir='ltr'><strong>barum</strong></span> <span class='ocrx_word' id='word_1_384' title='bbox 695 4163 792 4206; x_wconf 88' lang='lat' dir='ltr'><strong>rerum</strong></span> <span class='ocrx_word' id='word_1_385' title='bbox 816 4146 950 4208; x_wconf 88' lang='lat' dir='ltr'><strong>varietas</strong></span> <span class='ocrx_word' id='word_1_386' title='bbox 969 4154 1002 4208; x_wconf 91' lang='lat' dir='ltr'><strong>et</strong></span> <span class='ocrx_word' id='word_1_387' title='bbox 1024 4144 1151 4207; x_wconf 90' lang='lat' dir='ltr'><strong>snbindc</strong></span> <span class='ocrx_word' id='word_1_388' title='bbox 1170 4147 1239 4208; x_wconf 90' lang='lat' dir='ltr'><strong>novi</strong></span> <span class='ocrx_word' id='word_1_389' title='bbox 1263 4147 1343 4227; x_wconf 90' lang='lat' dir='ltr'><strong>quid,</strong></span> <span class='ocrx_word' id='word_1_390' title='bbox 1368 4146 1473 4207; x_wconf 86' lang='lat' dir='ltr'><strong>ntnisi</strong></span> <span class='ocrx_word' id='word_1_391' title='bbox 1497 4145 1717 4207; x_wconf 89' lang='lat' dir='ltr'><strong>attentissimus</strong></span> <span class='ocrx_word' id='word_1_392' title='bbox 1737 4145 1827 4208; x_wconf 89' lang='lat' dir='ltr'><strong>facile</strong></span> <span class='ocrx_word' id='word_1_393' title='bbox 1850 4165 1926 4208; x_wconf 90' lang='lat' dir='ltr'><strong>oon·</strong></span> 
     </span>
     <span class='ocr_line' id='line_1_41' title="bbox 568 4229 1926 4314; baseline 0.006 -24"><span class='ocrx_word' id='word_1_394' title='bbox 568 4229 718 4293; x_wconf 90' lang='lat' dir='ltr'><strong>fundatur.</strong></span> <span class='ocrx_word' id='word_1_395' title='bbox 731 4230 765 4304; x_wconf 88' lang='grc'><strong>*)</strong></span> <span class='ocrx_word' id='word_1_396' title='bbox 802 4233 949 4314; x_wconf 87' lang='lat' dir='ltr'><strong>Adeoque</strong></span> <span class='ocrx_word' id='word_1_397' title='bbox 973 4252 1030 4313; x_wconf 89' lang='lat' dir='ltr'><strong>ego</strong></span> <span class='ocrx_word' id='word_1_398' title='bbox 1045 4252 1162 4313; x_wconf 91' lang='lat' dir='ltr'><strong>qnoque</strong></span> <span class='ocrx_word' id='word_1_399' title='bbox 1185 4235 1356 4297; x_wconf 83' lang='lat' dir='ltr'><strong>diutissIme</strong></span> <span class='ocrx_word' id='word_1_400' title='bbox 1371 4235 1464 4309; x_wconf 87' lang='lat' dir='ltr'><strong>haesi,</strong></span> <span class='ocrx_word' id='word_1_401' title='bbox 1489 4234 1558 4296; x_wconf 89' lang='lat' dir='ltr'><strong>dnm</strong></span> <span class='ocrx_word' id='word_1_402' title='bbox 1577 4234 1763 4295; x_wconf 84' lang='lat' dir='ltr'><strong>diversorum</strong></span> <span class='ocrx_word' id='word_1_403' title='bbox 1776 4234 1926 4298; x_wconf 86' lang='lat' dir='ltr'><strong>rationem</strong></span> 
     </span>
     <span class='ocr_line' id='line_1_42' title="bbox 567 4318 1928 4404; baseline 0.007 -27"><span class='ocrx_word' id='word_1_404' title='bbox 567 4318 692 4379; x_wconf 91' lang='lat' dir='ltr'><strong>eandem</strong></span> <span class='ocrx_word' id='word_1_405' title='bbox 717 4339 785 4381; x_wconf 88' lang='lat' dir='ltr'><strong>esse</strong></span> <span class='ocrx_word' id='word_1_406' title='bbox 810 4322 881 4384; x_wconf 90' lang='lat' dir='ltr'><strong>mihi</strong></span> <span class='ocrx_word' id='word_1_407' title='bbox 904 4323 1084 4403; x_wconf 89' lang='lat' dir='ltr'><strong>persuadeo.</strong></span> <span class='ocrx_word' id='word_1_408' title='bbox 1131 4322 1182 4384; x_wconf 89' lang='lat' dir='ltr'><strong>Sit</strong></span> <span class='ocrx_word' id='word_1_409' title='bbox 1205 4333 1308 4385; x_wconf 87' lang='lat' dir='ltr'><strong>centro</strong></span> <span class='ocrx_word' id='word_1_410' title='bbox 1331 4323 1361 4386; x_wconf 84' lang='lat' dir='ltr'><strong>A</strong></span> <span class='ocrx_word' id='word_1_411' title='bbox 1385 4324 1492 4403; x_wconf 89' lang='lat' dir='ltr'><strong>globus</strong></span> <span class='ocrx_word' id='word_1_412' title='bbox 1520 4341 1615 4402; x_wconf 91' lang='lat' dir='ltr'><strong>aquae</strong></span> <span class='ocrx_word' id='word_1_413' title='bbox 1640 4320 1708 4396; x_wconf 89' lang='lat' dir='ltr'><strong>BC,</strong></span> <span class='ocrx_word' id='word_1_414' title='bbox 1733 4323 1781 4384; x_wconf 92' lang='lat' dir='ltr'><strong>cni</strong></span> <span class='ocrx_word' id='word_1_415' title='bbox 1805 4323 1928 4404; x_wconf 87' lang='lat' dir='ltr'><strong>objecta</strong></span> 
     </span>
    </p>
   </div>
   <div class='ocr_carea' id='block_1_7' title="bbox 757 4477 884 4487">
    <p class='ocr_par' dir='ltr' id='par_1_11' title="bbox 757 4477 884 4487">
     <span class='ocr_line' id='line_1_43' title="bbox 757 4477 884 4487; baseline 0.024 -3"><span class='ocrx_word' id='word_1_416' title='bbox 757 4477 884 4487; x_wconf 42' lang='lat' dir='ltr'><strong>Q..</strong></span> 
     </span>
    </p>
   </div>
   <div class='ocr_carea' id='block_1_8' title="bbox 562 4566 1926 5200">
    <p class='ocr_par' dir='ltr' id='par_1_12' title="bbox 562 4566 1926 5200">
     <span class='ocr_line' id='line_1_44' title="bbox 653 4566 1925 4647; baseline 0.004 -23"><span class='ocrx_word' id='word_1_417' title='bbox 653 4566 679 4635; x_wconf 75' lang='lat'><strong>*)</strong></span> <span class='ocrx_word' id='word_1_418' title='bbox 700 4571 778 4643; x_wconf 82' lang='lat' dir='ltr'><strong>Ergo</strong></span> <span class='ocrx_word' id='word_1_419' title='bbox 798 4573 888 4627; x_wconf 87' lang='lat' dir='ltr'><strong>lucem</strong></span> <span class='ocrx_word' id='word_1_420' title='bbox 908 4572 1068 4626; x_wconf 89' lang='lat' dir='ltr'><strong>nonnullam</strong></span> <span class='ocrx_word' id='word_1_421' title='bbox 1088 4580 1217 4643; x_wconf 80' lang='lat' dir='ltr'><strong>petanms</strong></span> <span class='ocrx_word' id='word_1_422' title='bbox 1236 4574 1404 4627; x_wconf 86' lang='lat' dir='ltr'><strong>amethodo.</strong></span> <span class='ocrx_word' id='word_1_423' title='bbox 1433 4574 1500 4627; x_wconf 83' lang='lat' dir='ltr'><strong>Alia</strong></span> <span class='ocrx_word' id='word_1_424' title='bbox 1520 4574 1608 4627; x_wconf 88' lang='lat' dir='ltr'><strong>forma</strong></span> <span class='ocrx_word' id='word_1_425' title='bbox 1628 4573 1824 4628; x_wconf 82' lang='lat' dir='ltr'><strong>refractionem</strong></span> <span class='ocrx_word' id='word_1_426' title='bbox 1845 4575 1925 4647; x_wconf 87' lang='lat' dir='ltr'><strong>globi</strong></span> 
     </span>
     <span class='ocr_line' id='line_1_45' title="bbox 564 4649 1926 4725; baseline 0.007 -24"><span class='ocrx_word' id='word_1_427' title='bbox 564 4655 616 4713; x_wconf 73' lang='lat' dir='ltr'><strong>est</strong></span> <span class='ocrx_word' id='word_1_428' title='bbox 638 4650 737 4722; x_wconf 87' lang='lat' dir='ltr'><strong>quibus</strong></span> <span class='ocrx_word' id='word_1_429' title='bbox 758 4649 893 4721; x_wconf 86' lang='lat' dir='ltr'><strong>decipitur</strong></span> <span class='ocrx_word' id='word_1_430' title='bbox 913 4652 988 4705; x_wconf 82' lang='lat' dir='ltr'><strong>risus</strong></span> <span class='ocrx_word' id='word_1_431' title='bbox 1010 4654 1045 4706; x_wconf 88' lang='lat' dir='ltr'><strong>ad</strong></span> <span class='ocrx_word' id='word_1_432' title='bbox 1075 4652 1126 4706; x_wconf 88' lang='lat' dir='ltr'><strong>sibi</strong></span> <span class='ocrx_word' id='word_1_433' title='bbox 1155 4653 1334 4725; x_wconf 73' lang='lat' dir='ltr'><strong>imagn&#39;nanda</strong></span> <span class='ocrx_word' id='word_1_434' title='bbox 1360 4654 1521 4716; x_wconf 84' lang='lat' dir='ltr'><strong>slmulacra,</strong></span> <span class='ocrx_word' id='word_1_435' title='bbox 1548 4670 1619 4723; x_wconf 88' lang='lat' dir='ltr'><strong>quae</strong></span> <span class='ocrx_word' id='word_1_436' title='bbox 1647 4670 1747 4707; x_wconf 77' lang='lat' dir='ltr'><strong>revera</strong></span> <span class='ocrx_word' id='word_1_437' title='bbox 1776 4672 1831 4708; x_wconf 92' lang='lat' dir='ltr'><strong>non</strong></span> <span class='ocrx_word' id='word_1_438' title='bbox 1860 4662 1926 4710; x_wconf 89' lang='lat' dir='ltr'><strong>sunt</strong></span> 
     </span>
     <span class='ocr_line' id='line_1_46' title="bbox 565 4727 1925 4811; baseline 0.004 -28"><span class='ocrx_word' id='word_1_439' title='bbox 565 4728 712 4802; x_wconf 81' lang='lat' dir='ltr'><strong>(Imagines</strong></span> <span class='ocrx_word' id='word_1_440' title='bbox 734 4727 864 4796; x_wconf 84' lang='lat' dir='ltr'><strong>diximus)</strong></span> <span class='ocrx_word' id='word_1_441' title='bbox 886 4733 920 4784; x_wconf 90' lang='lat' dir='ltr'><strong>de</strong></span> <span class='ocrx_word' id='word_1_442' title='bbox 941 4731 1039 4801; x_wconf 88' lang='lat' dir='ltr'><strong>quibus</strong></span> <span class='ocrx_word' id='word_1_443' title='bbox 1059 4750 1139 4803; x_wconf 90' lang='lat' dir='ltr'><strong>prop.</strong></span> <span class='ocrx_word' id='word_1_444' title='bbox 1163 4733 1189 4787; x_wconf 79' lang='lat'><strong>7.</strong></span> <span class='ocrx_word' id='word_1_445' title='bbox 1211 4734 1348 4802; x_wconf 91' lang='lat' dir='ltr'><strong>prioribus</strong></span> <span class='ocrx_word' id='word_1_446' title='bbox 1370 4741 1398 4786; x_wconf 90' lang='lat' dir='ltr'><strong>et</strong></span> <span class='ocrx_word' id='word_1_447' title='bbox 1419 4751 1497 4811; x_wconf 80' lang='lat' dir='ltr'><strong>prqp.</strong></span> <span class='ocrx_word' id='word_1_448' title='bbox 1518 4734 1561 4786; x_wconf 88' lang='lat' dir='ltr'><strong>l&#39;I.</strong></span> <span class='ocrx_word' id='word_1_449' title='bbox 1587 4733 1632 4787; x_wconf 87' lang='grc'><strong>18.</strong></span> <span class='ocrx_word' id='word_1_450' title='bbox 1661 4734 1728 4787; x_wconf 83' lang='lat' dir='ltr'><strong>Alia</strong></span> <span class='ocrx_word' id='word_1_451' title='bbox 1748 4734 1814 4787; x_wconf 88' lang='lat' dir='ltr'><strong>item</strong></span> <span class='ocrx_word' id='word_1_452' title='bbox 1836 4735 1925 4789; x_wconf 87' lang='lat' dir='ltr'><strong>forma</strong></span> 
     </span>
     <span class='ocr_line' id='line_1_47' title="bbox 563 4809 1925 4883; baseline 0.003 -20"><span class='ocrx_word' id='word_1_453' title='bbox 563 4809 767 4874; x_wconf 81' lang='lat' dir='ltr'><strong>refractionem,</strong></span> <span class='ocrx_word' id='word_1_454' title='bbox 790 4810 888 4881; x_wconf 87' lang='lat' dir='ltr'><strong>quibus</strong></span> <span class='ocrx_word' id='word_1_455' title='bbox 909 4811 1062 4866; x_wconf 87' lang='lat' dir='ltr'><strong>formantur</strong></span> <span class='ocrx_word' id='word_1_456' title='bbox 1081 4828 1172 4865; x_wconf 90' lang='lat' dir='ltr'><strong>rernm</strong></span> <span class='ocrx_word' id='word_1_457' title='bbox 1193 4812 1319 4882; x_wconf 84' lang='lat' dir='ltr'><strong>picturae</strong></span> <span class='ocrx_word' id='word_1_458' title='bbox 1340 4814 1450 4866; x_wconf 86' lang='lat' dir='ltr'><strong>reales:</strong></span> <span class='ocrx_word' id='word_1_459' title='bbox 1472 4822 1502 4865; x_wconf 88' lang='lat' dir='ltr'><strong>et</strong></span> <span class='ocrx_word' id='word_1_460' title='bbox 1518 4813 1572 4865; x_wconf 90' lang='lat' dir='ltr'><strong>hae</strong></span> <span class='ocrx_word' id='word_1_461' title='bbox 1593 4813 1700 4883; x_wconf 88' lang='lat' dir='ltr'><strong>quidem</strong></span> <span class='ocrx_word' id='word_1_462' title='bbox 1723 4816 1838 4869; x_wconf 89' lang='lat' dir='ltr'><strong>duorum</strong></span> <span class='ocrx_word' id='word_1_463' title='bbox 1859 4823 1925 4868; x_wconf 89' lang='lat' dir='ltr'><strong>sunt</strong></span> 
     </span>
     <span class='ocr_line' id='line_1_48' title="bbox 562 4891 1922 4965; baseline 0.004 -22"><span class='ocrx_word' id='word_1_464' title='bbox 562 4904 704 4960; x_wconf 85' lang='lat' dir='ltr'><strong>generum,</strong></span> <span class='ocrx_word' id='word_1_465' title='bbox 726 4892 861 4961; x_wconf 82' lang='lat' dir='ltr'><strong>quaedam</strong></span> <span class='ocrx_word' id='word_1_466' title='bbox 882 4891 1034 4962; x_wconf 84' lang='lat' dir='ltr'><strong>pingrmtur</strong></span> <span class='ocrx_word' id='word_1_467' title='bbox 1055 4908 1073 4945; x_wconf 91' lang='lat' dir='ltr'><strong>a</strong></span> <span class='ocrx_word' id='word_1_468' title='bbox 1093 4891 1178 4962; x_wconf 85' lang='lat' dir='ltr'><strong>globo</strong></span> <span class='ocrx_word' id='word_1_469' title='bbox 1200 4893 1280 4954; x_wconf 89' lang='lat' dir='ltr'><strong>nudo,</strong></span> <span class='ocrx_word' id='word_1_470' title='bbox 1302 4895 1335 4945; x_wconf 86' lang='lat' dir='ltr'><strong>de</strong></span> <span class='ocrx_word' id='word_1_471' title='bbox 1357 4892 1455 4962; x_wconf 90' lang='lat' dir='ltr'><strong>quibus</strong></span> <span class='ocrx_word' id='word_1_472' title='bbox 1475 4910 1503 4961; x_wconf 91' lang='lat' dir='ltr'><strong>p.</strong></span> <span class='ocrx_word' id='word_1_473' title='bbox 1529 4893 1573 4945; x_wconf 83' lang='lat'><strong>19.</strong></span> <span class='ocrx_word' id='word_1_474' title='bbox 1589 4894 1636 4946; x_wconf 82' lang='lat'><strong>20.</strong></span> <span class='ocrx_word' id='word_1_475' title='bbox 1652 4893 1700 4947; x_wconf 88' lang='lat'><strong>21.</strong></span> <span class='ocrx_word' id='word_1_476' title='bbox 1718 4894 1765 4957; x_wconf 85' lang='lat'><strong>22,</strong></span> <span class='ocrx_word' id='word_1_477' title='bbox 1787 4897 1922 4965; x_wconf 86' lang='lat' dir='ltr'><strong>quaedam</strong></span> 
     </span>
     <span class='ocr_line' id='line_1_49' title="bbox 563 4970 1920 5043; baseline 0.004 -21"><span class='ocrx_word' id='word_1_478' title='bbox 563 4984 582 5022; x_wconf 84' lang='lat' dir='ltr'><strong>a</strong></span> <span class='ocrx_word' id='word_1_479' title='bbox 600 4970 687 5040; x_wconf 85' lang='lat' dir='ltr'><strong>globo</strong></span> <span class='ocrx_word' id='word_1_480' title='bbox 708 4976 791 5032; x_wconf 88' lang='lat' dir='ltr'><strong>tectu,</strong></span> <span class='ocrx_word' id='word_1_481' title='bbox 812 4979 927 5040; x_wconf 83' lang='lat' dir='ltr'><strong>praeter</strong></span> <span class='ocrx_word' id='word_1_482' title='bbox 946 4972 1079 5043; x_wconf 80' lang='lat' dir='ltr'><strong>exiguam</strong></span> <span class='ocrx_word' id='word_1_483' title='bbox 1100 4971 1291 5035; x_wconf 82' lang='lat' dir='ltr'><strong>fenestellam,</strong></span> <span class='ocrx_word' id='word_1_484' title='bbox 1313 4975 1347 5024; x_wconf 89' lang='lat' dir='ltr'><strong>de</strong></span> <span class='ocrx_word' id='word_1_485' title='bbox 1369 4972 1466 5042; x_wconf 90' lang='lat' dir='ltr'><strong>quibus</strong></span> <span class='ocrx_word' id='word_1_486' title='bbox 1487 4990 1515 5041; x_wconf 93' lang='lat' dir='ltr'><strong>p.</strong></span> <span class='ocrx_word' id='word_1_487' title='bbox 1538 4972 1585 5025; x_wconf 82' lang='lat'><strong>23.</strong></span> <span class='ocrx_word' id='word_1_488' title='bbox 1627 4974 1698 5026; x_wconf 90' lang='lat' dir='ltr'><strong>Narn</strong></span> <span class='ocrx_word' id='word_1_489' title='bbox 1723 4974 1920 5031; x_wconf 86' lang='lat' dir='ltr'><strong>refractionum</strong></span> 
     </span>
     <span class='ocr_line' id='line_1_50' title="bbox 563 5048 1919 5119; baseline 0.007 -17"><span class='ocrx_word' id='word_1_490' title='bbox 563 5048 635 5103; x_wconf 84' lang='lat' dir='ltr'><strong>allus</strong></span> <span class='ocrx_word' id='word_1_491' title='bbox 657 5057 811 5119; x_wconf 84' lang='lat' dir='ltr'><strong>apparatus</strong></span> <span class='ocrx_word' id='word_1_492' title='bbox 832 5057 884 5105; x_wconf 81' lang='lat' dir='ltr'><strong>est</strong></span> <span class='ocrx_word' id='word_1_493' title='bbox 926 5051 1005 5112; x_wconf 80' lang='lat' dir='ltr'><strong>Quae</strong></span> <span class='ocrx_word' id='word_1_494' title='bbox 1025 5067 1091 5104; x_wconf 84' lang='lat' dir='ltr'><strong>reno</strong></span> <span class='ocrx_word' id='word_1_495' title='bbox 1113 5058 1179 5103; x_wconf 87' lang='lat' dir='ltr'><strong>sunt</strong></span> <span class='ocrx_word' id='word_1_496' title='bbox 1199 5050 1236 5103; x_wconf 89' lang='lat' dir='ltr'><strong>ab</strong></span> <span class='ocrx_word' id='word_1_497' title='bbox 1250 5051 1278 5106; x_wconf 91' lang='lat'><strong>8.</strong></span> <span class='ocrx_word' id='word_1_498' title='bbox 1301 5052 1329 5106; x_wconf 90' lang='lat' dir='ltr'><strong>in</strong></span> <span class='ocrx_word' id='word_1_499' title='bbox 1353 5054 1398 5106; x_wconf 90' lang='grc'><strong>16.</strong></span> <span class='ocrx_word' id='word_1_500' title='bbox 1419 5068 1574 5107; x_wconf 84' lang='lat' dir='ltr'><strong>communes</strong></span> <span class='ocrx_word' id='word_1_501' title='bbox 1595 5059 1669 5117; x_wconf 89' lang='lat' dir='ltr'><strong>sunt,</strong></span> <span class='ocrx_word' id='word_1_502' title='bbox 1690 5055 1725 5106; x_wconf 90' lang='lat' dir='ltr'><strong>de</strong></span> <span class='ocrx_word' id='word_1_503' title='bbox 1745 5055 1919 5111; x_wconf 64' lang='lat' dir='ltr'><strong>redactioni·</strong></span> 
     </span>
     <span class='ocr_line' id='line_1_51' title="bbox 563 5128 723 5200; baseline 0.013 -19"><span class='ocrx_word' id='word_1_504' title='bbox 563 5128 615 5182; x_wconf 83' lang='lat' dir='ltr'><strong>bus</strong></span> <span class='ocrx_word' id='word_1_505' title='bbox 634 5128 723 5200; x_wconf 84' lang='lat' dir='ltr'><strong>globi.</strong></span> 
     </span>
    </p>
   </div>
   <div class='ocr_carea' id='block_1_9' title="bbox 0 0 2296 6192">
    <p class='ocr_par' dir='ltr' id='par_1_13' title="bbox 0 0 2296 6192">
     <span class='ocr_line' id='line_1_52' title="bbox 0 0 2296 6192; baseline 0 4"><span class='ocrx_word' id='word_1_506' title='bbox 0 0 2296 6192; x_wconf 95' lang='lat' dir='ltr'><strong> </strong></span> 
     </span>
    </p>
   </div>
  </div>
 </body>
</html>
