4584 6192
1027 547 1057 598 de
1076 549 1147 597 rebus
1167 548 1269 612 Opticis.
1779 554 1822 621 53

466 719 547 780 tione
571 722 659 783 medii
694 721 852 783 densioris.
900 719 980 791 Quid
1014 733 1115 784 antem
1150 724 1186 783 de
1215 725 1370 803 geminata
1398 726 1487 802 iride,
1522 729 1558 788 de
1590 732 1766 794 monstrosis
1791 743 1823 795 et

466 809 614 870 traversis
636 811 820 873 halonibus?
865 810 987 871 Nescio.
1704 852 1706 854 ·

552 897 700 977 Epistola
723 900 930 962 concludenda
954 908 1012 961 est.
1051 901 1095 960 Tu
1110 902 1255 962 meditare
1281 910 1311 962 et
1336 921 1410 982 qnae
1426 904 1575 966 inveneris
1599 906 1670 967 mihi
1693 907 1821 988 imperti.

467 984 588 1056 Quaero
613 1000 714 1050 tamen
736 997 895 1068 autequam
917 989 1100 1062 concludam,
1127 1008 1203 1068 quae
1228 999 1279 1051 tna
1303 991 1345 1050 sit
1367 993 1519 1053 sententia
1544 995 1580 1054 de
1605 995 1820 1058 illuminatione

466 1076 676 1137 chasmatum?
721 1078 801 1139 Nam
825 1077 943 1138 ridetur
966 1097 1058 1139 causa
1083 1079 1197 1156 optica,
1233 1079 1301 1159 quia
1330 1099 1447 1159 semper
1471 1081 1500 1142 in
1524 1084 1729 1161 septentrione
1753 1104 1821 1147 cer-

465 1172 575 1227 nuntur
598 1171 691 1239 (comp.
704 1176 751 1224 vol.
763 1174 783 1224 1.
802 1190 826 1237 p.
841 1170 914 1233 340).
1400 1177 1410 1186 ”
1738 1198 1740 1202 ·

553 1254 635 1315 Vale
661 1255 790 1334 denique
812 1264 843 1315 et
866 1254 932 1315 rudi
956 1262 1045 1332 atque
1069 1256 1244 1334 properanti
1268 1256 1422 1335 scriptioni
1448 1259 1582 1337 ignosce:
1605 1279 1683 1322 nnnc
1698 1262 1775 1324 enim
1792 1263 1820 1323 iu

465 1343 620 1424 procinctu
644 1363 710 1405 snm
725 1343 904 1405 breviusculi
928 1343 1083 1421 cujusdam
1100 1344 1230 1419 itineris,
1256 1345 1357 1425 itaque
1372 1346 1454 1424 prins
1475 1348 1691 1427 expediendam
1715 1351 1820 1430 scripsi

466 1432 541 1493 banc
565 1432 729 1511 epistolam
753 1451 810 1493 non
836 1433 898 1492 sine
922 1433 1016 1491 multa
1039 1433 1213 1493 confusione
1237 1434 1461 1512 cogitationum.

554 1521 675 1600 Pragae
703 1521 753 1583 17.
777 1520 846 1581 Jan.
875 1515 968 1582 1605.

554 1608 629 1668 Quae
641 1610 765 1673 Keplerus
778 1609 863 1658 ultimo
876 1609 929 1657 loco
944 1608 973 1657 de
988 1607 1056 1664 „rudi
1070 1621 1115 1655 sua
1128 1609 1276 1672 scriptione⁴⁴
1292 1610 1358 1669 dicit,
1382 1612 1490 1659 maxima
1506 1625 1537 1659 ex
1549 1618 1619 1674 parte
1633 1611 1666 1661 ad
1680 1616 1819 1675 ,quaestio-

467 1678 602 1730 mutilam
615 1680 740 1744 opticam⁸⁴
755 1681 786 1730 de
799 1680 859 1728 iride
872 1682 994 1742 pertinere
1008 1679 1128 1734 videntur,
1153 1694 1217 1743 quae
1238 1696 1266 1729 ex
1280 1689 1350 1743 parte
1364 1682 1461 1744 quidem
1481 1695 1568 1745 parum
1587 1683 1763 1740 habeatlucis.
1784 1687 1821 1735 ita
1913 1688 1919 1697 '

468 1759 493 1800 nt
513 1750 675 1801 deficientem
691 1754 717 1801 in
727 1750 854 1800 Hanschio
868 1746 909 1810 (ut
922 1752 997 1799 etiam
1017 1751 1041 1797 in
1056 1749 1131 1797 literis
1149 1754 1330 1815 manuscriptis,
1352 1767 1413 1815 quae
1434 1760 1562 1801 conservat
1582 1753 1731 1803 bibliotheca
1743 1754 1819 1805 Vien-

469 1819 561 1882 nensis)
575 1822 682 1887 figuram
695 1824 852 1886 posteriorem
866 1836 914 1870 non
929 1823 982 1868 ausi
995 1822 1070 1868 simus
1084 1821 1225 1885 depingere.

551 1893 776 1958 Brenggerus,
800 1907 849 1941 non
869 1899 969 1941 secutus
983 1891 1084 1954 Kepleri
1099 1893 1244 1954 exemplum,
1267 1894 1307 1956 qni
1330 1895 1395 1942 intra
1408 1890 1423 1941 3
1434 1895 1586 1955 septimanas
1607 1895 1639 1943 ad
1657 1894 1721 1944 illius
1734 1896 1819 1946 literas

468 1964 636 2028 responderat.
660 1980 704 2028 per
716 1965 848 2014 trienninm
867 1964 917 2012 lere
939 1978 987 2010 nou
998 1964 1129 2032 rescripsit.
1156 1962 1244 2012 Mense
1257 1965 1353 2012 demum
1368 1964 1435 2027 Sept.
1451 1966 1508 2012 anui
1523 1963 1591 2012 1007
1604 1966 1737 2029 Keplerum
1759 1968 1820 2025 adit,

468 2037 573 2101 perlecto
585 2036 692 2099 Kepleri
705 2050 778 2098 opere
791 2035 821 2083 de
835 2049 900 2082 nora
912 2034 993 2089 stella,
1017 2048 1138 2081 excusans
1158 2035 1280 2083 silentium
1298 2050 1376 2093 suum,
1398 2036 1487 2085 deinde
1506 2036 1626 2097 judicium
1645 2052 1715 2085 sunm
1732 2039 1762 2086 da
1778 2038 1821 2088 illo

469 2121 539 2171 opere
557 2121 697 2171 proponens
712 2105 803 2169 (comp.
817 2106 894 2169 prael·
912 2105 943 2153 ad
965 2104 1051 2152 librum
1072 2104 1101 2153 de
1115 2104 1195 2154 Stella
1211 2104 1295 2165 nora).
1333 2106 1511 2155 Excusatioues
1535 2107 1626 2156 silentii
1648 2109 1685 2156 sui
1704 2108 1820 2165 diuturni,

470 2178 579 2244 aquibus
594 2178 720 2227 exorditur
731 2179 898 2241 Brenggerua
918 2174 1009 2224 adhoc
1022 2175 1133 2235 redeunt,
1155 2179 1307 2239 proposuisse
1326 2177 1370 2224 sibi
1385 2177 1500 2239 Opticam
1515 2178 1611 2234 ,denno
1632 2180 1752 2227 attentius
1764 2195 1819 2242 per

469 2248 574 2315 bgere‘,
587 2248 632 2298 sed
644 2264 742 2312 semper
753 2263 780 2297 se
794 2248 826 2296 ad
839 2247 890 2296 alia
903 2247 1047 2294 distractum
1060 2247 1143 2295 luisse.
1183 2246 1253 2307 Quae
1272 2250 1295 2296 in
1316 2247 1353 2295 bis
1366 2248 1443 2296 literis
1458 2248 1490 2296 ad
1503 2247 1604 2311 Kepleri
1619 2248 1733 2312 Opticam
1745 2252 1820 2313 perti·

468 2328 532 2378 mut
553 2320 644 2370 eadem
658 2334 708 2383 qus
719 2321 800 2383 priora
812 2320 908 2366 ratione
920 2318 1080 2380 proponenda
1092 2332 1229 2375 censemus,
1250 2320 1396 2368 intermixtis
1406 2319 1508 2383 Keplori
1525 2321 1722 2382 responsionibus
1735 2321 1768 2371 ad
1781 2335 1820 2379 ea,

469 2406 526 2456 quae
538 2391 700 2457 Breuggerus
712 2391 827 2440 dubitans
840 2398 885 2437 aut
897 2403 939 2452 pro
953 2396 1020 2437 certo
1034 2388 1160 2437 affirmans
1173 2389 1253 2439 affert.
1752 2422 1758 2434 .

552 2462 636 2519 Naue,
656 2463 741 2511 scribit
752 2461 969 2524 Breuggarus,
991 2460 1049 2508 ordo
1063 2461 1161 2524 exigere
1171 2462 1273 2519 videtur,
1298 2467 1325 2509 ut
1338 2462 1414 2510 etiam
1430 2460 1460 2509 de
1474 2460 1528 2517 illis,
1549 2474 1613 2524 quaa
1627 2461 1684 2510 olim
1697 2462 1761 2511 inter
1774 2478 1819 2512 nos

470 2534 592 2599 disputata
604 2534 683 2593 fuere,
698 2533 789 2596 aliquid
803 2531 902 2580 addam.
944 2529 1036 2579 Verum
1050 2532 1117 2594 quia.
1131 2539 1159 2580 ut
1171 2546 1246 2596 supra
1258 2534 1366 2582 memini.
1381 2538 1426 2580 tna
1438 2532 1628 2595 Paralipomena
1640 2533 1698 2580 mihi
1711 2533 1820 2583 revidere

471 2605 572 2655 mudum
585 2605 673 2653 datum
686 2604 740 2661 luit,
754 2603 842 2652 saltem
861 2603 947 2664 paucis
960 2615 991 2649 ea
1004 2603 1133 2665 attingam.

552 2674 646 2725 Scribis
667 2681 694 2723 te
713 2674 845 2723 universali
867 2672 954 2737 regula
970 2673 1049 2721 locum
1067 2675 1181 2737 imaginis
1205 2688 1247 2735 per
1265 2674 1421 2721 reflexionem
1439 2675 1582 2736 apparentis
1604 2674 1728 2724 definiisse
1746 2682 1821 2740 atque

471 2747 561 2797 duabus
573 2746 759 2809 exceptionibus
773 2745 917 2794 ostendisse.
941 2744 1038 2807 qnando
1051 2746 1132 2808 imago
1154 2747 1186 2793 sit
1204 2753 1273 2792 extra
1287 2744 1421 2800 cathetum,
1443 2759 1546 2808 qnamm
1559 2753 1670 2799 maest,
1691 2745 1749 2795 dum
1761 2762 1820 2797 ocu-

471 2817 541 2867 lorum
554 2819 650 2881 positus
664 2825 768 2865 naturae
782 2816 859 2864 ordini
875 2824 1009 2870 aversatur,
1024 2814 1112 2869 altera,
1133 2816 1191 2863 dum
1204 2813 1329 2878 specuium
1348 2821 1386 2862 est
1404 2817 1496 2864 mixtae
1517 2815 1611 2881 figurae
1625 2814 1716 2879 (comp.
1730 2834 1753 2881 p.
1764 2816 1820 2878 42).

472 2887 515 2939 Sed
543 2891 610 2937 istae
631 2889 790 2951 exceptiones
810 2902 859 2935 nou
885 2886 1023 2941 sufficiunt,
1054 2885 1118 2949 qnod
1144 2886 1315 2935 demonstrabo
1343 2885 1453 2949 exemplo
1478 2885 1563 2935 Vitell.
1590 2886 1647 2951 Opt.
1674 2887 1750 2944 Vlll.
1779 2887 1819 2937 ll.

471 2957 503 3009 Sit
520 2962 546 3009 in
559 2960 602 3008 illa
615 2959 696 3022 figura
709 2957 763 3022 (fig.
776 2956 822 3016 21)
836 2957 960 3005 oculorum
974 2957 1037 3006 alter
1055 2958 1121 3004 solus
1141 2965 1241 3020 apertus
1255 2960 1280 3005 in
1295 2961 1315 3004 A
1330 2956 1399 3016 (nam
1414 2959 1433 3004 si
1447 2965 1576 3020 utmmque
1589 2960 1696 3020 aperias,
1714 2967 1820 3022 puncto-

470 3045 515 3079 rum
535 3031 661 3094 imagines
683 3038 805 3093 apparent
823 3025 958 3092 geminae).
997 3028 1044 3077 Hic
1066 3030 1126 3076 situs
1149 3029 1212 3077 oculi
1234 3036 1340 3077 naturae
1365 3036 1403 3076 est
1425 3041 1555 3092 cougmm,
1578 3035 1604 3078 et
1621 3030 1748 3092 speculum
1770 3046 1820 3080 nou

470 3104 575 3156 numm.
589 3102 635 3150 sed
648 3099 804 3164 sphaericum
819 3113 961 3148 concavum.
981 3099 1046 3162 Ergo
1062 3102 1134 3161 juxta
1146 3108 1215 3148 tnam
1229 3100 1340 3163 regulam
1358 3101 1442 3161 puncti
1456 3099 1479 3160 Q
1492 3101 1574 3164 imago
1588 3100 1688 3150 deberet
1698 3116 1818 3165 apparere

471 3173 615 3223 houthem.
653 3172 746 3221 Verum
759 3171 827 3220 aliud
841 3170 949 3219 ostendit
961 3172 1121 3233 experientia,
1140 3186 1204 3234 quae
1217 3171 1284 3219 illam
1298 3186 1346 3218 non
1361 3173 1385 3217 in
1399 3169 1420 3218 0
1433 3177 1524 3233 puncto
1538 3171 1630 3220 catheti
1642 3179 1699 3235 post
1710 3172 1817 3233 oculum,

470 3243 506 3292 sed
519 3245 545 3292 iu
558 3243 627 3293 linea
639 3243 684 3291 AG
697 3251 752 3306 post
766 3241 891 3305 speculum
905 3244 1008 3303 reponit,
1028 3243 1054 3288 in
1067 3242 1120 3291 loco
1133 3256 1149 3290 a
1163 3242 1262 3290 catheto
1277 3250 1377 3289 remoto.
1414 3241 1450 3289 Ex
1464 3257 1510 3305 quo
1524 3242 1601 3298 vides,
1624 3244 1736 3308 regulam
1748 3250 1818 3293 tuam

470 3316 514 3363 ms
525 3316 685 3379 exceptiones
697 3329 748 3362 uon
762 3313 873 3361 omnibus
889 3313 986 3360 casibus
999 3312 1151 3361 satisfacere.

551 3386 714 3449 chlerns
733 3384 859 3447 respondit
878 3382 914 3440 (in
934 3383 1011 3431 literis
1033 3384 1094 3432 dd.
1109 3382 1151 3431 ³0.
1165 3383 1227 3432 Nor.
1243 3380 1321 3440 1607,
1342 3397 1444 3447 quarum
1458 3391 1554 3447 partem
1566 3387 1685 3447 potiorem
1707 3386 1815 3437 exhibui·

469 3472 517 3507 rms
527 3458 554 3506 in
568 3459 677 3521 proemio
690 3457 722 3505 ad
735 3456 822 3504 librum
835 3456 865 3503 de
878 3454 951 3502 stella
963 3451 1052 3514 nora):

553 3549 606 3609 Ad
631 3547 754 3626 Optica.
801 3545 888 3605 llleas
912 3544 1118 3623 exceptiones,
1141 3543 1201 3614 ais,
1227 3563 1284 3603 nou
1309 3562 1376 3604 esse
1392 3545 1587 3608 sufficientes.
1634 3546 1760 3619 Fateor3
1785 3555 1818 3608 at

472 3638 532 3715 quis
556 3655 662 3698 omnes
687 3634 880 3714 exceptiones
904 3633 1122 3711 persequatur?
1160 3633 1234 3692 Mihi
1258 3631 1370 3693 sufficit
1393 3634 1489 3695 locum
1514 3634 1652 3715 imaginis
1677 3635 1816 3696 definisse

470 3745 522 3787 oon
545 3744 602 3804 per
624 3727 793 3797 cathetum
817 3722 918 3783 thema
941 3741 1000 3782 uon
1024 3722 1137 3782 affirmo
1162 3730 1194 3782 et
1216 3723 1296 3782 insto
1321 3728 1426 3782 eontra
1441 3723 1470 3783 id
1496 3724 1524 3784 in
1549 3726 1660 3803 specie.
1713 3724 1816 3784 Iustas

472 3823 499 3875 et
519 3825 569 3889 tn,
603 3823 635 3875 et
658 3833 713 3893 per
735 3832 781 3873 me
807 3812 886 3872 licet.
934 3809 1032 3881 Quam
1057 3830 1128 3871 vero
1154 3820 1184 3871 tu
1209 3812 1297 3872 affers
1321 3811 1511 3886 instantiam,
1546 3813 1604 3873 etsi
1623 3814 1688 3892 jam
1713 3811 1815 3871 Vitel-

473 3902 552 3965 lionis
577 3904 655 3965 liber
678 3920 736 3963 non
761 3910 810 3962 est
843 3902 881 3962 ad
904 3891 1023 3973 manus,
1057 3900 1144 3960 video
1178 3908 1279 3959 tamen
1312 3918 1370 3959 noo
1402 3901 1635 3975 admittendam,
1669 3899 1728 3961 etsi
1752 3918 1817 3959 mea

473 3992 538 4054 nihil
561 3993 701 4055 interest.
747 3990 828 4051 Dum
852 3990 929 4051 euim
953 3989 1011 4061 ais,
1047 4000 1172 4067 utroque
1196 3988 1281 4048 oculo
1315 3998 1419 4067 aperto
1443 3990 1518 4051 duas
1541 3990 1637 4052 videri
1659 3988 1815 4067 imagines,

473 4098 503 4141 eo
524 4082 642 4161 prodis,
676 4082 772 4141 locum
795 4080 837 4140 ibi
861 4078 1000 4158 imaginis
1025 4097 1091 4139 esse
1121 4078 1199 4138 inter
1231 4078 1348 4138 oculum
1372 4086 1404 4138 et
1427 4080 1588 4158 speculum.
1634 4075 1721 4148 Quod
1745 4095 1816 4139 vero

474 4167 564 4249 imago
587 4190 642 4250 per
665 4188 752 4230 unum
777 4170 893 4229 oculum
916 4170 1007 4228 situm
1030 4168 1150 4228 videtur
1164 4167 1309 4244 accipere,
1335 4166 1373 4226 ad
1397 4167 1428 4227 id
1443 4176 1514 4247 puto
1529 4186 1703 4229 concurrere
1719 4167 1815 4228 aesti-

475 4259 628 4321 mationem
662 4257 841 4338 quantitatis
873 4256 993 4336 speciei.
1040 4257 1120 4318 Nam
1144 4256 1170 4315 si
1193 4256 1310 4334 species
1334 4255 1389 4316 hoc
1414 4258 1522 4334 angulo
1546 4275 1674 4335 aequare
1697 4254 1817 4336 ponitur

478 4346 585 4420 latiam,
609 4356 680 4409 tnnc
705 4346 840 4426 seqnitur
863 4355 947 4408 certa
971 4345 1036 4423 ejus
1060 4344 1197 4405 remotio.
1245 4342 1357 4406 Nescio
1380 4353 1480 4405 tamen
1505 4344 1626 4406 delinire
1650 4345 1715 4406 sine
1739 4344 1815 4406 libro

478 4443 504 4496 ct
522 4438 690 4500 schemate:
730 4435 801 4497 Sive
835 4435 926 4514 igitur
958 4443 1020 4495 stet
1051 4445 1103 4494 tua
1136 4433 1264 4511 objectio
1288 4433 1350 4493 sive
1374 4434 1480 4506 cadat,
1514 4433 1594 4494 nullo
1618 4453 1684 4495 meo
1709 4434 1816 4495 damno

479 4541 575 4605 magno
599 4526 773 4598 concludes,
799 4525 992 4603 exceptiones
1015 4542 1098 4583 meas
1123 4541 1180 4583 non
1206 4522 1340 4582 omnibns
1365 4523 1485 4584 casibus
1509 4523 1703 4597 satisfacere,
1728 4524 1815 4583 dum-

481 4615 554 4676 modo
576 4615 649 4677 illud
682 4614 831 4691 corrigas:
869 4613 1023 4691 „regulam
1056 4613 1118 4672 sive
1149 4612 1360 4689 exceptiones“
1387 4612 1440 4673 &c
1487 4611 1617 4671 Diversa
1640 4612 1717 4672 euim
1741 4611 1815 4671 haec

482 4711 551 4764 sut:
574 4704 680 4782 regula
701 4703 930 4773 universalium,
955 4701 1145 4781 exceptiones
1170 4700 1373 4779 singularium.

554 4811 776 4876 Breuggerus:
797 4808 894 4857 Deinde
907 4822 956 4856 uon
969 4809 1053 4870 probo,
1074 4808 1138 4869 qnod
1151 4807 1231 4855 locum
1243 4807 1357 4870 imaginis
1371 4812 1396 4854 et
1408 4807 1487 4868 ipsam
1500 4805 1629 4855 locationis
1643 4807 1695 4866 ejus
1712 4816 1816 4853 causam

484 4874 532 4926 aas
542 4894 686 4931 concursum
704 4880 828 4930 radiorum
847 4880 985 4935 visualium,
1005 4894 1049 4927 seu
1068 4879 1189 4927 linearum
1202 4879 1368 4927 metatricium
1387 4891 1417 4925 ox
1437 4884 1538 4941 utroque
1551 4875 1621 4926 oculo
1642 4875 1816 4938 producturum
1847 4937 1849 4942 Ι

485 4944 558 5014 leemp-
571 4968 595 5016 p.
608 4948 664 5013 ⁴3).
701 4951 791 5004 Primo.
811 4946 931 5014 quianon
944 4966 1003 5013 opus
1018 4957 1056 4999 eet
1069 4949 1162 4998 duobus
1175 4950 1260 5005 oculis,
1281 4964 1335 4998 curn
1355 4962 1403 4997 uno
1418 4948 1488 4997 oculo
1502 4949 1578 4997 etiam
1588 4952 1712 5011 spectetur
1732 4946 1815 5012 imago

486 5016 569 5071 imam.
604 5021 653 5072 Hic
672 5028 699 5072 tu
717 5022 750 5071 sd
762 5021 870 5086 pupillae
886 5021 1042 5070 latitudinem
1062 5021 1182 5085 coniugis,
1205 5027 1233 5071 ut
1251 5020 1398 5071 dualitatem
1416 5026 1514 5070 tuarum
1537 5018 1701 5068 metatricium
1722 5019 1816 5067 tuearis

487 5087 558 5141 mim
571 5095 598 5147 la
615 5107 666 5146 uuo
687 5093 773 5152 oculor
792 5092 838 5144 sed
850 5091 910 5142 nibil
923 5092 1009 5153 efficia
1032 5106 1090 5143 nam
1102 5107 1175 5142 nemo
1188 5094 1323 5156 opticorum
1340 5091 1462 5142 bootem
1475 5090 1566 5145 docuit.
1589 5091 1661 5141 nnius
1673 5090 1758 5155 puncti
1776 5091 1812 5139 rsi
