4584 6192
489 563 555 634 632
967 561 1008 613 oe
1026 559 1366 627 sumbevamrpeneuo

489 740 572 806 mani
592 738 753 804 infeliciter
776 738 846 800 den
870 735 1108 811 Thierlrreis,
1132 738 1273 801 circulum
1293 724 1476 813 animalium,
1501 739 1753 821 magisgennioe,
1778 742 1849 808 dea

487 828 734 903 Bilderlrreis,
759 826 900 890 circulum
923 825 1084 905 signomm.
1130 825 1251 889 Graeca
1280 848 1339 891 vox
1362 825 1466 902 (adrev
1487 828 1618 892 hicnon
1642 839 1692 893 est
1714 831 1849 896 animal-

487 919 600 994 colmn,
634 918 689 980 sed
712 916 823 978 idolum
847 914 1062 996 qualecunque,
1098 915 1189 978 etiam
1220 916 1363 989 hominis,
1395 937 1449 979 sen
1480 917 1595 998 pictum
1617 938 1672 981 sen
1694 921 1849 1002 sculptum

487 1028 542 1072 sen
565 1008 673 1077 iusum.
719 1007 786 1068 Hoc
817 1023 908 1067 sensu
939 1025 976 1065 τα
998 999 1088 1076 lodic
1110 1013 1265 1067 sumuntur
1293 1008 1372 1086 apud
1395 1007 1546 1068 Heronem
1577 1008 1608 1070 iu
1640 1008 1849 1090 spiritalibus;

488 1097 545 1161 boc
569 1115 660 1158 senso
684 1094 775 1157 etiam
790 1091 897 1155 Cicero
915 1091 1026 1171 aliique
1040 1091 1144 1160 Latini
1167 1094 1330 1172 scriptores
1353 1114 1427 1156 voce
1451 1094 1556 1175 signa
1578 1103 1713 1161 ntnntnr.
1745 1100 1849 1163 Aratu

486 1185 607 1267 quidem
629 1184 754 1245 mamm
778 1179 991 1263 dispositiones
1014 1188 1085 1242 sunt
1116 1203 1234 1259 σηματα
1265 1184 1464 1247 membrorum
1497 1183 1526 1245 in
1559 1185 1760 1251 animalibus:
1793 1190 1848 1253 red

486 1292 546 1336 non
570 1280 619 1336 cst
640 1272 801 1334 verisimile
825 1289 906 1342 eom,
939 1269 988 1350 qui
1020 1270 1134 1348 primns
1162 1271 1239 1333 dixit
1268 1273 1356 1352 signa
1379 1272 1537 1348 coelestia,
1572 1274 1610 1335 ad
1634 1293 1740 1338 vocem
1766 1300 1847 1355 oqpn

483 1363 585 1444 potins
610 1360 790 1442 respexisse,
814 1378 903 1440 qoam
926 1358 967 1419 ad
989 1377 1093 1420 vocem
1115 1355 1229 1431 ζωὰω.
1276 1359 1336 1432 Qui
1363 1377 1435 1422 vero
1459 1362 1614 1424 duodecim
1646 1364 1738 1444 signa
1763 1364 1846 1429 Ger.

484 1452 600 1516 manice
624 1449 718 1513 vertit
739 1449 800 1511 die
830 1447 940 1509 zwdlf
964 1447 1137 1523 Zeicben‚
1163 1457 1215 1509 aut
1238 1468 1294 1511 non
1315 1450 1446 1512 attendit
1460 1451 1498 1511 ad
1513 1452 1673 1530 genuinum
1688 1453 1845 1534 significa·

482 1548 547 1604 tom
570 1540 655 1603 vocis
677 1538 838 1619 signum,
863 1555 938 1617 qnae
962 1536 1107 1597 hocloco
1131 1536 1210 1598 idem
1235 1538 1313 1625 quod
1335 1536 1439 1613 ζωόιω
1465 1539 1628 1618 significat,
1660 1540 1846 1607 Germanias

481 1628 585 1692 Bild:
611 1635 664 1691 aut
686 1646 746 1692 vox
769 1625 932 1688 Zeieben
956 1624 1046 1686 latior
1069 1625 1139 1686 olim
1166 1625 1221 1687 tuit
1244 1646 1333 1706 quam
1352 1627 1450 1702 hodie,
1474 1628 1732 1709 comprehendens
1753 1633 1844 1696 etiam

471 1717 683 1800 significatum
707 1715 791 1777 vocis
813 1714 911 1777 Bild.
948 1713 1047 1775 Hodie
1066 1733 1194 1794 namque
1216 1733 1275 1775 vox
1303 1717 1460 1779 Zeichen
1488 1717 1638 1796 significat
1658 1722 1845 1798 generaliter

481 1809 531 1869 vel
554 1807 695 1881 indicium
720 1804 934 1886 qualecunque,
958 1809 993 1863 ut
1006 1801 1140 1864 bubones
1156 1814 1187 1864 et
1202 1805 1419 1867 exanthemata
1434 1806 1539 1884 pestis,
1564 1806 1712 1886 genitalia
1735 1829 1844 1886 sexum

480 1897 532 1960 vel
554 1905 657 1959 notam
681 1895 915 1975 qualemcunque
939 1890 1099 1971 scriptam,
1132 1900 1167 1953 nt
1197 1892 1389 1957 characteres
1420 1895 1609 1974 planetarum
1633 1903 1665 1957 et
1688 1898 1843 1979 signorum

481 1985 612 2066 scriptos
619 2003 629 2058 3
653 1993 707 2046 aot
729 1983 847 2062 signum
871 1979 1075 2061 qualecunque
1089 1981 1249 2043 memoriae
1269 2002 1362 2045 causa
1380 1984 1570 2056 collocatum,
1593 2003 1645 2047 seu
1661 1985 1692 2048 in
1706 1975 1841 2069 script'n,

479 2083 515 2138 ot
537 2072 672 2149 obelisci,
697 2069 853 2144 asterisci,
878 2087 999 2142 manos,
1023 2068 1156 2138 indiculi,
1181 2069 1288 2132 literae
1311 2072 1352 2136 N.
1366 2073 1409 2146 B3
1432 2092 1486 2135 sen
1509 2084 1605 2147 exoa,
1630 2082 1665 2135 ut
1683 2077 1842 2157 congeries

478 2162 623 2245 lapidum,
649 2181 764 2231 cmces,
787 2158 859 2221 nodi
881 2157 910 2219 in
935 2157 1073 2219 arborum
1097 2158 1260 2234 frondibus,
1286 2160 1449 2240 stigmata,
1473 2161 1633 2224 incisiones
1657 2171 1691 2227 et
1712 2166 1841 2229 similia:

479 2272 537 2334 quo
560 2270 652 2315 sensu
674 2250 772 2331 signis
803 2246 986 2310 coelestibus
1017 2246 1138 2308 minime
1172 2248 1309 2327 quadrat
1357 2248 1540 2331 Specialiter
1571 2271 1642 2313 vere
1675 2252 1838 2318 Zeicban

478 2339 642 2405 Germanis
664 2345 757 2401 sonat
778 2343 931 2399 ostentum
954 2335 1101 2410 coeleste,
1125 2345 1312 2416 portentum,
1336 2339 1527 2413 miraculum
1557 2359 1675 2402 rursum
1697 2362 1758 2405 non
1781 2343 1839 2406 ad·

476 2431 597 2496 modum
619 2428 739 2511 proprie
764 2426 802 2488 de
825 2423 920 2505 signis
943 2423 1070 2500 zodiaci,
1093 2431 1180 2487 tanto
1204 2433 1306 2489 tamen
1329 2427 1517 2490 tolerabilius
1540 2438 1652 2509 quanto
1675 2440 1838 2512 portento-

477 2519 560 2585 siora
580 2519 613 2582 in
635 2518 720 2580 coelo
743 2522 879 2579 monstra
901 2511 1039 2575 finximus
1062 2513 1219 2594 astrologi.

1066 2789 1241 2801 ——a-——n

1048 3024 1168 3125 Caput
1195 3025 1258 3100 VI.

473 3213 776 3282 Dertomioote‘orrem
807 3208 1019 3289 myreorum
1048 3206 1088 3267 ab
1123 3201 1284 3267 elemeretis
1311 3226 1377 3270 nore
1406 3226 1472 3268 esse
1501 3228 1542 3271 ec
1568 3230 1677 3274 rerum
1706 3218 1834 3289 marra

917 3293 975 3355 sed
996 3313 1036 3356 etc
1059 3292 1192 3355 aretem
1215 3293 1386 3384 bominum.

561 3462 665 3528 Tertio
697 3462 763 3523 loco
796 3452 975 3535 explicanda
1007 3459 1056 3513 est
1087 3451 1170 3531 origo
1203 3453 1485 3516 denominationum.
1546 3456 1643 3538 Signa
1681 3460 1763 3522 enim
1796 3460 1833 3526 ab

472 3554 636 3637 astrologis
665 3552 727 3615 alia
754 3549 845 3627 ignea
867 3541 1074 3623 perhibentur,
1108 3550 1142 3602 nt
1172 3542 1251 3621 quod
1279 3544 1343 3621 jam
1372 3542 1504 3623 incipere
1535 3547 1644 3610 dicitur
1667 3548 1831 3629 triplicitas

472 3644 572 3727 ignea,
595 3643 658 3707 alia
682 3639 774 3712 atria,
800 3634 862 3696 alia
885 3649 991 3712 aquea,
1016 3630 1077 3691 alia
1100 3638 1209 3693 terrea.

561 3734 665 3798 Causa
686 3727 787 3808 igitur,
812 3742 863 3785 cur
886 3719 981 3801 signis
1004 3719 1061 3780 bae
1086 3720 1197 3780 suerint
1218 3716 1382 3779 attributae
1400 3720 1668 3800 denominationes,
1695 3726 1830 3807 conjectu

471 3833 519 3889 est
542 3822 651 3887 facilis.
699 3816 796 3878 Omne
820 3830 914 3891 genus
936 3809 1098 3869 humanum
1132 3807 1201 3868 inde
1230 3827 1250 3866 a
1280 3806 1377 3885 prima
1411 3810 1524 3890 origine
1556 3813 1682 3891 agnovit
1715 3825 1747 3877 et
1778 3834 1830 3897 pre

347 3935 356 3949 ‘
471 3915 609 3977 conlesso
634 3902 807 3987 usurpavit,
836 3903 1036 3978 tempestates
1061 3916 1176 3957 annuas
1201 3914 1238 3956 ex
1262 3895 1345 3955 coelo
1370 3898 1489 3963 variari.
1536 3900 1570 3961 Io
1595 3904 1829 3982 tempestatibus

468 4022 538 4064 vero
564 4000 633 4063 anni
657 3998 715 4059 hae
739 3999 868 4073 quatuor
891 3993 1051 4048 cernuntur
1084 3984 1266 4065 qualitates:
1301 3983 1445 4063 calidum,
1479 3988 1634 4068 frigidum,
1667 3990 1828 4066 humidum,

468 4092 589 4154 siccum.
635 4084 732 4166 Atqui
754 4082 813 4143 hae
837 4083 965 4157 quatuor
988 4073 1153 4154 qualitates
1186 4073 1215 4134 in
1248 4072 1375 4133 tetidem
1406 4076 1577 4152 elementis,
1612 4098 1691 4159 qnae
1719 4080 1829 4144 nostris

467 4180 665 4242 obversantur
689 4171 836 4242 sensibus,
861 4166 891 4226 in
915 4163 984 4242 igne
1008 4163 1099 4235 calor,
1125 4162 1155 4225 in
1180 4168 1249 4223 abre
1274 4161 1387 4237 homor,
1411 4164 1440 4225 in
1465 4185 1544 4244 aqna
1563 4165 1667 4245 frigus,
1694 4155 1728 4231 in*
1750 4178 1829 4233 terra

468 4266 592 4331 siccitas
615 4261 785 4345 praecipue,
811 4254 1010 4318 dominantur.
1056 4251 1134 4313 Hinc
1158 4249 1357 4313 Aristotelicas
1380 4254 1561 4316 combinatio
1585 4252 1710 4332 talisz')
1858 4259 1861 4270 '

897 4358 1030 4415 Calidum.
1084 4358 1167 4413 IGN
1178 4358 1227 4413 ls.
1282 4356 1400 4414 Siccam.

1080 4484 1252 4591 ee*

1142 4582 1177 4644 i*

1073 4637 1141 4751 ἃς)
1186 4644 1255 4776 ἕρ

893 4820 1042 4894 Frigidum.
1082 4818 1222 4883 AQUA.
1263 4816 1420 4871 Humidum.

557 4918 633 4984 Cum
656 4918 758 5000 itaque
782 4915 872 4980 aliter
894 4934 1002 4997 capere
1026 4934 1085 4977 non
1107 4920 1235 4994 possent
1252 4912 1399 4983 homines,
1422 4905 1569 4990 quomedo
1584 4904 1644 4967 bae
1664 4907 1826 4988 qualitates

466 5025 505 5069 ex
529 5010 614 5070 coelo
638 5015 758 5080 essent,
782 5006 811 5068 iu
835 5006 952 5068 coelum
974 5023 1028 5065 eas
1053 5003 1240 5065 sustulemnt
1262 5003 1397 5081 interque
1421 4998 1510 5078 signa
1531 4994 1651 5058 zodiaci
1681 4996 1825 5061 distribu-

467 5108 563 5172 ernnt.
607 5097 654 5160 At
676 5094 863 5158 Aristoteles
886 5100 988 5174 negat,
1012 5092 1118 5154 iisdem
1141 5091 1231 5153 imbui
1255 5088 1467 5171 qualitatibus,
1491 5086 1598 5168 quibus
1621 5084 1699 5148 baec
1722 5094 1826 5150 noetn
