4584 6192
984 613 1130 680 com
1669 583 1736 685 sni

377 787 496 853 nodiaci
524 790 564 851 ad
593 789 728 870 integras
761 791 828 871 ejus
859 799 964 872 partes
999 790 1105 853 eodem
1133 790 1296 854 intervallo
1324 790 1495 856 distinctas.
1549 793 1627 859 Cum
1655 794 1736 862 enim

377 878 526 957 astrologi
550 879 706 940 zodiacum
728 879 865 941 diiidant
887 879 917 942 in
940 879 1097 942 duodecim
1118 888 1223 959 partes
1247 882 1400 963 aequales,
1423 882 1509 946 initio
1532 884 1613 946 lacto
1632 904 1735 948 asoa

377 966 462 1029 tione
483 968 601 1029 mediae
624 968 721 1029 lineae
743 987 799 1047 per
820 968 977 1029 zodiacum
992 968 1091 1030 euntis
1114 989 1182 1030 cum
1204 971 1284 1031 linea
1307 970 1486 1051 interpolos
1499 972 1602 1035 mundi
1624 973 1734 1050 media,

377 1075 470 1138 quam
492 1055 659 1118 sectionem
680 1056 736 1119 Sol
758 1075 851 1119 veruo
874 1066 1008 1137 tempore
1032 1057 1157 1133 namo,
1180 1078 1307 1139 quarum
1325 1059 1445 1140 quidem
1463 1060 1595 1140 partium
1612 1062 1736 1128 nomina

539 1178 624 1242 Siout
644 1179 751 1254 Adeo,
776 1180 916 1255 Tm,
941 1181 1080 1255 Garoirri,
1105 1180 1237 1256 onom,
1260 1183 1339 1258 Leo,
1372 1182 1476 1265 Virgo,

539 1268 712 1350 Libraque,
737 1266 902 1352 Scorpius,
925 1271 1122 1344 Ateium
1149 1270 1262 1353 Caper,
1284 1272 1460 1355 Arnphm,
1484 1272 1608 1336 Pisaeo.

469 1408 636 1473 Duodecim
668 1409 759 1488 igitur
789 1409 819 1471 iu
841 1409 901 1473 tria
924 1407 1029 1472 divisis
1061 1411 1157 1491 (quod
1185 1411 1246 1473 tria
1273 1413 1313 1473 ad
1341 1412 1525 1495 triangulum
1547 1413 1736 1478 formandum

377 1497 605 1571 adsciscantur)
627 1499 770 1561 zodiacus
793 1500 903 1564 habere
926 1498 1035 1561 dicitur
1057 1508 1187 1580 quatuor
1208 1501 1359 1580 trigonos,
1388 1521 1463 1583 quos
1486 1510 1519 1563 et
1539 1501 1734 1581 triplicitatea

376 1585 544 1667 appellant.

466 1675 586 1737 Primus
614 1683 676 1736 est:
706 1675 840 1749 Arietis,
869 1673 999 1751 leonis,
1028 1673 1203 1755 Sagittarii3
1244 1678 1408 1740 secundus:
1445 1676 1554 1752 Tauri,
1585 1676 1734 1758 Virginis,

378 1763 572 1843 Capricorui3
595 1763 719 1826 tertius:
745 1759 949 1838 Geminorum,
972 1764 1095 1839 Librae,
1119 1764 1247 1846 Aquarii
1254 1786 1264 1842 ;
1297 1774 1437 1847 quartam
1463 1765 1583 1841 Cancri,
1605 1765 1734 1847 Scorpii,

376 1851 522 1920 Piscium·

466 1940 527 2005 Ubi
554 1940 656 2015 vides,
686 1939 764 2001 inter
786 1940 924 2002 Arietem
953 1948 985 2001 et
1006 1940 1140 2002 Leonem
1169 1940 1316 2005 interesse
1344 1950 1451 2023 partes
1479 1950 1561 2019 tres,
1589 1943 1733 2018 Taurum,

378 2027 543 2104 Geminos,
574 2028 739 2103 Cancrum;
769 2028 847 2091 inter
868 2031 1002 2092 Leonem
1033 2036 1065 2090 et
1093 2029 1294 2109 Sagittarium
1322 2031 1427 2093 itidem
1454 2039 1536 2107 tres,
1566 2030 1735 2110 Virginem,

376 2118 519 2192 Libram,
550 2117 723 2196 Scorpium;
755 2117 881 2199 denique
912 2118 1039 2179 totidem
1070 2117 1163 2180 etiam
1191 2120 1269 2181 inter
1297 2118 1497 2199 Sagittarium
1527 2127 1560 2182 et
1585 2119 1734 2193 Arietem,

377 2206 498 2269 scilicet
521 2204 747 2287 Capricornum,
770 2207 947 2287 Aquarium,
969 2207 1086 2281 Pisces,
1110 2215 1142 2269 et
1165 2206 1209 2268 sie
1231 2207 1269 2268 de
1292 2207 1438 2270 omnibus.
1480 2210 1588 2290 Itaque
1611 2207 1638 2269 si
1659 2225 1734 2287 par-

375 2303 426 2358 tes
447 2296 507 2357 hae
530 2294 560 2356 in
583 2296 695 2357 circulo
718 2296 917 2375 disponantur
943 2296 1358 2377 rectisque-‚connectantum
1387 2293 1567 2379 perfeetum'
1583 2294 1734 2358 creabitur

374 2383 568 2464 triangulum

464 2473 514 2535 Ex
543 2473 712 2535 nominibus
742 2472 872 2553 partium
902 2472 1088 2551 singularum
1116 2480 1216 2534 ortum
1245 2482 1294 2535 est
1322 2492 1431 2535 nomen
1453 2473 1548 2554 signi,
1578 2489 1733 2534 commune

376 2561 515 2624 omnibus
550 2562 708 2624 duodecim
737 2562 884 2640 partibus.
938 2563 1043 2640 ltaque
1078 2560 1207 2623 circulus
1243 2562 1296 2623 ille
1332 2562 1518 2641 signorum
1554 2560 1734 2636 circulus,

375 2649 496 2713 Graece
518 2653 671 2721 Zodacxoe
694 2649 810 2711 dicitur.
859 2649 1066 2732 Triplicitates
1094 2669 1166 2711 vero
1190 2659 1317 2731 quatuor
1340 2650 1528 2731 distinguunt
1556 2648 1734 2711 denomina-

374 2737 509 2801 tiombus
532 2739 747 2801 elementorum
769 2746 906 2820 quatuor.
953 2738 1086 2800 Primam
1108 2739 1213 2801 dicunt
1234 2739 1368 2820 igneam3
1400 2739 1564 2802 secundam
1585 2746 1733 2814 terream3

374 2827 499 2890 tertiam
520 2835 656 2902 aeream;
679 2839 819 2909 quartam
835 2847 977 2909 aqueam.

464 2915 544 2977 Tota
566 2916 641 2979 haec
665 2916 822 2978 divisionis
845 2924 877 2978 et
898 2914 1142 2978 nomenclaturae
1164 2914 1244 2978 ratio
1266 2936 1327 2979 non
1350 2914 1418 2978 ideo
1441 2923 1560 2978 tautum
1577 2911 1736 2977 retinenda

373 3003 476 3066 estin
498 3003 640 3079 mathesi,
663 3004 733 3086 quia
756 3005 975 3086 antiquissima,
999 3005 1053 3065 sed
1068 3004 1160 3065 etiam
1181 3003 1259 3080 ideo,
1284 3004 1355 3087 quia
1367 3003 1543 3067 necessaria
1560 3001 1734 3077 memoriae,

372 3114 431 3156 usu
454 3113 527 3154 vero
551 3094 802 3155 commodissima
834 3095 914 3156 Nam
937 3093 996 3155 etsi
1019 3113 1087 3155 cum
1109 3093 1295 3155 astronomia
1318 3093 1387 3173 ipsa
1408 3094 1529 3175 penitus
1545 3090 1733 3172 exstirpare·

371 3190 423 3243 tur
446 3200 484 3242 ex
506 3181 658 3244 hominum
681 3182 799 3257 animis,
823 3192 923 3244 tamen
947 3182 997 3263 qui
1021 3180 1190 3243 successuri
1213 3191 1327 3258 essent,
1352 3182 1499 3263 siquidem
1517 3180 1735 3244 astronomiam

373 3271 453 3331 inter
475 3270 611 3332 homines
634 3290 779 3332 revocare
803 3271 932 3345 vellent,
955 3271 1127 3349 hujusmodi
1150 3270 1266 3333 ratione
1290 3272 1392 3352 aliqua
1409 3279 1514 3351 partes
1534 3268 1612 3332 coeli
1633 3269 1732 3331 nomi·

372 3358 462 3421 nibus
491 3358 695 3439 distinguendi
719 3358 761 3421 uti
789 3368 977 3440 cogerentur.
1015 3362 1122 3441 Itaque
1144 3368 1286 3439 proterve
1311 3360 1458 3441 ineptiunt
1481 3367 1513 3421 et
1535 3360 1636 3439 inepte
1658 3376 1733 3439 pro·

371 3447 508 3509 terriunt
529 3448 667 3528 quidam,
699 3448 748 3529 qui
772 3449 945 3529 eloquentia
967 3448 1053 3510 abusi
1075 3448 1220 3530 populum
1243 3450 1298 3511 sub
1322 3449 1403 3512 dium
1426 3456 1570 3523 evocant,
1594 3455 1732 3508 oontem-

371 3535 512 3616 platuros
541 3556 580 3596 an
604 3537 633 3598 in
657 3538 742 3598 coelo
774 3538 916 3599 animalia
939 3556 977 3598 an
1008 3537 1107 3617 iguem
1137 3557 1284 3618 aquamve
1314 3537 1409 3599 oculis
1437 3537 1573 3599 invenire
1601 3534 1732 3615 possint,

371 3644 411 3684 au
436 3644 508 3685 vero
531 3632 722 3687 astronomos
745 3645 839 3707 aeque
864 3635 953 3706 atque
977 3626 1149 3704 astrologos
1173 3626 1273 3699 (nulla
1295 3628 1378 3687 facta
1401 3625 1594 3687 distinctione
1617 3641 1731 3684 nocen-

372 3720 437 3774 tum
460 3714 499 3775 ab
523 3713 742 3788 innocentibus,
764 3715 848 3777 nulla
871 3736 943 3777 usus
966 3715 1132 3777 necessarii
1155 3735 1174 3775 a
1197 3714 1429 3795 superstitione)
1453 3733 1557 3776 omnes
1580 3712 1620 3773 ad
1642 3729 1733 3772 unum

373 3801 506 3864 insanire
529 3802 631 3864 dicere
655 3804 757 3865 velint

462 3889 590 3962 Quando
613 3910 686 3954 vero
709 3892 746 3953 de
770 3893 826 3954 hoc
849 3892 1013 3973 quaeritur,
1036 3912 1074 3952 an
1098 3899 1132 3952 ut
1146 3890 1267 3953 nomina
1282 3890 1325 3952 sie
1339 3889 1488 3953 naturalis
1503 3908 1620 3970 quoque
1635 3887 1733 3950 virtus

370 3978 542 4041 nominibus
566 3998 699 4059 congrua
721 3981 799 4043 inter
823 3980 879 4041 has
902 3980 1018 4042 zodiaci
1040 3989 1145 4059 partes
1169 3979 1332 4041 distrssruta
1354 3981 1411 4055 sit,
1442 3986 1496 4041 aut
1522 3985 1669 4039 naturane
1692 3997 1733 4040 an

369 4066 525 4129 hominum
548 4068 704 4129 arbitrium
719 4069 775 4130 has
791 4069 1002 4131 distinctiones
1026 4068 1188 4130 invenerit:
1213 4068 1262 4129 hic
1281 4069 1347 4147 jam
1369 4069 1456 4148 ajunt
1472 4066 1630 4142 Chaldaei,
1653 4065 1732 4142 Indi,

368 4155 533 4236 Aegyptii,
562 4157 702 4231 Arabes,
736 4157 848 4219 Graeci
870 4157 1031 4239 Latinique
1061 4157 1226 4236 astrologi,
1257 4166 1371 4237 negant
1399 4154 1572 4237 philosophi
1600 4154 1733 4218 omnium

368 4252 507 4305 actaonn
537 4252 569 4305 et
591 4255 760 4324 tempomm
789 4266 913 4327 cumque
944 4246 981 4308 iis
1011 4266 1070 4306 una
1102 4264 1168 4324 ego.
1217 4246 1320 4309 Causa
1349 4246 1428 4309 inter
1456 4243 1649 4326 potissimas,
1678 4264 1732 4307 cur

368 4351 496 4412 negem,
521 4342 578 4407 est,
603 4335 691 4414 quod,
716 4335 765 4415 qui
789 4336 953 4408 allinnant,
978 4336 1045 4397 sola
1072 4334 1270 4414 persuasione
1293 4335 1483 4416 antiquitatis
1505 4332 1656 4408 nituntur;
1687 4340 1730 4407 ut,

367 4441 438 4482 cum
461 4422 595 4483 rationes
618 4423 719 4485 nullas
743 4424 907 4498 inveniant,
932 4425 989 4486 huo
1011 4444 1044 4485 se
1060 4424 1217 4503 recipiant,
1241 4424 1322 4505 quod
1344 4422 1520 4486 incredibile
1544 4422 1730 4497 existimant,

367 4511 629 4573 nomenclaturam
658 4512 736 4573 hauc
766 4512 895 4574 naturali
925 4514 1119 4574 fundamento
1150 4532 1271 4585 carere,
1301 4532 1368 4575 oum
1398 4509 1608 4593 antiquissima
1635 4511 1677 4571 sit
1698 4517 1731 4571 et

367 4597 507 4661 omnibus
531 4600 642 4662 seculis
665 4619 720 4680 pro
735 4600 865 4664 naturali
889 4602 1053 4664 celebrata
1092 4604 1199 4682 ltaque
1216 4609 1357 4664 utcausa
1372 4621 1424 4662 cur
1438 4619 1556 4681 negem,
1581 4609 1613 4661 et
1630 4596 1729 4659 cautio

366 4695 519 4769 quatenus
542 4707 659 4767 negem,
684 4690 713 4751 in
737 4700 898 4771 conspectu
923 4690 973 4764 sit,
996 4692 1076 4773 quod
1096 4690 1258 4770 plurimum
1280 4689 1399 4771 quidem
1422 4688 1563 4751 conducit
1576 4690 1617 4751 ad
1630 4686 1728 4750 aesti-

365 4776 534 4840 mationem
556 4778 693 4841 miraculi
715 4780 822 4854 nostri,
847 4799 896 4841 res
919 4780 1015 4842 omnis
1038 4802 1058 4842 a
1079 4780 1178 4861 prima
1200 4777 1314 4861 origine
1336 4780 1503 4842 retexenda
1525 4784 1584 4839 est.

955 5024 1143 5035 ——0-
