4584 6192
549 624 615 694 574
937 631 1118 681 mutatores
1136 629 1243 681 Editoris
1261 631 1287 680 iu
1305 627 1451 695 Dioptriccu
1470 628 1515 681 10

607 802 611 810 ’
637 803 727 870 0110.
748 805 808 856 524.
845 808 952 857 Pena:
972 805 1085 857 Euclides
1105 814 1189 871 aperte
1209 806 1294 864 docet,
1315 813 1443 870 aspectum
1461 806 1514 855 lieri
1532 819 1576 870 per
1594 805 1675 855 radios
1693 811 1857 870 properantes
1876 803 1909 855 ab

524 878 624 930 oculis
643 877 676 926 ad
693 893 733 929 res
751 881 825 929 01000.
862 878 971 941 Legerat
989 877 1090 927 Vitellio
1114 885 1227 928 auctores
1246 893 1295 927 uon
1321 879 1450 935 obscuros,
1479 878 1520 941 qui
1539 876 1662 932 dicerent.
1690 884 1803 926 mutuam
1828 878 1907 926 inter·

548 952 684 1000 tectionem
703 964 831 999 nervorum
845 951 988 1012 opticornm‚
1008 957 1140 1013 antequam
1154 949 1186 998 ad
1199 950 1281 998 oculos
1295 952 1447 1013 perveniant,
1462 963 1564 998 causam
1577 962 1640 1003 esse.
1659 962 1703 997 cur
1714 962 1767 998 una
1778 956 1805 997 et
1817 949 1908 998 eadem

547 1035 601 1077 000,
627 1022 703 1069 etiam
721 1021 742 1069 si
761 1036 777 1070 a
795 1022 889 1070 duobus
908 1020 984 1069 oculis
1013 1024 1191 1083 conspiciatur.
1220 1035 1271 1069 una
1289 1028 1373 1070 tamen
1392 1036 1441 1069 non
1461 1027 1545 1069 autem
1563 1020 1664 1084 gemina
1682 1026 1811 1082 appareat.
1849 1020 1908 1069 Hac

548 1092 663 1156 opinione
682 1092 789 1140 imbutus
808 1092 986 1155 pronunciavit,
1007 1094 1121 1141 unionem
1140 1093 1272 1141 formarum
1285 1094 1311 1140 in
1323 1107 1451 1141 nervomm
1469 1092 1645 1139 intersectione
1663 1091 1771 1147 efficere,
1791 1093 1909 1140 0100100

547 1176 587 1212 000
605 1163 681 1212 unica
699 1170 826 1225 appareat.
865 1162 946 1223 Quam
966 1177 1066 1212 causam
1086 1166 1138 1226 quis
1158 1178 1207 1210 nou
1225 1164 1380 1212 inefficacem
1397 1156 1514 1224 judicet?
1539 1162 1638 1210 Etenim
1656 1163 1676 1210 si
1696 1162 1839 1223 coniunctio
1858 1162 1906 1210 ior·

548 1234 689 1283 mammio
708 1235 881 1283 intersectione
900 1248 1026 1281 nervorum
1047 1238 1181 1297 opticorum
1200 1235 1232 1282 sit
1251 1244 1340 1293 00000,
1361 1250 1404 1282 000
1416 1248 1467 1282 000
1485 1233 1622 1296 eademque
1633 1247 1673 1282 res
1692 1233 1811 1281 ambobus
1830 1232 1907 1282 oculis

548 1306 625 1353 unica
644 1312 778 1366 appareat,
807 1306 847 1368 qui
866 1305 918 1353 lieri
937 1306 1040 1366 poterit.
1069 1314 1096 1353 ut
1115 1306 1191 1368 digito
1217 1305 1321 1354 alterum
1349 1305 1471 1354 oculorum
1500 1311 1626 1366 premente
1653 1305 1729 1352 unica
1745 1318 1785 1352 res
1804 1304 1908 1368 0010100

545 1376 667 1431 videatur,
687 1390 742 1424 curn
762 1389 793 1424 ea
811 1376 876 1424 oculi
895 1377 986 1437 pressio
1006 1391 1093 1424 000000
1112 1379 1208 1439 opticus
1227 1391 1276 1424 nou
1296 1374 1414 1425 dirimat?
1433 1376 1467 1423 At
1486 1375 1563 1439 digito
1582 1374 1687 1424 alterum
1705 1374 1833 1424 oculorum
1851 1389 1907 1437 pra·

547 1452 641 1502 moute,
660 1460 712 1495 uua
730 1452 755 1496 et
774 1446 862 1496 eadem
880 1462 919 1495 res
938 1462 986 1495 nou
999 1461 1051 1495 una
1069 1448 1113 1495 sed
1131 1449 1232 1511 gemina
1250 1455 1361 1509 apparet
1387 1446 1471 1495 Causa
1489 1448 1565 1510 igitur
1576 1446 1639 1494 hacc
1653 1446 1685 1494 ad
1704 1446 1907 1506 conjunctionem

547 1517 679 1567 termarum
697 1518 723 1566 in
750 1518 924 1567 intersectione
952 1519 1083 1567 referenda
1108 1534 1158 1566 non
1186 1520 1239 1566 fuit.
1277 1518 1363 1581 ltaque
1383 1518 1492 1567 Galenus
1516 1518 1552 1565 010
1574 1524 1603 1565 01
1626 1518 1652 1566 10
1680 1516 1806 1565 medicina
1824 1517 1863 1565 ita
1879 1518 1906 1565 ia

548 1588 635 1652 opticis
653 1589 760 1649 primus,
781 1605 835 1638 cum
856 1603 911 1636 eum
930 1602 1031 1637 eausam
1056 1590 1170 1651 frigidam
1190 1596 1215 1638 01
1232 1590 1332 1636 inanem
1354 1603 1408 1637 esse
1434 1589 1596 1652 intelligeret,
1616 1588 1649 1636 ad
1667 1587 1905 1636 demonstrationem

548 1672 678 1708 conversus
697 1661 796 1722 reperit,
815 1661 968 1722 pyramidum
987 1660 1031 1707 snb
1049 1661 1124 1708 radiis
1143 1661 1174 1708 ab
1194 1660 1263 1708 oculo
1282 1661 1361 1708 missis
1374 1660 1602 1722 comprehensarum
1622 1659 1727 1707 eandem
1748 1672 1803 1708 esse
1822 1659 1903 1713 basin.

550 1730 581 1779 ob
599 1730 672 1793 idque
690 1745 766 1779 uuam
785 1740 811 1779 et
830 1731 935 1778 eandem
952 1747 1003 1778 rern
1023 1732 1116 1779 duobus
1135 1732 1212 1779 oculis
1230 1745 1305 1779 unam
1325 1743 1460 1793 apparere:
1484 1731 1561 1793 digito
1579 1744 1635 1778 vero
1655 1730 1761 1778 alterum
1780 1729 1907 1778 oeulcmrn

547 1809 683 1864 premente,
702 1802 775 1850 bases
794 1802 849 1849 illas
868 1803 988 1863 geminari
1007 1810 1033 1849 et
1051 1803 1136 1859 dirimi,
1157 1803 1187 1850 ob
1207 1802 1278 1866 idque
1297 1803 1402 1850 eandem
1420 1816 1471 1849 rem
1489 1802 1615 1866 geminam
1633 1802 1708 1849 cerni.

637 1869 681 1932 et)
701 1887 723 1935 p.
745 1870 805 1918 524.
843 1872 963 1920 Libellum
983 1872 1014 1920 de
1038 1889 1064 1921 00
1087 1876 1141 1935 ipsa
1159 1874 1282 1936 Keplerus
1307 1889 1356 1921 non
1383 1873 1533 1935 conscripsit.
1570 1871 1656 1920 Pauca
1680 1870 1750 1920 addit
1768 1871 1794 1919 in
1815 1867 1908 1933 Optica

548 1956 603 2006 cap.
624 1942 668 1990 lV.
689 1939 758 2007 (pag.
780 1940 852 2002 21¹).
883 1942 912 1990 ln
931 1944 1039 2006 epistolis
1058 1945 1181 2006 quaedam
1200 1945 1230 1992 10
1249 1943 1287 1991 hia
1306 1951 1451 1999 occurrunt,
1470 1959 1526 1992 cum
1545 1944 1569 1990 in
1589 1944 1633 1998 iis,
1653 1956 1714 2005 quas
1732 1941 1906 2004 praemisimus

549 2012 662 2077 Opticac,
688 2015 784 2063 tamin
804 2013 912 2076 epistolis
931 2014 964 2063 ad
982 2014 1026 2063 Jo.
1048 2015 1187 2071 Remum,
1208 2011 1364 2063 00001619.
1383 2015 1456 2069 10110,
1476 2028 1546 2077 quas,
1564 2020 1686 2077 quatenus
1703 2012 1752 2061 huc
1771 2013 1907 2076 pertinent,

549 2093 671 2145 addimus.
700 2095 785 2158 Agens
804 2096 835 2143 de
855 2103 953 2142 cometa
964 2095 1087 2157 Keplems
1105 2096 1169 2144 baec
1181 2095 1256 2144 lerme
1275 2096 1384 2144 dixerat:
1404 2089 1426 2140 si
1443 2094 1550 2139 cometa
1563 2094 1638 2139 esset
1656 2086 1770 2139 reflexio
1784 2084 1906 2147 luminis,

549 2174 617 2222 tunc
637 2182 705 2220 sane
727 2184 763 2220 ex
779 2168 920 2235 parallaxi
942 2169 975 2219 de
990 2168 1050 2234 ejus
1073 2169 1219 2221 altitudine
1241 2169 1309 2221 nihil
1331 2169 1556 2227 concluderetur;
1579 2168 1630 2219 imo
1646 2166 1669 2219 si
1690 2182 1790 2233 corpus
1812 2165 1906 2219 radios

549 2246 622 2302 Solis
643 2246 832 2316 repercutiens
854 2252 930 2299 esset
957 2249 1141 2316 aequabiliter
1163 2249 1290 2317 planum,
1313 2250 1397 2317 plane
1417 2248 1495 2300 nulla
1515 2255 1590 2298 esset
1610 2246 1784 2315 parallaxis:
1813 2261 1907 2297 omnes

549 2326 668 2381 enimin
697 2334 756 2381 toto
784 2328 928 2380 Terrarum
956 2328 1021 2380 orbe
1044 2336 1177 2381 cometam
1200 2330 1226 2381 in
1247 2331 1342 2381 eadem
1365 2328 1460 2381 08010
1481 2327 1631 2379 remotione
1652 2328 1748 2379 eodem
1767 2330 1907 2378 momento

549 2412 694 2462 cernerent
715 2400 775 2477 (qui
801 2408 908 2477 quidem
934 2403 1104 2471 cernerent),
1128 2408 1193 2478 quia
1213 2409 1316 2461 Terrae
1345 2408 1486 2479 quantitas
1513 2408 1547 2458 ad
1569 2406 1640 2459 Solis
1669 2404 1832 2458 distantiam
1852 2422 1907 2457 uon

550 2493 595 2541 est
621 2486 767 2542 sensibilis.
809 2487 853 2541 Sic
880 2487 973 2540 iridem
999 2488 1114 2557 quilibet
1142 2505 1220 2542 suam
1249 2489 1337 2552 ridet,
1366 2488 1513 2540 distantem
1542 2503 1560 2538 a
1580 2486 1644 2539 Sole
1670 2503 1721 2555 per
1750 2484 1830 2547 135⁰,
1852 2501 1907 2538 non

549 2567 672 2638 quidem,
704 2566 770 2637 0010
799 2567 894 2638 aliqua
925 2568 1011 2635 plana
1040 2569 1198 2637 superficies
1226 2577 1278 2631 cst,
1300 2570 1347 2621 sed
1375 2568 1439 2637 0010
1459 2571 1509 2619 010
1530 2583 1579 2619 000
1607 2565 1744 2634 0000010
1770 2566 1907 2619 rotundas

550 2647 715 2716 sphaerulas
741 2653 854 2701 coactus
883 2653 941 2709 est,
969 2664 1083 2717 quarum
1109 2649 1280 2719 singularum
1308 2646 1488 2701 refractiones
1515 2644 1619 2717 singuli
1644 2645 1739 2698 vident
1763 2645 1847 2698 oculi.
1871 2674 1905 2682 -

551 2724 646 2784 Quibus
665 2724 791 2787 respoudit
809 2724 940 2773 Remus:
960 2724 1000 2774 De
1019 2726 1087 2777 iride.
1106 2726 1206 2782 halone,
1225 2742 1263 2775 res
1281 2728 1354 2791 louge
1374 2725 1520 2774 difficiliores
1538 2731 1597 2773 sunt
1615 2727 1760 2787 cujusquam
1780 2723 1906 2786 opinione.

552 2795 651 2846 Dentur
670 2796 735 2843 enim
754 2796 830 2857 primo
859 2803 942 2845 certae
968 2798 1150 2846 observationes
1168 2800 1194 2846 in
1213 2798 1277 2846 boris
1297 2804 1322 2845 et
1339 2797 1455 2852 minutis,
1474 2803 1500 2844 et
1523 2795 1722 2859 magnitudines,
1751 2794 1818 2859 quod
1836 2808 1908 2843 nemo

552 2866 635 2916 adhuc
663 2868 781 2923 tentarit,
810 2866 874 2916 latet
900 2875 926 2918 et
954 2868 1017 2918 alius
1044 2869 1121 2917 nodus
1141 2870 1172 2918 10
1190 2869 1332 2926 1101001100,
1356 2868 1455 2932 pareliis
1474 2865 1519 2915 110.
1539 2890 1572 2898 -
1609 2866 1773 2928 Κο010000
1803 2872 1908 2915 conas:

550 2939 708 2994 10101000
730 2939 892 2993 0110111100
915 2941 1009 3012 aliqua
1028 2943 1115 3011 plana
1131 2943 1192 3009 jam
1213 2950 1286 2996 sunt.
1321 2943 1392 2997 Nam
1413 2940 1488 2994 iridis
1509 2939 1711 2993 semidiameter
1732 2933 1907 3007 (primariae)

550 3025 595 3073 001
615 3019 676 3082 45⁰,
698 3019 806 3073 balonis
829 3020 925 3090 22¹f20,
947 3022 1021 3074 iridis
1043 3023 1222 3075 secundariae
1247 3024 1297 3076 11⁰
1319 3022 1445 3091 amplius.
1486 3020 1569 3073 Ratio
1595 3021 1716 3089 petenda
1737 3036 1775 3072 ex
1803 3019 1907 3072 refrac-

551 3099 625 3153 tione
648 3099 769 3154 maxima
790 3100 816 3152 in
838 3117 918 3170 aqua.
954 3101 1024 3154 Nam
1045 3103 1091 3155 ubi
1113 3102 1235 3155 maxima
1255 3103 1393 3165 retractio,
1415 3100 1453 3153 ibi
1475 3100 1580 3152 colores
1602 3099 1735 3153 oriuntur.
1768 3099 1820 3152 Iris
1835 3098 1908 3151 enim

550 3185 719 3233 constater
749 3179 839 3251 guttis
867 3181 999 3235 rotundis.
1042 3184 1140 3251 Itaque
1173 3184 1238 3235 1010
1269 3184 1374 3253 angulo
1396 3182 1430 3234 ad
1461 3181 1569 3233 oculum
1595 3198 1632 3233 ex
1656 3196 1713 3232 una
1745 3179 1906 3247 sphaerula,

550 3261 633 3313 datur
654 3259 770 3313 circulus
792 3260 866 3314 iridis
889 3279 925 3314 ex
948 3261 1058 3315 infinitis
1087 3262 1177 3333 guttis
1203 3263 1326 3316 rotundis
1355 3260 1530 3330 compositus.
1574 3260 1603 3312 ln
1625 3259 1795 3329 pareliorum
1815 3265 1906 3312 100000

550 3334 637 3416 (0000
658 3347 723 3392 sunt
744 3341 836 3394 latera
856 3336 980 3408 balonis)
1002 3342 1092 3395 causis
1114 3342 1241 3396 eruendis
1263 3344 1352 3396 adbuc
1372 3342 1483 3394 haereo.
1525 3340 1611 3392 Video
1633 3340 1735 3409 aliquid
1758 3339 1839 3409 quasi
1860 3355 1909 3407 000

549 3420 748 3488 crepusculum,
771 3424 841 3490 0001
863 3440 898 3474 ex
914 3422 999 3490 primo
1022 3424 1074 3475 hac
1095 3423 1270 3476 defiuitione:
1293 3422 1428 3491 parelium
1443 3428 1487 3472 est
1501 3422 1587 3473 sectio
1608 3426 1704 3473 mutua
1724 3419 1859 3472 halonum
1880 3426 1908 3470 et

549 3500 700 3562 columnae,
724 3502 770 3553 ubi
792 3503 919 3555 columna
940 3503 1099 3572 plerumque
1123 3521 1152 3555 se
1179 3504 1239 3570 ipsa
1259 3512 1455 3572 praeterquam
1476 3500 1504 3552 iu
1526 3501 1573 3552 illo
1596 3517 1728 3552 concursu
1750 3506 1795 3553 est
1815 3500 1905 3551 incon-

549 3580 663 3650 spicua:
685 3580 869 3649 reduplicatio
890 3599 955 3634 0000
977 3583 1084 3635 luminis
1108 3583 1134 3635 in
1156 3601 1289 3636 concursu
1310 3584 1378 3637 facit
1398 3582 1503 3633 enitere
1524 3581 1668 3648 parelium.
1699 3581 1762 3632 Jam
1784 3579 1907 3647 explicet

549 3660 608 3731 quis
630 3660 695 3713 mihi
717 3678 815 3714 causas
838 3664 998 3723 columnae;
1029 3681 1075 3715 cur
1097 3664 1140 3714 001
1163 3664 1298 3715 horizonti
1328 3662 1468 3730 parallcla
1489 3679 1539 3729 per
1560 3668 1682 3714 centrum
1703 3660 1785 3724 Solis,
1807 3661 1852 3712 001
1875 3660 1906 3712 01

547 3740 718 3794 horizontem
749 3743 1002 3809 perpendicularis,
1035 3745 1142 3812 qualem
1170 3744 1224 3795 0111
1254 3743 1342 3796 101100
1373 3749 1438 3793 0010
1464 3749 1577 3795 mortem
1599 3739 1727 3794 Caesaris
1749 3740 1905 3794 Matthiae:

548 3820 665 3875 dixisses
683 3821 774 3874 Solem
790 3831 942 3875 cornutum.
971 3825 1042 3876 Erat
1057 3825 1193 3892 parelium
1209 3823 1292 3875 altius
1308 3823 1372 3875 Sole
1388 3822 1458 3889 227,
1466 3827 1484 3875 ⁰.
1513 3822 1606 3874 l'isum
1622 3821 1684 3873 olim
1700 3826 1728 3872 et
1743 3820 1905 3890 Moguntiae

550 3901 616 3962 tale,
638 3907 670 3954 ut
695 3901 805 3969 scripsit
826 3906 860 3955 ad
882 3919 924 3955 me
945 3905 1158 3956 mathematicus
1181 3904 1211 3956 P.
1224 3904 1369 3973 Zieglerus
1390 3904 1527 3969 (01601ς
1548 3922 1625 3969 comp.
1644 3907 1799 3955 Hanschium
1819 3923 1843 3969 p.
1858 3901 1906 3953 356

548 3995 574 4037 et
593 3986 649 4050 001.
669 4004 694 4051 p.
715 3985 768 4047 71).
802 3983 872 4036 Erat
888 3983 974 4053 igitur
988 3984 1052 4036 halo
1067 4001 1180 4036 eversus
1196 3992 1224 4036 et
1239 3984 1265 4035 in
1280 3999 1411 4034 concursu
1433 3982 1540 4034 balonis
1555 3990 1584 4033 01
1599 3981 1741 4032 columnae
1764 3981 1904 4047 parelium.

453 4062 461 4082 '
547 4061 629 4114 Tales
652 4068 681 4113 et
702 4062 729 4113 in
743 4062 823 4115 Luna
844 4064 929 4131 plena
950 4064 1084 4116 interdum
1105 4064 1232 4116 visuntur
1253 4065 1404 4124 columnae,
1427 4069 1455 4113 et
1470 4064 1540 4131 quod
1562 4061 1680 4114 maxime
1701 4060 1819 4122 mireris,
1842 4060 1905 4113 holo

550 4140 624 4194 circa
646 4141 801 4209 oppositum
817 4143 921 4196 Lunae.
960 4150 999 4199 nd
1017 4151 1080 4199 hacc
1100 4150 1231 4198 Remus:
1250 4151 1340 4198 iridem
1359 4151 1407 4198 ridi
1427 4150 1552 4198 dimidiam
1565 4149 1678 4197 Viennae
1700 4145 1722 4193 2.
1740 4146 1796 4197 Oct.
1814 4144 1905 4208 (1119)

549 4219 614 4267 10100
628 4218 749 4267 Graecum
763 4227 789 4268 et
801 4221 920 4280 Leraute,
941 4238 989 4270 uon
1004 4223 1099 4269 1000011
1117 4222 1183 4269 ultra
1201 4223 1372 4284 quadrantem.
1396 4221 1485 4282 Scripsi
1499 4220 1610 4268 Galilaeo
1629 4218 1753 4282 quaedam
1772 4226 1799 4267 et
1813 4220 1906 4282 copiam

548 4290 594 4340 tibi
613 4291 761 4340 transmitto.
789 4291 877 4349 Credo,
897 4294 961 4355 quod
975 4294 1069 4342 calleas
1083 4292 1261 4355 quodammodo
1275 4293 1389 4341 Italicam
1402 4293 1526 4357 linguam;
1546 4294 1566 4339 si
1579 4291 1660 4355 legisti
1673 4291 1787 4339 remittas
1807 4305 1905 4354 quaeso.

638 4360 710 4421 Quae
729 4362 800 4411 docte
820 4371 846 4412 et
864 4366 1001 4427 pererudite
1027 4364 1134 4425 explicas
1154 4364 1184 4412 de
1203 4365 1263 4412 iride
1283 4372 1308 4412 et
1332 4364 1435 4418 haione,
1460 4367 1512 4424 iam
1531 4378 1580 4411 non
1604 4362 1670 4411 00101
1688 4377 1735 4411 000
1754 4363 1844 4425 genius
1862 4375 1906 4408 uec

548 4440 655 4497 tempus,
675 4448 722 4481 nec
742 4435 806 4482 enim
826 4436 888 4483 adeo
907 4436 964 4484 ielix
983 4443 1027 4483 aut
1053 4436 1202 4483 exercitatus
1222 4451 1274 4483 sum
1294 4436 1318 4482 in
1343 4436 1492 4484 sectionibus
1516 4435 1606 4483 conicis
1626 4433 1711 4497 (Kepl.
1733 4434 1758 4480 in
1777 4434 1905 4499 margine:

547 4506 578 4555 de
597 4506 648 4554 alia
667 4506 777 4553 sectione
797 4506 881 4570 loquor
900 4504 966 4571 ego),
988 4513 1129 4568 exoptarem
1149 4509 1300 4569 magistrum,
1321 4513 1450 4554 utrorum
1469 4507 1557 4553 fatear.

636 4573 682 4635 26)
702 4592 725 4639 p.
747 4572 806 4623 549.
844 4577 908 4625 Huic
928 4576 1072 4640 problemati
1091 4580 1156 4625 inest
1176 4579 1324 4626 constmctio
1344 4578 1395 4625 tubi
1415 4578 1497 4639 optici,
1518 4591 1590 4638 quern
1610 4576 1666 4624 inde
1686 4589 1702 4623 a
1720 4575 1827 4637 Kepleri
1845 4582 1904 4623 tem·

545 4647 642 4711 poribus
662 4649 817 4697 nominamus
841 4649 947 4697 tubum
972 4649 1229 4698 astronomicum
1248 4664 1291 4697 000
1311 4648 1556 4710 Keplerianum.
1594 4647 1717 4709 Keplerus
1737 4647 1838 4709 quidem
1856 4648 1907 4708 ipse

547 4717 680 4766 destitutus
699 4720 763 4767 omni
784 4727 905 4782 apparatu
923 4726 948 4767 et
967 4721 1088 4773 subsidiis.
1108 4720 1184 4768 talem
1204 4721 1288 4769 tubum
1302 4735 1351 4767 uon
1369 4721 1490 4780 coniecit;
1509 4720 1599 4781 primus
1612 4720 1652 4782 qui
1663 4718 1764 4780 Kepleri
1783 4718 1907 4780 problema

545 4789 1197 4850 0000100100001011,·101000011010οΡ.80101000,
1217 4793 1301 4855 00110
1322 4790 1406 4847 „Rosa
1425 4790 1531 4839 Ursina“
1553 4787 1604 4850 (01.
1625 4790 1759 4839 Braeciani
1780 4804 1804 4838 a
1829 4785 1906 4846 1630)

546 4860 622 4909 talem
647 4863 733 4910 tabum
753 4877 778 4910 se
798 4862 938 4911 adhibuisse
964 4862 1088 4911 00100101
1107 4862 1289 4911 observationes
1309 4863 1493 4910 astronomicas.

635 4928 680 4994 27)
707 4948 729 4994 p.
759 4930 818 4979 550.
866 4932 961 4981 Tubnm
989 4934 1027 4982 his
1054 4933 1165 4982 innixum
1194 4934 1317 4997 principiis
1348 4934 1484 4983 constmxit
1509 4931 1566 4981 Gur.
1596 4933 1773 4994 Scheiner,
1804 4945 1907 4997 emaque

547 4999 663 5051 describit
681 5004 706 5051 10
726 5017 798 5065 00000
816 5018 861 5053 000
880 5004 945 5067 0001
964 5005 1035 5055 modo
1055 5005 1168 5054 diximus.
