4584 6192
941 569 1065 624 derebus
1085 568 1191 635 Optlels.
1485 592 1490 604 ·
1708 568 1748 635 15

384 756 470 830 perte
492 766 629 828 ponem,
654 746 783 808 sulutem
806 765 924 808 omnem
948 748 1119 827 desperare.
1155 748 1199 810 Tu
1219 747 1244 809 si
1270 747 1357 809 lectis
1381 747 1456 809 ineis
1472 746 1603 828 Opticis,
1627 754 1750 828 quornm

385 840 544 916 exemplar
569 840 648 910 (nne
670 854 736 896 cunr
760 835 828 896 aliis
853 846 979 914 quotuor·
1003 856 1057 915 per
1071 837 1265 915 bibliopolam
1280 834 1409 897 Gellium
1425 839 1505 914 opud
1523 836 1566 896 Te
1590 838 1747 915 depositis,

386 946 459 1006 quae
485 945 582 1003 rogo,
609 936 642 984 ut
656 924 819 985 Besoldo
834 924 958 996 Doctori
983 926 1098 1003 petenti
1122 926 1245 993 trades)
1261 924 1327 985 Tibi
1348 925 1547 986 l‘roukolurto
1570 926 1648 985 dono
1664 927 1749 1000 ruisi3

386 1017 411 1076 si
427 1016 513 1075 lectu
537 1014 740 1091 conceptione
762 1014 881 1072 meede
901 1032 979 1073 nova
1002 1014 1108 1087 stelle,
1133 1033 1221 1092 quarn
1240 1014 1306 1091 jein
1330 1013 1458 1090 accipis,
1485 1032 1541 1073 non
1567 1016 1750 1092 permoveris

387 1104 423 1164 sd
453 1101 668 1165 scribendum:
707 1108 740 1162 ot
767 1101 874 1162 sulteiu
909 1101 947 1162 ob
972 1101 1004 1163 S.
1031 1100 1122 1163 Caes.
1147 1101 1248 1174 Mtsm,
1281 1102 1328 1161 cui
1368 1112 1457 1178 grate
1487 1110 1557 1161 sunt
1585 1102 1752 1180 hujusmodi

388 1192 523 1270 scripta,
561 1207 707 1269 quaeque·
722 1188 785 1266 Ipsi
819 1189 903 1248 varia
933 1190 1116 1269 conquisivi,
1151 1189 1262 1268 aliquid
1304 1190 1430 1250 scribas.
1477 1189 1628 1250 Provocat
1658 1192 1698 1252 cd
1720 1199 1751 1252 te

388 1279 564 1352 Boedinus,
581 1272 608 1350 ²)
633 1278 717 1355 cujus
740 1276 884 1356 scripturn
904 1278 968 1354 jsnr
992 1278 1111 1356 accepit
1125 1278 1158 1339 S.
1180 1276 1215 1339 C.
1237 1278 1326 1337 Meu:
1351 1277 1513 1338 communis
1534 1278 1607 1341 baec
1631 1281 1751 1340 mathe-

390 1368 569 1429 maticorum
601 1374 653 1426 est
681 1365 823 1438 materie,
857 1384 945 1443 qoem
968 1384 1026 1426 non
1050 1366 1201 1443 attingere
1225 1365 1405 1426 desertionis
1429 1366 1539 1426 crimen
1564 1376 1750 1445 praesentet.

391 1457 434 1516 De
458 1454 626 1534 eclipsibus
650 1452 758 1531 scripsi
781 1462 852 1513 onte
876 1473 994 1514 menses
1018 1454 1142 1528 inultos,
1168 1461 1202 1514 ut
1225 1454 1261 1513 de
1285 1454 1378 1514 stelin
1392 1452 1500 1535 Cygni.
1540 1454 1601 1515 Sed
1625 1456 1694 1523 nolo
1719 1466 1749 1517 ιι

391 1562 498 1622 egere,
528 1552 622 1621 tange
646 1560 735 1602 unum
759 1542 863 1601 horum
888 1551 1014 1620 quatuor
1038 1543 1151 1615 verbis,
1185 1542 1291 1622 quibus
1314 1542 1442 1604 totidem
1466 1560 1610 1603 auoornru
1633 1544 1752 1623 culpam

392 1633 506 1694 silentii
531 1632 629 1693 elues.
676 1628 756 1689 Vale
781 1648 886 1709 ineque
910 1649 988 1691 auia.

480 1753 547 1803 Tum
565 1752 665 1802 demum
682 1750 876 1801 Mnestlinus
895 1751 1021 1814 respoudit
1037 1751 1061 1799 d.
1080 1749 1122 1799 28.
1137 1751 1195 1801 an.
1215 1757 1246 1801 ιι,
1260 1767 1281 1800 v.
1298 1747 1380 1808 1605,
1408 1749 1447 1800 his
1465 1766 1493 1801 se
1519 1766 1640 1801 excussus
1658 1752 1751 1803 vorbis:

392 1826 445 1875 Etsi
462 1824 587 1874 humum
606 1824 701 1887 aliquot
718 1824 805 1878 sonis,
824 1824 860 1871 vir
879 1822 1022 1878 ciuissime,
1041 1821 1149 1872 Domine
1167 1830 1194 1872 et
1212 1824 1291 1873 emico
1309 1824 1408 1873 ιίιιιιιι
1425 1823 1473 1872 ude
1491 1822 1643 1879 honorande,
1662 1838 1710 1889 ego
1727 1826 1754 1874 iu

393 1896 524 1946 seribsudo
542 1895 642 1958 segnior
659 1892 760 1951 luerim,
787 1894 823 1941 tui
842 1902 927 1942 temen
945 1893 1021 1941 enimi
1039 1894 1237 1956 perseverantis,
1267 1895 1349 1957 pietus
1367 1906 1484 1957 umorque
1502 1893 1637 1950 condidus,
1666 1909 1752 1959 quem-

393 1982 466 2032 quem
486 1964 521 2015 sd
540 1978 597 2014 esur
615 1963 707 2028 grsdus
726 1970 752 2012 et
768 1963 1057 2012 honorumemioentinm
1070 1965 1104 2012 sis
1117 1970 1231 2019 erectus,
1251 1965 1318 2014 unde
1329 1979 1369 2013 rue
1382 1964 1508 2027 despicere
1526 1965 1547 2011 si
1567 1963 1641 2013 velles
1659 1979 1753 2029 posses,

395 2052 444 2087 uon
463 2036 646 2100 elsugusvuut,
666 2034 710 2083 sed
728 2033 803 2083 tirmis
821 2034 932 2083 nituntur
950 2033 1041 2083 fulcris.
1069 2033 1150 2094 Quam
1163 2035 1427 2098 constantismutique
1446 2034 1529 2083 multis
1548 2034 1671 2097 praedico.
1700 2034 1750 2085 Ve-

394 2123 447 2158 rum
465 2120 534 2171 quse
551 2104 730 2169 impedimento
746 2105 831 2154 litores
849 2118 919 2153 mess
936 2103 1059 2153 hactenus
1077 2106 1267 2168 interceperint,
1295 2105 1351 2153 uolo
1378 2118 1523 2163 recensere,
1552 2120 1599 2154 nec
1626 2120 1666 2155 me
1688 2106 1755 2156 ultrs

396 2191 534 2230 ιιιιιιιιιι
553 2176 601 2225 boc
619 2177 693 2226 numo
712 2183 824 2239 excepto,
842 2175 907 2237 quod
925 2190 990 2239 quse
1008 2174 1249 2226 tibissmstbemsu'co
1268 2175 1473 2225 excellentissimo
1486 2175 1608 2240 condigne
1620 2178 1753 2240 respoude-

395 2264 462 2301 rem.
480 2262 533 2297 nou
550 2246 637 2296 lssbni.
673 2245 705 2294 V.
725 2261 749 2311 g.
768 2246 932 2308 superioribus
950 2246 1047 2309 scriptis
1074 2246 1178 2309 eclipses
1197 2248 1341 2296 observstos
1360 2260 1376 2295 ι
1393 2259 1433 2295 me
1456 2246 1557 2309 petiisti.
1594 2247 1648 2312 Ego
1667 2247 1698 2297 de
1716 2248 1755 2304 iis,

395 2333 455 2384 qun
474 2333 524 2384 ego
540 2318 594 2382 ipss
613 2317 791 2366 observaverim
804 2315 907 2380 telequi
926 2317 1052 2379 putebnm.
1080 2315 1172 2365 Verum
1185 2330 1259 2381 quem
1277 2330 1374 2379 psncse
1392 2316 1450 2365 illue
1469 2316 1526 2376 siut,
1547 2316 1615 2366 dolet
1632 2326 1659 2367 ιι
1676 2318 1754 2369 terme

395 2389 472 2454 pudet
489 2399 534 2437 me
552 2388 644 2442 dicere,
663 2393 748 2450 utpote
767 2388 807 2450 qui
825 2386 903 2436 multo
920 2393 1030 2449 tempore
1048 2387 1129 2436 nuilus
1147 2388 1277 2436 observare
1295 2388 1373 2449 potui,
1391 2386 1453 2437 coeli
1473 2387 1586 2436 nimirum
1605 2387 1756 2438 sdversitsts

395 2462 511 2524 ubisque
528 2458 633 2522 pluviosi
650 2458 741 2519 injuris
758 2456 906 2519 prohibitus,
926 2457 989 2507 sdeo
1006 2466 1035 2506 ut
1048 2472 1123 2521 ssepe
1136 2458 1216 2520 ipsum
1229 2457 1346 2507 deficiens
1359 2457 1480 2506 iumiusre
1493 2458 1574 2507 videre
1589 2472 1639 2507 non
1650 2458 1754 2508 licuerit.

395 2530 522 2580 Ιιιιιᾶιιιι
541 2528 683 2584 autemid,
702 2527 761 2578 dum
777 2530 830 2590 jem
848 2527 981 2580 deficeret,
1000 2529 1125 2578 emicsbst
1143 2539 1217 2584 seue,
1237 2536 1265 2578 ιι
1283 2534 1430 2591 conspectus
1448 2530 1502 2589 ejus
1521 2528 1554 2577 sd
1572 2528 1755 2580 observenonss

396 2601 576 2651 monentem
592 2598 654 2648 nihil
670 2598 832 2648 conducebat.
870 2596 924 2647 Nee
942 2613 1031 2648 novum
1050 2606 1095 2648 ιιιι
1112 2598 1238 2648 insolitum
1255 2598 1302 2648 hoc
1325 2599 1384 2648 milri
1402 2604 1453 2653 est,
1479 2598 1602 2662 quiahoc
1620 2600 1754 2649 infortunio

395 2685 451 2721 mes
468 2670 567 2721 Ursnis
584 2668 657 2719 rslde
674 2667 833 2718 vehementer
851 2670 926 2717 etium
946 2671 972 2718 in
990 2670 1079 2719 ceteris
1098 2670 1228 2733 premitur,
1247 2676 1275 2719 ιιι
1293 2676 1403 2733 tempore
1414 2668 1531 2732 specialis
1543 2669 1648 2732 xlicujns
1667 2671 1751 2720 obser·

396 2743 501 2792 vstionis
520 2740 618 2790 tristem
636 2739 701 2789 stris
718 2740 888 2803 intemperiem
907 2740 1010 2802 experiri
1023 2754 1127 2790 necesse
1144 2739 1245 2789 hebent
1282 2737 1361 2789 Malui
1391 2753 1450 2803 erpo
1476 2738 1551 2795 nihil,
1579 2754 1653 2804 quem
1681 2755 1756 2804 prope

397 2813 453 2862 ruit
471 2812 581 2861 nubere
605 2817 651 2860 snt
668 2810 824 2873 respondere.
860 2810 918 2859 lum
936 2824 992 2859 vero
1011 2812 1037 2859 in
1058 2809 1154 2873 Opticis
1171 2812 1220 2860 tuis
1243 2810 1306 2860 sliss
1324 2810 1405 2874 plnres
1425 2809 1528 2859 eliorum
1546 2824 1641 2874 quoque
1660 2812 1755 2861 seculo·

397 2899 448 2933 rum
466 2883 594 2946 eclipses,
613 2882 690 2930 etium
709 2894 758 2929 nou
777 2881 941 2930 estronomice
960 2881 1103 2930 observetur
1122 2896 1138 2930 ι
1156 2887 1182 2930 ιι
1201 2881 1271 2932 citeri
1289 2881 1368 2930 rideo.
1405 2878 1434 2929 ld
1453 2882 1475 2928 si
1493 2881 1670 2931 intellexissem
1688 2889 1757 2937 sote,

397 2955 532 3018 potuissem
550 2951 635 3001 ronan
653 2966 685 3000 ex
703 2950 817 3015 monogr
836 2964 911 3008 meo,
924 2951 948 2999 iu
968 2965 1040 3015 quem
1058 2966 1159 3008 omnes,
1178 2965 1378 3016 quorumcunque
1396 2951 1464 3000 ullibi
1482 2952 1633 3001 mentionem
1652 2952 1705 3001 fieri
1717 2954 1755 3001 lu·

397 3025 483 3080 renio,
507 3021 615 3072 sollicite
634 3021 738 3088 colligo,
767 3021 862 3086 sliquos
881 3028 924 3070 tuo
946 3022 1059 3071 instituto
1086 3037 1135 3070 non
1153 3021 1307 3072 incommode
1326 3022 1460 3071 servientes
1478 3023 1668 3071 communiente.
1706 3022 1757 3073 Sed

398 3094 522 3160 pedum
539 3107 603 3157 opus
620 3093 740 3141 molireris
761 3092 914 3155 ignorabam.
952 3091 1050 3142 Deinde
1067 3092 1141 3142 interi
1159 3107 1242 3158 cogor,
1260 3099 1289 3141 tu
1307 3105 1484 3156 nonnunqum
1508 3091 1663 3148 sublimiore,
1683 3106 1758 3156 quem

399 3165 484 3231 quibus
509 3164 638 3229 ingenium
665 3169 690 3212 ιι
708 3162 888 3212 eruditiones
914 3163 1060 3213 seticiscere
1077 3163 1175 3219 velent,
1203 3163 1348 3228 quaerebas.
1385 3160 1534 3213 Necesssrio
1558 3176 1616 3228 erpo
1634 3162 1696 3213 mihi
1713 3165 1758 3213 ob·

399 3234 587 3286 ιιιιιιιιιιιιιιιιι
611 3234 666 3283 luit,
703 3232 776 3282 Dabo
794 3233 898 3296 posthoc
916 3234 1014 3284 volente
1034 3233 1100 3289 Deo,
1128 3234 1227 3283 donnus
1246 3240 1272 3283 et
1289 3233 1370 3284 smiee
1388 3234 1568 3291 sincerissime,
1587 3248 1703 3297 opernm,
1730 3241 1759 3285 nt

399 3306 462 3371 quod
479 3304 625 3371 neglectum
642 3310 696 3364 ιιι,
716 3316 763 3368 ego
780 3310 899 3367 qnenmm
917 3306 942 3353 in
961 3320 1001 3354 me
1020 3312 1058 3354 ιιι
1076 3310 1103 3353 ιι
1120 3318 1175 3354 ιιιι
1193 3310 1283 3367 potest,
1302 3318 1468 3367 compensem.
1507 3301 1579 3365 Ques
1596 3305 1700 3362 scivero,
1719 3320 1758 3356 rs·

400 3375 537 3441 pendebo,
556 3389 622 3438 quse
639 3375 767 3429 nmeinm,
786 3375 813 3422 iu
831 3375 860 3421 iis
877 3376 1043 3439 ignorantium
1061 3382 1087 3424 ιι
1104 3375 1230 3425 inscitiam
1247 3376 1355 3440 ingenue
1374 3373 1516 3424 confitebor.

486 3446 543 3496 Etsi
561 3453 647 3495 sutem
665 3444 713 3495 hec
731 3446 785 3494 vice
802 3443 898 3506 plenius
918 3448 976 3494 mihi
995 3445 1193 3509 respondendum
1212 3453 1279 3505 eret,
1298 3459 1357 3510 rogo
1375 3452 1461 3494 temen
1480 3451 1507 3493 et
1523 3447 1641 3508 sudorem
1660 3448 1685 3495 in
1704 3462 1758 3495 rno-

401 3517 457 3568 dum
475 3531 529 3573 oso,
548 3516 688 3579 presseritis
707 3516 802 3563 omissis
820 3516 896 3563 etiem
913 3514 960 3566 troc
978 3517 1075 3566 brevius
1093 3516 1211 3580 scriptum
1229 3529 1385 3565 sunumerss.
1423 3514 1539 3565 Proxime
1557 3516 1609 3565 niis
1627 3518 1759 3567 occasione

401 3589 500 3639 sterius
518 3588 647 3651 promitto.
679 3584 720 3635 Ne
737 3592 823 3634 temen
837 3588 890 3647 ism
909 3587 969 3635 nihil
988 3587 1106 3643 scribom,
1133 3586 1197 3637 lmee
1222 3588 1337 3636 scribem.
1374 3584 1476 3648 Optiees
1498 3591 1559 3635 tuse
1577 3589 1760 3638 astronomicus

401 3658 465 3723 sputi
482 3672 524 3708 me
546 3657 661 3720 deposuit
677 3656 814 3706 utroluisti
834 3655 868 3705 D.
887 3656 923 3705 Μ.
944 3657 1013 3707 Gellii
1030 3658 1094 3707 lilius
1115 3657 1131 3707 5
1151 3657 1316 3721 exemplaris,
1341 3655 1415 3706 nullis
1435 3656 1527 3707 suetus
1545 3656 1631 3708 literis.
1669 3658 1761 3707 nem

404 3743 477 3779 mum
487 3730 516 3778 in
528 3741 612 3777 meum
628 3741 700 3776 ιιιιιιιι
712 3727 815 3783 retinui,
837 3727 862 3776 id
881 3727 973 3792 ebsqns
985 3730 1021 3777 tui
1034 3727 1131 3777 offensu
1151 3728 1204 3777 fieri
1223 3728 1359 3777 confidens.
1383 3724 1481 3790 Nuper,
1504 3729 1602 3791 quondo
1621 3729 1661 3778 cui
1674 3736 1760 3779 cetere

404 3806 486 3850 esseut
510 3797 637 3849 tredends
656 3795 780 3853 intellexi,
802 3796 903 3855 trisD.
918 3797 1024 3849 Besoldo
1046 3798 1152 3848 exhibui.
1190 3797 1312 3858 Qnsrtnm
1339 3805 1380 3848 set
1400 3798 1519 3847 decenter
1537 3798 1610 3863 ligeri
1626 3799 1699 3863 idque
1716 3804 1760 3848 tuo

404 3871 500 3919 semine
517 3882 572 3919 ιιι
588 3882 645 3919 eum
657 3872 703 3917 tus
722 3865 829 3931 epistole
839 3881 883 3932 per
893 3878 1013 3919 rectorem
1031 3869 1177 3918 scsdemise
1193 3869 1297 3933 magnii.
1311 3867 1344 3917 Ι).
1358 3866 1394 3917 Μ.
1408 3868 1438 3917 G.
1450 3868 1639 3919 Burckhsrdnm
1660 3868 1760 3918 seustui

404 3941 553 4004 empliesimo
566 3937 648 3988 offerri
661 3940 751 3987 cmvi.
777 3936 807 3987 ld
825 3938 948 4001 placuisse
966 3954 996 3989 ex
1014 3939 1091 3988 literis
1107 3939 1240 4004 intelliges.
1266 3939 1319 4003 Ego
1336 3953 1431 4004 qnoque
1444 3953 1487 4002 pro
1500 3939 1558 3988 milri
1571 3940 1662 3988 deusto
1675 3952 1758 3988 exem-

404 4012 464 4073 plsri
485 4019 515 4059 ut
534 4018 561 4059 ιι
579 4024 622 4073 pro
634 4010 791 4073 prognostico
804 4017 829 4058 ιι
842 4010 1005 4073 descriptione
1019 4024 1098 4060 novse
1114 4009 1203 4060 stellse
1219 4024 1328 4059 susumus
1347 4011 1392 4059 tibi
1411 4016 1459 4074 ego
1476 4011 1580 4075 grstiss
1605 4008 1645 4058 De
1658 4023 1687 4059 eo
1699 4010 1761 4059 libro

406 4096 485 4130 mesm
504 4081 577 4145 qussi
598 4092 740 4136 censorem,
755 4092 830 4144 quum
848 4080 945 4145 oblique
963 4088 1049 4145 petere
1069 4081 1174 4135 videris,
1194 4081 1287 4130 trustrs
1306 4087 1439 4145 expectes,
1462 4080 1602 4129 sublimiore
1614 4080 1680 4129 euim
1692 4081 1719 4129 in
1731 4095 1761 4131 eo

405 4154 574 4208 mutineutnr,
597 4164 671 4215 qnam
693 4149 827 4214 dequibus
848 4164 896 4215 ego
914 4150 1035 4212 iudicium
1057 4151 1116 4200 mihi
1137 4166 1234 4201 sumere
1253 4152 1340 4201 susim.
1367 4151 1420 4216 Ego
1436 4152 1553 4215 plersqne
1575 4164 1631 4199 cum
1649 4150 1761 4202 delecte·

405 4224 470 4272 tione
491 4223 543 4286 legi
564 4228 683 4283 memque
710 4221 833 4285 insignem
855 4222 1017 4272 eruditionem
1039 4230 1065 4271 et
1082 4222 1207 4272 eruendos
1226 4223 1336 4271 veritstis
1354 4224 1467 4285 pertines
1490 4220 1760 4272 desiderinmieiieem-

406 4308 452 4356 que
463 4305 610 4343 necessum
621 4290 729 4340 sdmiros
744 4299 772 4341 et
789 4293 955 4357 congratulor.
977 4293 1232 4342 Eonerit'reentissims
1250 4294 1299 4342 mei
1323 4293 1428 4341 nominis
1449 4292 1519 4342 iscts
1540 4292 1646 4341 crebrior
1669 4293 1762 4343 mentio

406 4364 531 4429 ιιιςιιιιι
550 4362 653 4427 pietatis
673 4368 734 4410 tuse
755 4363 924 4413 testimouium
945 4370 990 4413 ιιι
1026 4363 1121 4413 Vereor
1138 4371 1239 4421 tumen,
1260 4377 1294 4438 pe
1315 4363 1417 4412 nimium
1438 4362 1497 4411 milri
1520 4363 1622 4411 tribues
1659 4363 1784 4413 Utinsm'

407 4436 426 4483 is
445 4450 543 4491 ιιιιιιι,
565 4446 639 4498 quem
658 4445 699 4482 sne
720 4432 859 4495 prsedicss.
886 4435 939 4500 Ego
960 4450 1017 4485 vero
1036 4448 1119 4484 mecm
1140 4441 1237 4484 curtem
1257 4434 1435 4497 supellectilem
1453 4434 1513 4482 scio.
1540 4432 1613 4483 Dom.
1627 4433 1697 4484 Dens
1717 4433 1763 4483 etti

407 4507 479 4555 ritsm
498 4511 526 4555 et
545 4505 609 4552 vires
628 4501 762 4552 clementer
778 4505 931 4566 suppeditet,
951 4513 979 4554 nt
995 4507 1020 4553 in
1037 4505 1089 4554 dies
1108 4507 1206 4567 melers
1224 4513 1298 4569 utque
1317 4507 1413 4566 msjore
1432 4505 1458 4553 in
1479 4518 1551 4553 mum
1570 4504 1643 4569 Reip.
1657 4502 1760 4554 Mstlre·

407 4578 513 4626 menese
532 4574 628 4624 utiliter
646 4579 673 4621 et
689 4570 846 4624 budsbilieer
864 4577 948 4625 rimari
966 4584 992 4626 et
1009 4575 1146 4639 rependere
1163 4576 1280 4641 uobisque
1299 4576 1480 4626 communiente
1497 4574 1584 4639 possis.

490 4645 617 4710 Reliqux,
635 4655 701 4707 quse
717 4642 756 4692 luis
775 4644 845 4694 sddlt
859 4643 1016 4704 Msestlinus,
1033 4648 1192 4698 inveniuntur
1208 4647 1233 4697 in
1252 4646 1376 4711 prooemio
1387 4644 1420 4696 sd
1434 4644 1523 4695 librum
1541 4645 1573 4697 de
1591 4644 1672 4697 Stells
1688 4658 1763 4697 nors.

491 4716 662 4781 Keplerus
682 4711 707 4763 ὅ.
720 4714 806 4766 Martii
818 4713 886 4766 iton
904 4717 968 4768 hsec
987 4717 1123 4782 respondit:

492 4803 619 4875 Quanto
652 4822 700 4865 me
731 4805 841 4883 gaudio
870 4813 940 4866 tuse
970 4805 1128 4891 effecerint
1150 4806 1272 4881 literae,
1306 4807 1490 4886 Praeceptor
1519 4804 1662 4879 colende,
1696 4810 1762 4865 tute

409 4893 469 4974 ipse
491 4893 643 4965 aestimo,
666 4891 718 4971 qni
740 4893 833 4955 toties
856 4894 995 4973 pulsatus
1010 4894 1086 4956 meis
1110 4894 1288 4974 importunis
1305 4895 1401 4958 literis
1423 4896 1547 4957 tandem
1568 4891 1762 4972 respondisti.

409 4980 515 5048 Ordior
537 4989 645 5044 sutem
667 4999 844 5061 responsum
867 5001 966 5044 meum
988 5002 1008 5044 ι
1030 4983 1212 5045 refutatione
1242 4992 1311 5045 tuse
1335 4980 1537 5065 ιὐσχημοιιαι.
1585 4978 1709 5043 Gredns
1732 4980 1766 5044 et

408 5069 552 5139 tmomm
573 5068 743 5136 eminentis
762 5089 859 5154 penes
879 5089 929 5134 me
952 5072 1036 5134 nulls
1056 5080 1122 5149 est,
1154 5072 1224 5134 vivo
1247 5072 1276 5134 in
1299 5073 1421 5136 tlrestro
1443 5073 1525 5136 orbis
1553 5070 1709 5152 privatus,
1738 5070 1765 5134 si
