4584 6192
568 592 633 663 828
1059 598 1233 647 Astronsmlae
1250 595 1312 647 Para
1331 595 1429 661 opilea

658 769 761 841 Quare
793 789 830 831 ex
857 770 905 831 his
926 772 1085 850 sequitur,
1115 771 1214 834 BGA
1249 772 1416 852 angulum
1446 772 1549 834 itidem
1581 773 1619 833 ab
1652 772 1836 835 astronomis
1866 773 1927 836 dici

568 860 778 940 parallaxin
803 858 911 920 sideris
933 860 963 920 in
989 858 1027 922 G.

654 949 752 1026 Hujus
776 967 848 1028 ergo
870 949 1063 1027 parallaxeoa
1088 950 1206 1012 divinus
1230 958 1277 1011 est
1301 969 1373 1012 usus
1396 950 1425 1009 in
1450 950 1641 1011 astronomia.
1676 947 1925 1032 Quotiescunque

563 1056 693 1117 namque
715 1037 786 1112 DE,
820 1056 907 1098 arcus
941 1038 1105 1100 distantiae
1137 1057 1227 1099 verae
1259 1038 1367 1100 sideris
1396 1059 1415 1098 a
1437 1040 1551 1100 vertice
1584 1039 1621 1099 ad
1651 1047 1766 1100 certum
1799 1041 1926 1119 aliquod

564 1133 765 1200 momentum,
797 1145 835 1187 ex
858 1127 1062 1188 astronomica
1090 1128 1229 1190 doctrina
1253 1128 1345 1207 (quod
1370 1128 1404 1188 lit
1426 1128 1519 1189 variis
1542 1129 1655 1200 modis)
1679 1127 1783 1190 haberi
1807 1139 1922 1208 potest,

564 1224 597 1278 et
619 1216 674 1278 DF
702 1234 788 1277 arcus
822 1215 985 1276 distantiae
1015 1216 1140 1277 visibilis
1172 1237 1190 1278 a
1222 1216 1336 1277 vertice
1367 1216 1575 1278 instrumentis
1603 1218 1720 1278 idoneis
1753 1226 1787 1279 et
1819 1218 1925 1280 debita

563 1303 734 1367 subtilitate
757 1304 796 1365 ad
821 1303 850 1363 id
880 1312 1061 1365 momentum
1092 1306 1224 1385 capitur,
1253 1314 1287 1366 ut
1310 1306 1352 1365 ita
1375 1305 1429 1366 EF
1456 1306 1621 1384 parallaxis
1651 1306 1815 1367 habeatnr:
1851 1315 1923 1369 tuno

559 1394 627 1473 jam
650 1392 780 1454 innotuit
802 1390 873 1466 AG,
899 1394 1052 1473 proportio
1077 1395 1155 1456 situs
1179 1396 1226 1455 vel
1250 1394 1424 1455 remotionis
1449 1395 1556 1456 sideris
1579 1394 1755 1457 verissimae
1779 1405 1921 1474 respectu

563 1482 703 1545 diametri
733 1481 832 1543 mundi
863 1483 902 1542 ad
934 1483 992 1543 AB
1024 1484 1278 1544 semidiametmm
1311 1483 1450 1545 Telluris.
1495 1483 1538 1545 Et
1569 1485 1675 1546 nititur
1708 1483 1827 1565 quidem
1863 1485 1922 1546 hac

560 1571 756 1651 parallaxeon
777 1568 858 1631 Solis
883 1581 914 1631 ct
929 1571 1033 1633 Lunae
1057 1573 1195 1634 doctrina
1218 1591 1286 1633 cnm
1309 1572 1424 1651 reliqua
1448 1574 1642 1641 astronomia,
1667 1582 1730 1634 tum
1752 1573 1917 1653 praecipue

561 1659 698 1722 doctrina
721 1658 878 1738 eclipsium
902 1657 992 1721 Solis.
1040 1662 1147 1741 ltaque
1170 1660 1337 1741 parallaxis
1361 1660 1428 1734 illa,
1463 1681 1539 1741 qnae
1573 1662 1601 1723 in
1635 1663 1772 1724 verticali
1805 1664 1919 1724 circulo

562 1748 781 1820 consideratur,
816 1747 899 1808 varie
928 1748 1130 1823 distribuitur,
1166 1751 1214 1811 vel
1237 1750 1267 1810 in
1292 1749 1411 1828 longum
1436 1758 1468 1811 et
1491 1750 1586 1811 latum
1615 1770 1668 1830 per
1692 1752 1863 1829 eclipticam
1888 1761 1921 1813 et

559 1838 686 1900 circulos
710 1836 889 1911 latitudiuis,
914 1856 971 1916 quo
995 1839 1111 1900 nomine
1135 1839 1203 1918 ipsa
1225 1848 1291 1899 tota
1313 1841 1517 1915 portentosae,
1543 1850 1664 1901 ceterae
1688 1841 1835 1902 alterutro
1859 1860 1919 1902 no-

558 1927 637 1988 mine
661 1926 817 1987 dicuntur:
843 1925 891 1986 vel
915 1926 1104 1990 distribuitur
1126 1945 1181 2007 per
1205 1937 1398 2006 aequatorem
1422 1937 1455 1989 et
1477 1929 1604 1989 circulos
1628 1929 1863 1990 declinationum
1888 1930 1917 1990 iu

556 2015 726 2095 parallaxin
752 2013 937 2078 ascensionis
960 2025 1063 2078 rectae
1086 2024 1119 2079 ct
1141 2016 1361 2089 declinationis,
1386 2024 1476 2095 prout
1494 2026 1732 2080 astronomorum
1751 2037 1824 2079 usus
1843 2019 1916 2079 lert.

557 2152 588 2218 4.
625 2155 917 2218 Parallaxeon
954 2158 1250 2238 quotidianarum
1288 2158 1321 2220 iu
1355 2158 1501 2235 longum
1535 2166 1572 2220 et
1603 2159 1716 2222 latum
1751 2158 1916 2221 diductio

622 2244 804 2308 t'acillima
833 2253 870 2307 et
898 2246 1268 2327 compendiosissima
1299 2267 1365 2332 per
1393 2267 1521 2310 novam
1550 2249 1848 2328 parallacticam.

644 2370 846 2433 Parallaxeon
871 2370 1009 2433 doctrina
1030 2372 1224 2452 praecipuam
1257 2373 1285 2433 in
1318 2372 1478 2452 eclipsibus
1501 2370 1584 2435 Solis
1612 2381 1698 2433 creat
1731 2375 1917 2436 astronomis

555 2460 742 2534 molestiam,
777 2460 912 2540 adeoque
936 2462 985 2522 vel
1008 2462 1046 2521 ob
1072 2462 1148 2523 hunc
1182 2463 1278 2523 solum
1312 2462 1445 2523 laborem
1469 2480 1526 2523 non
1550 2461 1671 2536 mirum,
1703 2462 1730 2524 si
1754 2463 1919 2543 negligitur

556 2548 752 2611 astronomia.
799 2548 865 2610 Hoc
899 2550 1000 2629 itaque
1033 2569 1152 2630 semper
1179 2550 1237 2611 sibi
1269 2550 1350 2612 laudi
1379 2551 1528 2612 duxerunt
1559 2550 1705 2625 artifices,
1736 2553 1916 2630 compendio

551 2638 660 2719 juvare
684 2637 850 2700 universos.
884 2637 1076 2702 Ptolemaeus
1097 2640 1248 2719 egregiam
1273 2658 1396 2718 operam
1418 2639 1575 2718 praestitit
1593 2639 1747 2718 descripta
1763 2641 1919 2703 luculenta

557 2722 747 2791 damonae
768 2726 960 2801 varietatum,
985 2747 1061 2808 quae
1080 2729 1198 2790 suntin
1222 2728 1437 2808 parallaxibus.
1469 2727 1667 2800 Reinholdns,
1690 2728 1804 2790 tabulis
1828 2730 1917 2791 labo-

557 2816 726 2879 riosissime
749 2816 894 2879 conlectis
918 2817 956 2879 ad
979 2817 1140 2897 plerasque
1163 2818 1225 2896 poli
1248 2818 1443 2892 elevationes,
1470 2816 1657 2879 existimavit
1684 2836 1717 2879 se
1747 2818 1918 2881 rudioribus

556 2905 725 2979 subvenire,
749 2918 853 2967 verum
877 2905 1096 2985 ingeniosorum
1120 2908 1258 2968 ardorem
1281 2906 1384 2968 taedio
1409 2906 1597 2985 quaerendae
1620 2907 1717 2988 partis
1741 2909 1917 2987 proportio-

557 2994 636 3057 nalia
669 2995 829 3075 oppressit.
875 2995 983 3077 ltaque
1010 2995 1113 3078 ’l'yclro
1141 2995 1242 3057 Brsbe
1275 2995 1430 3057 revocavit
1459 3003 1648 3057 astronomos
1679 2995 1718 3056 ad
1751 2995 1917 3076 triangula,

553 3084 735 3147 monstratis
759 3084 907 3146 nonnullis
931 3085 1116 3163 compendiis
1140 3084 1195 3146 illa
1217 3085 1363 3147 solvendi.
1410 3084 1512 3146 Labor
1535 3093 1637 3147 tamen
1662 3084 1756 3146 etiam
1784 3083 1832 3147 hic
1856 3086 1917 3149 im·

554 3174 653 3237 manis
676 3182 732 3237 est.
780 3173 933 3236 Existimo
962 3174 1081 3253 itaque,
1112 3172 1139 3235 si
1169 3174 1273 3236 borum
1302 3181 1457 3235 auctorum
1491 3175 1628 3252 exempla
1659 3173 1797 3235 imitatus
1821 3173 1914 3256 Sisy-

556 3264 659 3343 pbium
683 3262 761 3324 bunc
785 3262 915 3341 lapidem
939 3263 1061 3325 tandem
1084 3270 1170 3325 trans
1199 3263 1304 3343 jugum
1328 3263 1504 3341 persolvero
1527 3282 1564 3323 ue
1587 3281 1675 3342 porro
1704 3263 1836 3337 recidat,
1868 3282 1916 3325 me

557 3352 730 3414 nonnullam
754 3352 792 3411 ab
816 3352 997 3414 astronomis
1016 3352 1148 3431 gratiam
1172 3370 1294 3433 sperare
1318 3352 1437 3414 debers.

648 3440 725 3502 Dico
739 3439 874 3520 primum,
895 3460 1016 3503 omnes
1035 3441 1251 3521 parallaxes
1270 3439 1496 3514 latitudinis,
1516 3439 1550 3501 in
1569 3458 1780 3520 quocunqne
1800 3442 1916 3520 gradu

557 3530 756 3609 eclipticae
772 3529 872 3591 Luna
891 3530 949 3591 vel
969 3528 1054 3592 Sole
1075 3540 1265 3602 versante,
1290 3548 1372 3590 esse
1392 3528 1585 3608 aequales:
1610 3530 1798 3590 dnmmodo
1821 3529 1916 3591 idern

557 3618 758 3698 eclipticae
781 3630 951 3697 punctum
975 3618 1011 3682 iu
1036 3619 1160 3680 eadem
1184 3618 1261 3697 poli
1285 3617 1487 3678 altitudine
1511 3617 1563 3677 sit
1582 3616 1617 3677 in
1641 3627 1735 3692 ortu,
1761 3619 1917 3680 athna

557 3708 772 3787 aequaliter
795 3728 813 3768 a
837 3707 918 3770 visu
943 3708 1073 3770 distet.
1113 3705 1226 3768 Centro
1243 3707 1282 3775 A,
1307 3707 1385 3785 quod
1409 3711 1617 3785 repraesentet
1636 3715 1771 3770 centrum
1790 3707 1915 3781 Terrae,

557 3798 709 3860 scribatur
736 3796 862 3857 circulus
887 3798 997 3859 Terras
1026 3796 1175 3858 maximus
1199 3797 1264 3869 BF,
1293 3794 1321 3855 in
1351 3813 1407 3876 qno
1431 3794 1457 3854 B
1481 3795 1522 3855 sit
1551 3795 1633 3855 locus
1662 3797 1917 3873 spectatorist

554 3904 628 3948 vero
653 3886 694 3948 sit
717 3885 882 3965 subjectum
908 3886 979 3964 polo
1012 3884 1183 3965 eclipticas:
1218 3891 1252 3946 ut
1274 3884 1318 3944 ita
1341 3894 1373 3944 et
1396 3883 1443 3944 hic
1471 3883 1598 3943 circulus
1623 3890 1655 3943 et
1684 3900 1787 3944 omnes
1815 3886 1916 3948 lineae

554 3974 651 4055 ipsum
685 3984 825 4037 secantes
860 3974 922 4034 sint
949 3974 979 4035 in
1010 3974 1100 4053 plano
1134 3972 1237 4034 circuli
1268 3971 1450 4045 latitudinis,
1486 3970 1535 4051 qni
1558 3971 1636 4032 idem
1664 3971 1705 4032 sit
1728 3980 1760 4032 et
1787 3972 1916 4037 circulus

554 4063 723 4137 verticalis,
748 4062 819 4143 quia
841 4081 896 4143 per
917 4062 943 4123 B
967 4062 1065 4123 locum
1089 4061 1272 4140 spectatoris
1300 4060 1419 4122 transit.
1466 4060 1603 4121 Ducatnr
1632 4068 1730 4121 autem
1753 4060 1811 4121 AB
1837 4063 1918 4125 linea

554 4152 740 4214 contendens
764 4151 804 4212 ad
828 4150 973 4213 verticale
996 4161 1141 4230 puuctum
1165 4150 1194 4211 in
1219 4150 1256 4223 L,
1280 4150 1355 4211 item
1377 4149 1434 4209 AF
1457 4148 1544 4220 linea,
1570 4148 1609 4210 ad
1632 4149 1733 4226 polmn
1756 4149 1916 4230 eclipticae

554 4240 758 4313 contendens,
793 4240 878 4319 eique
904 4240 942 4300 ad
966 4247 1066 4302 rectos
1089 4240 1119 4300 in
1144 4239 1248 4299 eodem
1271 4239 1363 4317 plano
1386 4235 1512 4298 insistat
1533 4233 1613 4310 AG,
1646 4255 1722 4317 quae
1752 4241 1919 4302 contendet

554 4330 594 4391 ad
625 4329 751 4407 gradum
785 4330 1030 4407 nonagesimum,
1064 4328 1133 4407 quia
1165 4326 1252 4389 GAF
1284 4333 1385 4388 rectus
1417 4334 1448 4385 et
1471 4325 1527 4385 AF
1554 4326 1583 4385 in
1616 4326 1716 4404 polum
1748 4329 1916 4392 contendit

555 4416 637 4488 Quia
658 4435 730 4479 vero
753 4417 810 4479 AB
840 4417 994 4497 proportio
1025 4414 1209 4477 insensibilis
1232 4414 1342 4475 estad
1371 4413 1530 4493 sphaeram
1563 4413 1702 4486 lixarum,
1735 4414 1837 4495 itaque
1860 4436 1917 4496 per

555 4506 581 4568 B
606 4507 703 4567 locum
727 4507 855 4568 ducatur
877 4505 935 4586 ipsi
959 4502 1021 4567 AG
1043 4504 1208 4583 parallelos
1230 4503 1273 4564 Bl
1296 4511 1329 4564 ct
1352 4503 1543 4564 continuetur
1562 4500 1623 4563 Ga
1646 4502 1675 4562 in
1698 4503 1737 4577 Η,
1763 4504 1803 4565 ΙΒ
1823 4504 1854 4567 in
1873 4506 1915 4569 K.

553 4596 623 4658 Drit
644 4596 737 4675 igitur
755 4595 801 4656 IK
822 4595 884 4674 jam
907 4592 1067 4655 visibiliter
1090 4593 1120 4653 in
1144 4592 1295 4671 ecliptica.
1342 4592 1391 4653 Sit
1415 4599 1517 4652 autem
1535 4589 1624 4651 Luna
1645 4591 1701 4651 sub
1726 4593 1794 4671 ipsa
1818 4594 1917 4674 eclip-

553 4683 616 4747 tica
638 4683 667 4745 iu
693 4682 723 4745 G
746 4692 874 4766 puncto,
901 4683 980 4764 quod
1004 4690 1052 4743 est
1074 4681 1211 4743 verticali
1235 4680 1412 4760 proximum.
1461 4679 1623 4740 Videbitur
1647 4680 1700 4740 illa
1709 4689 1760 4741 'ex
1783 4683 1810 4742 B
1834 4683 1918 4745 linea

552 4770 626 4846 BG,
657 4783 821 4853 propterea
850 4771 922 4835 GBl
952 4772 1010 4834 erit
1040 4771 1105 4851 ejus
1135 4770 1302 4850 parallaxis
1334 4769 1366 4831 in
1397 4767 1544 4830 verticali.
1591 4768 1672 4830 Nam
1700 4767 1756 4829 AB
1788 4770 1827 4832 ad
1855 4771 1918 4834 BG

554 4862 707 4924 sensibilis
738 4870 786 4923 est
816 4869 848 4923 et
878 4859 1047 4941 parallaxin
1080 4868 1234 4921 causatur.
1289 4858 1379 4932 Dico,
1413 4864 1600 4938 quotcunque
1631 4857 1727 4919 lineae
1756 4876 1795 4919 ex
1824 4860 1851 4920 B
1886 4861 1916 4920 iu

553 4951 677 5031 planum
700 4949 859 5030 eclipticae
877 4968 930 5029 per
946 4948 1004 5012 GH
1022 4948 1134 5010 lineam
1157 4955 1405 5026 repraesentatae
1429 4947 1586 5020 ducuntur,
1612 4947 1754 5026 aequales
1774 4948 1832 5026 ipsi
1845 4948 1915 5023 BG,

554 5040 680 5117 angulos
704 5040 847 5118 aequales
871 5056 936 5099 cum
958 5039 1051 5118 plano
1074 5035 1234 5115 eclipticae
1259 5036 1369 5099 lacere.
1407 5036 1543 5097 Ducatnr
1567 5035 1647 5095 enim
1670 5053 1708 5095 ex
1730 5036 1757 5095 B
1780 5054 1917 5117 perpen-

554 5127 697 5191 dicularis
720 5126 751 5189 in
776 5126 845 5199 GH,
869 5143 947 5207 qnae
970 5126 1013 5188 sit
1034 5125 1101 5186 BD.
1148 5121 1229 5194 Quia
1259 5123 1361 5205 itaque
1386 5122 1445 5186 BD
1466 5129 1516 5185 est
1538 5124 1567 5185 in
1591 5123 1681 5202 plano
1712 5122 1816 5186 circuli
1841 5125 1917 5187 lati·
