4584 6192
471 623 532 693 142
943 621 1134 689 Puslipomena
1151 623 1177 674 irr
1197 623 1364 675 Vitelliorrem.

467 821 633 885 perquem
658 799 713 864 Sol
736 800 837 863 radiat
863 798 1013 879 proxime,
1046 797 1090 861 sic
1113 809 1147 861 ut
1170 820 1229 862 una
1261 802 1426 883 eademqne
1451 804 1530 866 aeris
1562 804 1645 884 regio
1676 804 1766 867 alteri
1790 804 1832 867 sit

467 890 726 973 splendidissima,
750 888 847 963 alteri,
872 887 918 949 eui
935 886 989 949 Sol
1004 888 1147 949 elisseae
1172 889 1312 964 insinuat,
1339 892 1436 953 minus
1459 894 1638 973 splendida:
1663 894 1726 956 atri
1752 894 1830 956 enim
1867 927 1870 932 ·

468 1001 524 1044 aua
547 988 597 1043 est
619 979 730 1042 albedo
754 997 807 1039 sen
839 978 932 1039 color.
979 975 1013 1038 Si
1042 996 1134 1039 causa
1163 997 1220 1039 nun
1254 979 1382 1042 dilucide
1415 982 1492 1043 satis
1516 989 1565 1043 est
1598 983 1700 1059 dicta,
1736 983 1831 1046 lector

467 1071 559 1132 aliam
582 1067 834 1131 comminiscatur.
882 1064 977 1128 Simul
1007 1066 1202 1129 fundamenta
1225 1067 1274 1129 hic
1302 1067 1502 1132 halonibus
1526 1079 1558 1133 et
1586 1072 1830 1152 crepusculis

465 1159 579 1241 jecisse
602 1157 715 1220 videor.

558 1247 648 1326 Prop.
672 1245 792 1307 XXIV.
831 1243 907 1304 Lux
931 1261 1154 1322 repercussa
1178 1265 1197 1305 a
1220 1246 1421 1326 superficie
1445 1248 1628 1326 corporis,
1653 1257 1831 1328 qnatenus

469 1353 618 1415 corpus,
643 1352 717 1396 nou
738 1332 939 1395 coloratur.
987 1332 1068 1393 Nam
1091 1350 1145 1411 per
1165 1333 1215 1396 15.
1241 1334 1324 1396 εοΙοτ
1353 1334 1433 1396 inest
1456 1336 1630 1413 corporibus
1653 1357 1707 1417 ρετ
1731 1345 1831 1399 mate-

471 1426 562 1498 riam,
597 1442 673 1504 qnae
697 1432 760 1484 tres
793 1420 994 1482 dimensiones
1018 1420 1129 1493 liabet3
1163 1421 1336 1501 superficies
1368 1423 1462 1485 babet
1485 1432 1602 1486 tantum
1627 1426 1714 1487 duas.
1762 1427 1830 1489 Non

471 1522 521 1575 est
544 1528 615 1590 ergo
638 1512 667 1573 in
691 1512 745 1573 illa
767 1510 860 1572 color.
907 1505 996 1577 Quod
1030 1518 1129 1570 antem
1162 1510 1274 1592 aliquid
1305 1511 1415 1574 coloris
1449 1513 1606 1588 miscetur,
1643 1515 1698 1575 boc
1723 1533 1831 1596 corpus

472 1602 559 1681 cujus
582 1609 631 1662 est
653 1598 825 1679 superficies
849 1598 886 1658 de
910 1616 964 1658 suo
989 1597 1090 1671 addit,
1123 1599 1298 1678 quantulum
1328 1601 1447 1679 quidem
1472 1620 1529 1663 uon
1554 1603 1582 1663 in
1607 1603 1689 1665 illurn
1713 1611 1830 1666 tantum

473 1692 574 1756 locum
598 1689 707 1750 sedet
731 1686 923 1750 circumcirca
945 1683 1114 1765 spargit.*)

564 1778 654 1858 Prop.
688 1776 793 1839 XXV.
850 1774 926 1836 Lux
958 1793 1021 1853 per
1052 1776 1204 1837 medinm
1238 1776 1428 1839 transiens
1468 1777 1672 1842 coloratum
1711 1781 1830 1860 magis

473 1867 665 1947 magisque
684 1866 894 1936 coloratur,
915 1871 951 1923 et
970 1863 1209 1926 rubicundior
1228 1865 1318 1938 exit,
1335 1883 1428 1946 qnae
1443 1867 1660 1944 profundius
1679 1870 1831 1932 medium

456 1956 642 2035 trajecit.
689 1956 783 2017 Patet
805 1971 859 2032 per
885 1947 934 2014 16.
982 1950 1061 2021 Quia
1086 1954 1168 2014 color
1198 1953 1314 2032 objectu
1345 1954 1419 2015 lncis
1443 1973 1500 2017 non
1530 1965 1646 2019 tantum
1670 1959 1699 2020 in
1723 1976 1831 2039 super·

475 2045 542 2107 llcie
566 2045 620 2105 sed
645 2051 677 2105 et
700 2043 729 2104 in
752 2060 876 2121 corpore
900 2038 1022 2112 est.**)

565 2132 655 2212 Prop.
689 2130 809 2194 XXVI.
863 2129 976 2191 Lucis
1009 2128 1105 2190 radii
1136 2147 1173 2189 se
1204 2138 1329 2191 rnutuo
1362 2150 1477 2210 neque
1508 2133 1681 2196 colorant
1714 2153 1831 2215 neque

472 2222 677 2284 illustrant
699 2239 815 2299 neque
839 2218 1042 2298 impediunt
1066 2218 1140 2279 ullo
1165 2220 1278 2281 rnodo.
1315 2218 1408 2280 Radii
1427 2220 1505 2283 enim
1522 2240 1576 2302 per
1595 2218 1626 2283 t.
1650 2223 1726 2285 nihil
1750 2222 1830 2284 alind

476 2319 560 2385 sunt,
587 2329 675 2391 quam
698 2310 763 2389 ipse
796 2315 896 2369 motus
930 2306 1003 2368 lueis
1027 2315 1058 2367 et
1090 2306 1210 2376 coloris,
1242 2327 1297 2369 nec
1320 2307 1433 2369 inillis
1464 2310 1515 2371 lux
1538 2322 1585 2373 est
1608 2309 1752 2391 (peril),
1777 2312 1831 2373 sed

473 2402 539 2481 jam
562 2399 694 2462 transiit.
742 2395 824 2459 Sane
846 2406 881 2457 ut
904 2413 958 2457 nec
981 2394 1123 2476 physicns
1147 2404 1246 2457 motus
1270 2396 1349 2457 alter
1372 2395 1499 2459 alterum
1524 2411 1633 2461 movet.

565 2489 657 2567 Prop.
676 2485 812 2549 XXVII.
848 2486 924 2546 Lux
948 2484 984 2545 iu
1008 2484 1129 2545 eodem
1155 2485 1272 2545 medio
1296 2485 1431 2563 partim
1455 2489 1724 2566 repercutitur,
1748 2505 1831 2568 per·

474 2578 541 2640 tim
565 2575 803 2655 infringitur,
836 2573 976 2652 partim
1004 2582 1043 2634 et
1070 2574 1103 2633 in
1137 2573 1263 2634 colore
1296 2573 1405 2635 medii
1437 2576 1689 2651 adhaerescit,
1725 2596 1833 2639 seua

473 2666 597 2727 colore.
620 2664 839 2726 revibratnr
867 2670 977 2741 atque
1011 2662 1064 2722 ita
1087 2661 1120 2721 in
1154 2662 1342 2723 tenuiores
1376 2662 1479 2724 luces
1509 2664 1696 2728 dividitur.
1743 2662 1832 2736 Qua-

475 2764 564 2815 tenus
588 2751 667 2814 euim
692 2753 762 2814 ferit
785 2751 985 2830 superficiem,
1009 2750 1209 2829 repercutitur
1231 2769 1286 2829 per
1312 2748 1363 2824 18,
1397 2759 1544 2829 quatenus
1567 2773 1638 2816 vero
1662 2774 1700 2815 ea
1723 2772 1832 2834 super-

477 2841 560 2905 llcies
584 2850 631 2904 est
654 2840 796 2921 pellucidi
819 2839 963 2919 corporis,
988 2858 1041 2918 ρετ
1059 2836 1107 2900 10.
1125 2838 1235 2899 transit
1250 2847 1282 2900 et
1301 2858 1354 2919 per
1373 2837 1425 2902 20.
1442 2841 1624 2921 refringitur.
1662 2842 1741 2904 Dum
1761 2861 1833 2922 ergo

477 2932 536 2993 duo
560 2929 678 3010 objecta
701 2930 845 3003 illustrat,
871 2929 997 2989 alterum
1011 2946 1064 3006 per
1079 2945 1285 3005 repercussum
1306 2928 1431 2990 alterum
1447 2949 1500 3009 per
1514 2933 1685 3008 refractum,
1712 2938 1830 2993 utrum-

475 3039 532 3101 que
557 3020 714 3101 aequalem
738 3019 783 3093 ei,
815 3035 979 3097 perquem
1003 3016 1116 3077 directe
1140 3015 1249 3077 luisset
1278 3017 1485 3080 illustratura:
1519 3028 1695 3082 attenuatur
1718 3019 1833 3101 utique,

476 3110 547 3190 quia
584 3109 660 3170 baec
694 3106 828 3169 delinitio
865 3105 1034 3168 tenuitatis.
1089 3104 1178 3166 Facit
1214 3104 1269 3165 hoc
1306 3105 1400 3185 ipsius
1437 3108 1527 3169 medii
1563 3128 1674 3189 anceps
1712 3116 1833 3172 natura.

476 3198 616 3277 Adjuvat
648 3197 782 3259 essentia
815 3195 889 3257 lucis
922 3193 1083 3254 densitatis
1116 3193 1283 3272 particeps,
1317 3215 1408 3275 quare
1437 3197 1520 3258 etin
1544 3207 1648 3277 partes
1680 3197 1835 3259 tenuiores

474 3287 568 3349 dividi
590 3294 704 3366 potest.
752 3285 784 3345 ln
810 3298 892 3347 motu
916 3283 1038 3364 physico
1062 3283 1118 3344 hoc
1143 3282 1186 3343 ita
1210 3282 1332 3343 evidens
1356 3301 1413 3345 non
1439 3293 1496 3359 est,
1521 3287 1591 3366 quia
1615 3286 1780 3349 materiata
1803 3295 1835 3348 et

476 3376 551 3435 dura
574 3374 682 3449 omnia,
708 3373 756 3436 bic
780 3372 852 3434 nihil
876 3374 949 3434 tale.
995 3371 1121 3432 Vitellio
1145 3371 1255 3451 probat
1279 3373 1502 3451 experimentis.

563 3464 652 3542 Prop.
677 3462 829 3525 XXVIII.
876 3462 997 3523 Luces
1021 3460 1149 3521 variae
1172 3460 1206 3520 in
1230 3458 1323 3522 idem
1351 3462 1534 3539 objectum
1564 3461 1774 3526 incidentes
1798 3470 1836 3524 et

476 3553 756 3614 accumulantur
780 3561 816 3612 et
839 3551 1114 3632 permiscentur
1134 3557 1205 3609 tum
1226 3549 1322 3611 inter
1343 3570 1382 3611 se
1399 3560 1469 3612 tum
1488 3552 1597 3613 etiam
1617 3570 1692 3613 cum
1709 3551 1835 3614 colore

564 3721 589 3788 ⁸)
612 3723 689 3785 Quod
711 3722 738 3776 in
761 3738 924 3791 repercussu
946 3738 998 3773 non
1021 3722 1159 3774 coloretur
1179 3721 1244 3784 lux,
1267 3720 1457 3790 experimento
1483 3727 1595 3774 constat
1619 3720 1711 3784 facili,
1734 3722 1758 3774 si
1782 3721 1835 3776 ali-

474 3812 542 3876 quot
572 3803 666 3857 ordine
697 3803 809 3871 patellis
840 3801 977 3854 variorum
1008 3802 1127 3853 colorum
1146 3801 1285 3855 bumores
1321 3797 1492 3871 (aequaliter
1522 3809 1614 3855 tamen
1644 3798 1745 3871 puros)
1776 3801 1836 3857 Soli

474 3884 647 3955 exposueris,
669 3883 708 3935 sic
728 3890 760 3937 ut
779 3898 956 3951 repercussus
979 3881 1005 3933 in
1027 3882 1115 3934 lucum
1145 3882 1252 3935 foratur
1282 3883 1436 3934 umbrosum
1457 3887 1487 3934 et
1508 3898 1591 3949 super
1619 3881 1712 3934 albam
1734 3897 1834 3952 super·

473 3964 570 4019 ilciem.
611 3965 656 4018 lta
677 3963 719 4016 his
741 3961 938 4032 experimentis
960 3961 992 4013 tit
1012 3960 1131 4023 evidens,
1154 3962 1260 4015 colores
1283 3979 1338 4015 non
1359 3978 1420 4014 esse
1435 3960 1462 4014 in
1483 3960 1629 4030 superficie
1650 3963 1697 4014 sed
1720 3960 1748 4015 iu
1770 3979 1835 4032 pro·

474 4046 575 4099 ibndo:
607 4043 720 4114 proinde
751 4043 861 4096 elucere
892 4049 984 4110 atque
1004 4043 1072 4093 adeo
1101 4041 1126 4094 in
1158 4042 1276 4095 materia
1305 4043 1505 4112 quadamtenus
1532 4040 1674 4110 pellucida
1702 4042 1834 4097 haerere.

474 4124 589 4178 Omnino
618 4140 717 4194 corpus
744 4121 888 4193 requirunt
909 4120 1014 4175 colores
1040 4138 1093 4173 uon
1121 4121 1208 4175 minus
1236 4130 1320 4191 atque
1347 4121 1420 4173 infra
1448 4115 1530 4189 (Cap.
1560 4115 1623 4187 Vl.)
1651 4121 1711 4175 lux.
1755 4122 1835 4184 Quod

475 4211 568 4257 antem
589 4203 764 4257 nibilominus
791 4216 908 4271 corpora
933 4200 1150 4269 repercutientis
1176 4201 1402 4255 communicatum
1422 4217 1500 4254 suam
1522 4201 1609 4253 luoem
1638 4201 1835 4255 orbiculariter

474 4297 600 4353 sparsam
615 4283 698 4337 etiarn
720 4297 901 4352 repercussae
924 4280 1138 4344 intermisceant,
1160 4290 1241 4351 patet
1261 4282 1288 4334 in
1310 4280 1509 4334 radiationibus
1525 4296 1574 4333 seu
1595 4280 1835 4336 illustrationibus

474 4361 672 4415 debilioribus:
694 4369 726 4416 ut
747 4361 862 4432 specula
883 4360 1017 4430 quaedum
1038 4361 1179 4415 metallica
1199 4361 1295 4414 faciem
1316 4366 1533 4431 repraesentant
1552 4360 1745 4424 rubicundam,
1769 4361 1837 4431 quia

475 4459 514 4496 sc.
538 4441 580 4495 sui
601 4442 700 4495 coloris
721 4442 798 4496 radic
820 4439 936 4509 simplici
964 4440 1107 4494 illustrant
1126 4448 1155 4495 et
1186 4442 1298 4511 tingunt
1326 4440 1492 4494 retiiormem
1514 4456 1567 4493 non
1588 4441 1675 4493 multo
1703 4439 1834 4504 debilius,

474 4538 555 4594 qnam
577 4521 657 4576 faciei
677 4523 771 4576 radius
792 4520 895 4589 duplex
918 4520 976 4573 slve
997 4537 1174 4589 repercussus
1197 4536 1214 4573 a
1234 4522 1354 4590 speculo.
1387 4520 1458 4573 Hinc
1479 4537 1530 4589 per
1551 4518 1602 4575 28.
1622 4519 1655 4574 flt
1675 4519 1776 4574 mixtio
1797 4539 1835 4575 ex

477 4609 594 4673 utroque
616 4608 646 4656 et
666 4619 752 4657 nouus
773 4601 848 4654 color
869 4600 895 4653 in
917 4601 1005 4653 oculo.

554 4680 595 4749 Ι“*)
610 4682 802 4751 Propositione
813 4681 859 4734 25.
875 4680 951 4733 color
966 4680 993 4732 in
1008 4677 1152 4747 superficie
1167 4697 1220 4733 non
1231 4680 1314 4733 aliter
1328 4679 1470 4741 statuitur,
1488 4695 1569 4749 qnam
1580 4694 1667 4748 supra
1677 4677 1771 4749 (prop.
1785 4679 1835 4746 13)

474 4764 617 4826 densitasr
648 4769 747 4832 estque
777 4776 891 4814 sensus:
923 4761 994 4830 quod
1024 4759 1159 4811 hactenus
1180 4761 1288 4829 quidem
1309 4760 1357 4812 lux
1379 4767 1477 4827 utpote
1507 4760 1643 4828 quaedam
1673 4760 1836 4830 supertdes

474 4860 559 4916 passa
580 4843 617 4897 sit
637 4857 656 4895 a
676 4841 815 4895 densitate
841 4839 927 4892 solius
958 4837 1128 4908 superficiei,
1160 4840 1226 4908 quia
1252 4839 1374 4892 densitas
1404 4839 1594 4908 corpulentiae
1615 4838 1685 4891 nibil
1706 4839 1837 4900 babebat

474 4941 534 4979 curn
554 4923 607 4978 illa
627 4938 776 4976 commune.
819 4920 882 4971 Jum
903 4934 968 4970 vero
990 4918 1064 4970 color
1086 4918 1172 4971 omnis
1193 4936 1243 4987 per
1264 4927 1350 4972 totam
1378 4920 1500 4987 corporis
1531 4918 1750 4987 profunditatem
1781 4921 1836 4974 luci

473 5006 576 5074 partim
597 5009 734 5074 cognatus
749 5005 802 5061 est,
825 4998 860 5050 ob
875 4998 963 5051 lucem
984 4998 1173 5065 potentialem,
1196 4998 1296 5068 partim
1317 4998 1479 5061 contrarius,
1502 5000 1537 5051 ob
1555 4997 1733 5053 intermixtus
1756 5007 1837 5053 teue-

473 5085 547 5139 brar.
590 5083 646 5136 Per
665 5087 754 5135 totam
776 5076 862 5148 igitur
882 5076 1081 5146 corpulentiam
1109 5078 1238 5147 pellucidi
1261 5081 1310 5132 lux
1332 5093 1350 5130 a
1370 5078 1461 5131 colore
1484 5077 1618 5141 afficitur,
1647 5093 1702 5133 non
1724 5087 1837 5135 tantum

473 5164 501 5220 in
524 5162 647 5233 traiectu
669 5156 832 5235 superficiei,
855 5174 915 5225 pnm
935 5157 1106 5229 refringitur.
