<?xml version="1.0" encoding="UTF-8"?>
<!DOCTYPE html PUBLIC "-//W3C//DTD XHTML 1.0 Transitional//EN"
    "http://www.w3.org/TR/xhtml1/DTD/xhtml1-transitional.dtd">
<html xmlns="http://www.w3.org/1999/xhtml" xml:lang="en" lang="en">
 <head>
  <title>
</title>
<meta http-equiv="Content-Type" content="text/html;charset=utf-8" />
  <meta name='ocr-system' content='tesseract 3.04.00' />
  <meta name='ocr-capabilities' content='ocr_page ocr_carea ocr_par ocr_line ocrx_word'/>
</head>
<body>
  <div class='ocr_page' id='page_1' title='image "./joanniskepleria02frisgoog_0770.png"; bbox 0 0 4584 6192; ppageno 0'>
   <div class='ocr_carea' id='block_1_1' title="bbox 559 1340 1815 1734">
    <p class='ocr_par' dir='ltr' id='par_1_1' title="bbox 559 1340 1815 1734">
     <span class='ocr_line' id='line_1_1' title="bbox 618 1340 1814 1563; baseline -0.014 -45"><span class='ocrx_word' id='word_1_1' title='bbox 618 1425 621 1430; x_wconf 81' lang='grc'><strong>’</strong></span> <span class='ocrx_word' id='word_1_2' title='bbox 657 1397 889 1514; x_wconf 65' lang='lat' dir='ltr'>musam</span> <span class='ocrx_word' id='word_1_3' title='bbox 912 1423 981 1562; x_wconf 77' lang='lat' dir='ltr'>ar</span> <span class='ocrx_word' id='word_1_4' title='bbox 1005 1422 1276 1528; x_wconf 77' lang='lat' dir='ltr'>enumeoso</span> <span class='ocrx_word' id='word_1_5' title='bbox 1299 1399 1514 1542; x_wconf 74' lang='lat' dir='ltr'>mutum</span> <span class='ocrx_word' id='word_1_6' title='bbox 1536 1340 1651 1558; x_wconf 28' lang='lat' dir='ltr'>ou*</span> <span class='ocrx_word' id='word_1_7' title='bbox 1695 1491 1700 1500; x_wconf 86' lang='lat'>.</span> <span class='ocrx_word' id='word_1_8' title='bbox 1745 1429 1771 1560; x_wconf 69' lang='lat'>³2</span> <span class='ocrx_word' id='word_1_9' title='bbox 1807 1529 1814 1563; x_wconf 73' lang='lat'>.-</span> 
     </span>
     <span class='ocr_line' id='line_1_2' title="bbox 559 1578 1815 1734; baseline -0.01 -29"><span class='ocrx_word' id='word_1_10' title='bbox 559 1595 829 1734; x_wconf 73' lang='lat' dir='ltr'>J&#39;OAHI</span> <span class='ocrx_word' id='word_1_11' title='bbox 859 1597 1265 1709; x_wconf 74' lang='lat' dir='ltr'>rutusstco</span> <span class='ocrx_word' id='word_1_12' title='bbox 1309 1578 1734 1722; x_wconf 70' lang='grc' dir='ltr'><strong>ΗΟῈῈΗᾹΠΠ,</strong></span> <span class='ocrx_word' id='word_1_13' title='bbox 1809 1703 1815 1714; x_wconf 16' lang='grc' dir='ltr'><strong><em>ἦ</em></strong></span> 
     </span>
    </p>
   </div>
   <div class='ocr_carea' id='block_1_2' title="bbox 468 1746 1823 1961">
    <p class='ocr_par' dir='ltr' id='par_1_2' title="bbox 468 1746 1823 1961">
     <span class='ocr_line' id='line_1_3' title="bbox 468 1746 1823 1864; baseline -0.001 -11"><span class='ocrx_word' id='word_1_14' title='bbox 468 1792 505 1853; x_wconf 92' lang='lat' dir='ltr'>L</span> <span class='ocrx_word' id='word_1_15' title='bbox 529 1788 566 1851; x_wconf 90' lang='lat' dir='ltr'>B.</span> <span class='ocrx_word' id='word_1_16' title='bbox 592 1790 622 1852; x_wconf 92' lang='lat' dir='ltr'>in</span> <span class='ocrx_word' id='word_1_17' title='bbox 646 1788 842 1854; x_wconf 75' lang='lat' dir='ltr'>Grfienbfihel</span> <span class='ocrx_word' id='word_1_18' title='bbox 870 1798 903 1852; x_wconf 92' lang='lat' dir='ltr'>et</span> <span class='ocrx_word' id='word_1_19' title='bbox 930 1754 1095 1864; x_wconf 70' lang='lat' dir='ltr'>⁴suethans,</span> <span class='ocrx_word' id='word_1_20' title='bbox 1120 1791 1250 1853; x_wconf 88' lang='lat' dir='ltr'>Domino</span> <span class='ocrx_word' id='word_1_21' title='bbox 1274 1770 1304 1856; x_wconf 86' lang='lat' dir='ltr'>iu</span> <span class='ocrx_word' id='word_1_22' title='bbox 1326 1746 1660 1864; x_wconf 61' lang='lat' dir='ltr'>Naum-sehesima,</span> <span class='ocrx_word' id='word_1_23' title='bbox 1684 1788 1823 1851; x_wconf 63' lang='lat' dir='ltr'>Ducat!</span> 
     </span>
     <span class='ocr_line' id='line_1_4' title="bbox 470 1870 1822 1961; baseline 0.001 -20"><span class='ocrx_word' id='word_1_24' title='bbox 470 1878 591 1961; x_wconf 87' lang='lat' dir='ltr'>Styriae</span> <span class='ocrx_word' id='word_1_25' title='bbox 623 1880 806 1942; x_wconf 85' lang='lat' dir='ltr'>Provinciali</span> <span class='ocrx_word' id='word_1_26' title='bbox 837 1870 936 1942; x_wconf 84' lang='lat' dir='ltr'>Aulae</span> <span class='ocrx_word' id='word_1_27' title='bbox 960 1878 1121 1961; x_wconf 85' lang='lat' dir='ltr'>Magistro</span> <span class='ocrx_word' id='word_1_28' title='bbox 1163 1880 1366 1942; x_wconf 83' lang='lat' dir='ltr'>haereditario</span> <span class='ocrx_word' id='word_1_29' title='bbox 1405 1899 1459 1942; x_wconf 87' lang='lat' dir='ltr'>nec</span> <span class='ocrx_word' id='word_1_30' title='bbox 1496 1896 1553 1939; x_wconf 91' lang='lat' dir='ltr'>nou</span> <span class='ocrx_word' id='word_1_31' title='bbox 1591 1877 1822 1942; x_wconf 68' lang='lat' dir='ltr'>Pmuinem</span> 
     </span>
    </p>
   </div>
   <div class='ocr_carea' id='block_1_3' title="bbox 469 1957 1837 2226">
    <p class='ocr_par' dir='ltr' id='par_1_3' title="bbox 469 1957 1837 2226">
     <span class='ocr_line' id='line_1_5' title="bbox 469 1957 1837 2050; baseline -0.001 -19"><span class='ocrx_word' id='word_1_32' title='bbox 469 1969 615 2031; x_wconf 78' lang='lat' dir='ltr'>Austrlae</span> <span class='ocrx_word' id='word_1_33' title='bbox 636 1977 670 2029; x_wconf 88' lang='lat' dir='ltr'>et</span> <span class='ocrx_word' id='word_1_34' title='bbox 691 1968 816 2050; x_wconf 86' lang='lat' dir='ltr'>Styriae</span> <span class='ocrx_word' id='word_1_35' title='bbox 830 1957 1047 2032; x_wconf 74' lang='lat' dir='ltr'>Murescbaleo</span> <span class='ocrx_word' id='word_1_36' title='bbox 1069 1969 1283 2044; x_wconf 79' lang='lat' dir='ltr'>haereditario,</span> <span class='ocrx_word' id='word_1_37' title='bbox 1306 1967 1377 2032; x_wconf 81' lang='lat' dir='ltr'>See</span> <span class='ocrx_word' id='word_1_38' title='bbox 1397 1966 1489 2031; x_wconf 82' lang='lat' dir='ltr'>Caes.</span> <span class='ocrx_word' id='word_1_39' title='bbox 1511 1966 1675 2047; x_wconf 72' lang='lat' dir='ltr'>Majeatuti</span> <span class='ocrx_word' id='word_1_40' title='bbox 1696 1987 1720 2029; x_wconf 77' lang='lat' dir='ltr'>a</span> <span class='ocrx_word' id='word_1_41' title='bbox 1743 1965 1837 2044; x_wconf 62' lang='lat' dir='ltr'>Ge»,</span> 
     </span>
     <span class='ocr_line' id='line_1_6' title="bbox 470 2048 1821 2139; baseline -0.001 -20"><span class='ocrx_word' id='word_1_42' title='bbox 470 2051 547 2119; x_wconf 88' lang='lat' dir='ltr'>siliis</span> <span class='ocrx_word' id='word_1_43' title='bbox 571 2058 670 2120; x_wconf 83' lang='lat' dir='ltr'>Aulae</span> <span class='ocrx_word' id='word_1_44' title='bbox 693 2049 861 2138; x_wconf 86' lang='lat' dir='ltr'>Imperialis</span> <span class='ocrx_word' id='word_1_45' title='bbox 885 2065 917 2118; x_wconf 88' lang='lat' dir='ltr'>et</span> <span class='ocrx_word' id='word_1_46' title='bbox 930 2057 1150 2137; x_wconf 81' lang='lat' dir='ltr'>Burggravio</span> <span class='ocrx_word' id='word_1_47' title='bbox 1142 2079 1170 2119; x_wconf 89' lang='grc' dir='ltr'>ιιι</span> <span class='ocrx_word' id='word_1_48' title='bbox 1186 2058 1287 2139; x_wconf 76' lang='lat' dir='ltr'>steyn,</span> <span class='ocrx_word' id='word_1_49' title='bbox 1312 2056 1461 2125; x_wconf 66' lang='lat' dir='ltr'>serenta</span> <span class='ocrx_word' id='word_1_50' title='bbox 1476 2054 1660 2119; x_wconf 85' lang='lat' dir='ltr'>Archidueis</span> <span class='ocrx_word' id='word_1_51' title='bbox 1671 2048 1821 2119; x_wconf 75' lang='lat' dir='ltr'>&#39;Austriae</span> 
     </span>
     <span class='ocr_line' id='line_1_7' title="bbox 513 2138 1784 2226; baseline -0.001 -19"><span class='ocrx_word' id='word_1_52' title='bbox 513 2146 716 2213; x_wconf 77' lang='lat' dir='ltr'>Maximiliani</span> <span class='ocrx_word' id='word_1_53' title='bbox 729 2148 784 2210; x_wconf 76' lang='lat' dir='ltr'>lac.</span> <span class='ocrx_word' id='word_1_54' title='bbox 806 2145 990 2221; x_wconf 82' lang='lat' dir='ltr'>Camerario,</span> <span class='ocrx_word' id='word_1_55' title='bbox 1010 2146 1138 2209; x_wconf 89' lang='lat' dir='ltr'>Domino</span> <span class='ocrx_word' id='word_1_56' title='bbox 1157 2156 1189 2209; x_wconf 86' lang='lat' dir='ltr'>et</span> <span class='ocrx_word' id='word_1_57' title='bbox 1208 2147 1379 2209; x_wconf 75' lang='lat' dir='ltr'><strong>Maecenati</strong></span> <span class='ocrx_word' id='word_1_58' title='bbox 1397 2166 1462 2209; x_wconf 92' lang='lat' dir='ltr'>meo</span> <span class='ocrx_word' id='word_1_59' title='bbox 1481 2142 1722 2226; x_wconf 73' lang='lat' dir='ltr'>grab‘osissimo.</span> <span class='ocrx_word' id='word_1_60' title='bbox 1737 2138 1784 2220; x_wconf 73' lang='lat'>⁸¹)</span> 
     </span>
    </p>
   </div>
   <div class='ocr_carea' id='block_1_4' title="bbox 553 2236 1818 2429">
    <p class='ocr_par' dir='ltr' id='par_1_4' title="bbox 553 2236 1818 2429">
     <span class='ocr_line' id='line_1_8' title="bbox 553 2236 1818 2429; baseline 0 -35"><span class='ocrx_word' id='word_1_61' title='bbox 553 2297 698 2403; x_wconf 28' lang='lat' dir='ltr'>*Quartus</span> <span class='ocrx_word' id='word_1_62' title='bbox 721 2331 769 2395; x_wconf 86' lang='lat' dir='ltr'>hic</span> <span class='ocrx_word' id='word_1_63' title='bbox 792 2352 887 2395; x_wconf 88' lang='lat' dir='ltr'>annus</span> <span class='ocrx_word' id='word_1_64' title='bbox 909 2342 971 2409; x_wconf 88' lang='lat' dir='ltr'>est,</span> <span class='ocrx_word' id='word_1_65' title='bbox 1001 2236 1136 2396; x_wconf 66' lang='lat' dir='ltr'>illustris⁸</span> <span class='ocrx_word' id='word_1_66' title='bbox 1155 2342 1188 2395; x_wconf 91' lang='lat' dir='ltr'>et</span> <span class='ocrx_word' id='word_1_67' title='bbox 1211 2332 1367 2397; x_wconf 83' lang='lat' dir='ltr'>Generosa</span> <span class='ocrx_word' id='word_1_68' title='bbox 1390 2334 1485 2407; x_wconf 89' lang='lat' dir='ltr'>Baro,</span> <span class='ocrx_word' id='word_1_69' title='bbox 1508 2283 1713 2395; x_wconf 72' lang='lat' dir='ltr'>Maecenas</span> <span class='ocrx_word' id='word_1_70' title='bbox 1702 2332 1818 2429; x_wconf 76' lang='lat' dir='ltr'>inclyte,</span> 
     </span>
    </p>
   </div>
   <div class='ocr_carea' id='block_1_5' title="bbox 466 2413 1819 2862">
    <p class='ocr_par' dir='ltr' id='par_1_5' title="bbox 466 2413 1819 2862">
     <span class='ocr_line' id='line_1_9' title="bbox 468 2413 1818 2525; baseline -0.001 -40"><span class='ocrx_word' id='word_1_71' title='bbox 468 2442 507 2485; x_wconf 90' lang='lat' dir='ltr'>ex</span> <span class='ocrx_word' id='word_1_72' title='bbox 529 2441 589 2523; x_wconf 80' lang='lat' dir='ltr'>quo</span> <span class='ocrx_word' id='word_1_73' title='bbox 609 2421 735 2501; x_wconf 88' lang='lat' dir='ltr'>primum</span> <span class='ocrx_word' id='word_1_74' title='bbox 760 2423 799 2484; x_wconf 82' lang='lat' dir='ltr'>ad</span> <span class='ocrx_word' id='word_1_75' title='bbox 823 2441 878 2484; x_wconf 87' lang='lat' dir='ltr'>nos</span> <span class='ocrx_word' id='word_1_76' title='bbox 891 2423 1034 2502; x_wconf 81' lang='lat' dir='ltr'>Prugem</span> <span class='ocrx_word' id='word_1_77' title='bbox 1045 2423 1128 2488; x_wconf 85' lang='lat' dir='ltr'>larua</span> <span class='ocrx_word' id='word_1_78' title='bbox 1140 2423 1246 2486; x_wconf 86' lang='lat' dir='ltr'>Novae</span> <span class='ocrx_word' id='word_1_79' title='bbox 1269 2413 1411 2498; x_wconf 67' lang='lat' dir='ltr'>stellae</span> <span class='ocrx_word' id='word_1_80' title='bbox 1402 2444 1452 2494; x_wconf 83' lang='lat' dir='ltr'>tu</span> <span class='ocrx_word' id='word_1_81' title='bbox 1456 2422 1555 2485; x_wconf 86' lang='lat' dir='ltr'>sidere</span> <span class='ocrx_word' id='word_1_82' title='bbox 1569 2419 1675 2525; x_wconf 74' lang='lat' dir='ltr'>Cygni</span> <span class='ocrx_word' id='word_1_83' title='bbox 1700 2423 1818 2484; x_wconf 66' lang='lat' dir='ltr'>exorta</span> 
     </span>
     <span class='ocr_line' id='line_1_10' title="bbox 466 2507 1819 2596; baseline 0 -24"><span class='ocrx_word' id='word_1_84' title='bbox 466 2510 615 2593; x_wconf 86' lang='lat' dir='ltr'>pervenit.</span> <span class='ocrx_word' id='word_1_85' title='bbox 652 2509 732 2573; x_wconf 87' lang='lat' dir='ltr'>Erat</span> <span class='ocrx_word' id='word_1_86' title='bbox 754 2522 824 2574; x_wconf 90' lang='lat' dir='ltr'>tuuc</span> <span class='ocrx_word' id='word_1_87' title='bbox 843 2531 948 2574; x_wconf 89' lang='lat' dir='ltr'>reeens</span> <span class='ocrx_word' id='word_1_88' title='bbox 960 2512 1061 2575; x_wconf 89' lang='lat' dir='ltr'>uobis</span> <span class='ocrx_word' id='word_1_89' title='bbox 1069 2507 1154 2575; x_wconf 85' lang='lat' dir='ltr'>dolor</span> <span class='ocrx_word' id='word_1_90' title='bbox 1173 2531 1211 2573; x_wconf 89' lang='lat' dir='ltr'>ex</span> <span class='ocrx_word' id='word_1_91' title='bbox 1225 2511 1334 2575; x_wconf 83' lang='lat' dir='ltr'>acerbo</span> <span class='ocrx_word' id='word_1_92' title='bbox 1349 2508 1451 2574; x_wconf 82' lang='lat' dir='ltr'>iuuere</span> <span class='ocrx_word' id='word_1_93' title='bbox 1474 2511 1580 2573; x_wconf 91' lang='lat' dir='ltr'>summi</span> <span class='ocrx_word' id='word_1_94' title='bbox 1597 2512 1655 2572; x_wconf 83' lang='lat' dir='ltr'>vin</span> <span class='ocrx_word' id='word_1_95' title='bbox 1645 2510 1819 2596; x_wconf 57' lang='lat' dir='ltr'>habenis</span> 
     </span>
     <span class='ocr_line' id='line_1_11' title="bbox 466 2594 1817 2684; baseline 0 -22"><span class='ocrx_word' id='word_1_96' title='bbox 466 2600 595 2674; x_wconf 89' lang='lat' dir='ltr'>Brahei,</span> <span class='ocrx_word' id='word_1_97' title='bbox 613 2595 814 2684; x_wconf 82' lang='lat' dir='ltr'>astronomiae</span> <span class='ocrx_word' id='word_1_98' title='bbox 837 2601 1061 2662; x_wconf 74' lang='lat' dir='ltr'><strong>instauratoris</strong></span> <span class='ocrx_word' id='word_1_99' title='bbox 1074 2602 1325 2676; x_wconf 88' lang='lat' dir='ltr'>celebratissimi;</span> <span class='ocrx_word' id='word_1_100' title='bbox 1349 2594 1436 2683; x_wconf 76' lang='lat' dir='ltr'>quem</span> <span class='ocrx_word' id='word_1_101' title='bbox 1459 2603 1526 2663; x_wconf 90' lang='lat' dir='ltr'>cuin</span> <span class='ocrx_word' id='word_1_102' title='bbox 1548 2600 1611 2662; x_wconf 84' lang='lat' dir='ltr'>alia</span> <span class='ocrx_word' id='word_1_103' title='bbox 1633 2600 1817 2668; x_wconf 79' lang='lat' dir='ltr'>multatum</span> 
     </span>
     <span class='ocr_line' id='line_1_12' title="bbox 467 2679 1818 2793; baseline -0.001 -43"><span class='ocrx_word' id='word_1_104' title='bbox 467 2689 532 2750; x_wconf 91' lang='lat' dir='ltr'>hoc</span> <span class='ocrx_word' id='word_1_105' title='bbox 548 2679 662 2791; x_wconf 77' lang='lat' dir='ltr'>quinque</span> <span class='ocrx_word' id='word_1_106' title='bbox 687 2690 833 2752; x_wconf 86' lang='lat' dir='ltr'>reddebat</span> <span class='ocrx_word' id='word_1_107' title='bbox 856 2690 1093 2762; x_wconf 87' lang='lat' dir='ltr'>acerbissimum,</span> <span class='ocrx_word' id='word_1_108' title='bbox 1116 2690 1196 2771; x_wconf 83' lang='lat' dir='ltr'>quod</span> <span class='ocrx_word' id='word_1_109' title='bbox 1219 2693 1258 2755; x_wconf 90' lang='lat' dir='ltr'>ab</span> <span class='ocrx_word' id='word_1_110' title='bbox 1281 2692 1332 2752; x_wconf 91' lang='lat' dir='ltr'>illo</span> <span class='ocrx_word' id='word_1_111' title='bbox 1361 2700 1494 2792; x_wconf 83' lang='lat' dir='ltr'>tempore</span> <span class='ocrx_word' id='word_1_112' title='bbox 1517 2685 1750 2793; x_wconf 65' lang='lat' dir='ltr'>preciosissima</span> <span class='ocrx_word' id='word_1_113' title='bbox 1771 2690 1818 2751; x_wconf 81' lang='lat' dir='ltr'>illa</span> 
     </span>
     <span class='ocr_line' id='line_1_13' title="bbox 468 2777 1817 2862; baseline 0.001 -22"><span class='ocrx_word' id='word_1_114' title='bbox 468 2778 604 2858; x_wconf 80' lang='lat' dir='ltr'>supellex</span> <span class='ocrx_word' id='word_1_115' title='bbox 627 2778 891 2861; x_wconf 83' lang='lat' dir='ltr'>instrumentorum</span> <span class='ocrx_word' id='word_1_116' title='bbox 915 2777 1197 2853; x_wconf 87' lang='lat' dir='ltr'>astronomicorum,</span> <span class='ocrx_word' id='word_1_117' title='bbox 1222 2801 1297 2862; x_wconf 90' lang='lat' dir='ltr'>quae</span> <span class='ocrx_word' id='word_1_118' title='bbox 1321 2780 1488 2842; x_wconf 90' lang='lat' dir='ltr'>Braheus</span> <span class='ocrx_word' id='word_1_119' title='bbox 1480 2800 1509 2841; x_wconf 90' lang='grc' dir='ltr'>ιιι</span> <span class='ocrx_word' id='word_1_120' title='bbox 1532 2778 1718 2841; x_wconf 83' lang='lat' dir='ltr'>Bohemiam</span> <span class='ocrx_word' id='word_1_121' title='bbox 1735 2779 1817 2858; x_wconf 62' lang='lat' dir='ltr'>joca</span> 
     </span>
    </p>
   </div>
   <div class='ocr_carea' id='block_1_6' title="bbox 388 2854 1828 5013">
    <p class='ocr_par' dir='ltr' id='par_1_6' title="bbox 467 2854 1817 3019">
     <span class='ocr_line' id='line_1_14' title="bbox 467 2854 1817 2990; baseline 0 -61"><span class='ocrx_word' id='word_1_122' title='bbox 467 2868 554 2941; x_wconf 82' lang='lat' dir='ltr'>lerat,</span> <span class='ocrx_word' id='word_1_123' title='bbox 580 2868 707 2955; x_wconf 85' lang='lat' dir='ltr'>quodam</span> <span class='ocrx_word' id='word_1_124' title='bbox 730 2854 931 2932; x_wconf 81' lang='lat' dir='ltr'>inextricabili</span> <span class='ocrx_word' id='word_1_125' title='bbox 954 2869 1017 2930; x_wconf 82' lang='lat' dir='ltr'>fato</span> <span class='ocrx_word' id='word_1_126' title='bbox 1045 2869 1187 2990; x_wconf 76' lang='lat' dir='ltr'>claustris</span> <span class='ocrx_word' id='word_1_127' title='bbox 1210 2879 1246 2931; x_wconf 92' lang='lat' dir='ltr'>et</span> <span class='ocrx_word' id='word_1_128' title='bbox 1264 2870 1398 2968; x_wconf 77' lang='lat' dir='ltr'>obicibus</span> <span class='ocrx_word' id='word_1_129' title='bbox 1425 2869 1534 2949; x_wconf 88' lang='lat' dir='ltr'>positis</span> <span class='ocrx_word' id='word_1_130' title='bbox 1545 2865 1800 2940; x_wconf 69' lang='lat' dir='ltr'>delitescebat</span> <span class='ocrx_word' id='word_1_131' title='bbox 1791 2888 1817 2929; x_wconf 90' lang='lat' dir='ltr'>m</span> 
     </span>
     <span class='ocr_line' id='line_1_15' title="bbox 468 2956 1574 3019; baseline 0 0"><span class='ocrx_word' id='word_1_132' title='bbox 468 2956 612 3019; x_wconf 91' lang='lat' dir='ltr'>tenebris.</span> <span class='ocrx_word' id='word_1_133' title='bbox 1497 2989 1500 2998; x_wconf 91' lang='lat'>·</span> <span class='ocrx_word' id='word_1_134' title='bbox 1571 2991 1574 2997; x_wconf 92' lang='lat'><em>·</em></span> 
     </span>
    </p>

    <p class='ocr_par' dir='ltr' id='par_1_7' title="bbox 443 2981 1828 3929">
     <span class='ocr_line' id='line_1_16' title="bbox 558 2981 1818 3125; baseline 0 -18"><span class='ocrx_word' id='word_1_135' title='bbox 558 3022 664 3125; x_wconf 87' lang='lat' dir='ltr'>Itaque</span> <span class='ocrx_word' id='word_1_136' title='bbox 689 3066 754 3108; x_wconf 92' lang='lat' dir='ltr'>cum</span> <span class='ocrx_word' id='word_1_137' title='bbox 777 3065 877 3108; x_wconf 90' lang='lat' dir='ltr'>eorum</span> <span class='ocrx_word' id='word_1_138' title='bbox 900 3066 972 3108; x_wconf 88' lang='lat' dir='ltr'>usus</span> <span class='ocrx_word' id='word_1_139' title='bbox 997 3010 1080 3108; x_wconf 83' lang='lat' dir='ltr'>esset</span> <span class='ocrx_word' id='word_1_140' title='bbox 1102 2981 1173 3109; x_wconf 85' lang='lat' dir='ltr'>mibi</span> <span class='ocrx_word' id='word_1_141' title='bbox 1204 3015 1398 3122; x_wconf 83' lang='lat' dir='ltr'>interclusus,</span> <span class='ocrx_word' id='word_1_142' title='bbox 1428 3055 1484 3108; x_wconf 83' lang='lat' dir='ltr'>tua</span> <span class='ocrx_word' id='word_1_143' title='bbox 1505 3053 1609 3108; x_wconf 79' lang='lat' dir='ltr'>lemen</span> <span class='ocrx_word' id='word_1_144' title='bbox 1634 2999 1818 3108; x_wconf 75' lang='lat' dir='ltr'>liberalitate</span> 
     </span>
     <span class='ocr_line' id='line_1_17' title="bbox 467 3096 1818 3237; baseline -0.001 -40"><span class='ocrx_word' id='word_1_145' title='bbox 467 3136 557 3217; x_wconf 92' lang='lat' dir='ltr'>paulo</span> <span class='ocrx_word' id='word_1_146' title='bbox 581 3143 652 3196; x_wconf 87' lang='lat' dir='ltr'>ante</span> <span class='ocrx_word' id='word_1_147' title='bbox 682 3137 836 3215; x_wconf 88' lang='lat' dir='ltr'>provisum</span> <span class='ocrx_word' id='word_1_148' title='bbox 865 3145 932 3199; x_wconf 91' lang='lat' dir='ltr'>erat</span> <span class='ocrx_word' id='word_1_149' title='bbox 963 3155 1047 3197; x_wconf 90' lang='lat' dir='ltr'>meae</span> <span class='ocrx_word' id='word_1_150' title='bbox 1080 3136 1209 3215; x_wconf 90' lang='lat' dir='ltr'>inopiae</span> <span class='ocrx_word' id='word_1_151' title='bbox 1255 3096 1402 3199; x_wconf 84' lang='lat' dir='ltr'>Nimiruui</span> <span class='ocrx_word' id='word_1_152' title='bbox 1431 3135 1670 3237; x_wconf 79' lang='lat' dir='ltr'>praevideras</span> <span class='ocrx_word' id='word_1_153' title='bbox 1655 3147 1731 3215; x_wconf 75' lang='lat' dir='ltr'>Jam</span> <span class='ocrx_word' id='word_1_154' title='bbox 1752 3137 1818 3196; x_wconf 81' lang='lat' dir='ltr'>aule</span> 
     </span>
     <span class='ocr_line' id='line_1_18' title="bbox 467 3207 1828 3304; baseline -0.001 -17"><span class='ocrx_word' id='word_1_155' title='bbox 467 3224 568 3287; x_wconf 86' lang='lat' dir='ltr'>divino</span> <span class='ocrx_word' id='word_1_156' title='bbox 592 3224 721 3304; x_wconf 90' lang='lat' dir='ltr'>quodam</span> <span class='ocrx_word' id='word_1_157' title='bbox 744 3225 905 3299; x_wconf 91' lang='lat' dir='ltr'>instinctu,</span> <span class='ocrx_word' id='word_1_158' title='bbox 929 3244 1068 3301; x_wconf 86' lang='lat' dir='ltr'>quorsum</span> <span class='ocrx_word' id='word_1_159' title='bbox 1091 3243 1139 3286; x_wconf 88' lang='lat' dir='ltr'>res</span> <span class='ocrx_word' id='word_1_160' title='bbox 1164 3222 1366 3292; x_wconf 75' lang='lat' dir='ltr'>astronomiae</span> <span class='ocrx_word' id='word_1_161' title='bbox 1389 3226 1445 3287; x_wconf 90' lang='lat' dir='ltr'>hoo</span> <span class='ocrx_word' id='word_1_162' title='bbox 1473 3224 1620 3304; x_wconf 85' lang='lat' dir='ltr'>magistro</span> <span class='ocrx_word' id='word_1_163' title='bbox 1641 3207 1828 3293; x_wconf 67' lang='lat' dir='ltr'>,destitutae</span> 
     </span>
     <span class='ocr_line' id='line_1_19' title="bbox 467 3313 1820 3396; baseline 0.002 -22"><span class='ocrx_word' id='word_1_164' title='bbox 467 3314 537 3376; x_wconf 90' lang='lat' dir='ltr'>olim</span> <span class='ocrx_word' id='word_1_165' title='bbox 569 3323 747 3394; x_wconf 81' lang='lat' dir='ltr'>vergerent:</span> <span class='ocrx_word' id='word_1_166' title='bbox 780 3315 882 3395; x_wconf 90' lang='lat' dir='ltr'>itaque</span> <span class='ocrx_word' id='word_1_167' title='bbox 914 3314 989 3392; x_wconf 71' lang='lat' dir='ltr'>vive,</span> <span class='ocrx_word' id='word_1_168' title='bbox 1012 3314 1177 3394; x_wconf 79' lang='lat' dir='ltr'>etiamnum</span> <span class='ocrx_word' id='word_1_169' title='bbox 1198 3315 1318 3382; x_wconf 83' lang='lat' dir='ltr'>Brabee</span> <span class='ocrx_word' id='word_1_170' title='bbox 1339 3324 1373 3396; x_wconf 78' lang='grc' dir='ltr'>ιιι</span> <span class='ocrx_word' id='word_1_171' title='bbox 1400 3316 1451 3376; x_wconf 87' lang='lat' dir='ltr'>vix</span> <span class='ocrx_word' id='word_1_172' title='bbox 1478 3332 1589 3388; x_wconf 86' lang='lat' dir='ltr'>anuum</span> <span class='ocrx_word' id='word_1_173' title='bbox 1616 3313 1649 3376; x_wconf 91' lang='lat' dir='ltr'>iu</span> <span class='ocrx_word' id='word_1_174' title='bbox 1673 3313 1820 3377; x_wconf 79' lang='lat' dir='ltr'>Bobenia</span> 
     </span>
     <span class='ocr_line' id='line_1_20' title="bbox 466 3399 1818 3482; baseline 0.002 -19"><span class='ocrx_word' id='word_1_175' title='bbox 466 3411 606 3477; x_wconf 88' lang='lat' dir='ltr'>versato,</span> <span class='ocrx_word' id='word_1_176' title='bbox 641 3411 758 3482; x_wconf 88' lang='lat' dir='ltr'>partem</span> <span class='ocrx_word' id='word_1_177' title='bbox 788 3419 924 3465; x_wconf 88' lang='lat' dir='ltr'>curarum</span> <span class='ocrx_word' id='word_1_178' title='bbox 954 3402 1032 3466; x_wconf 87' lang='lat' dir='ltr'>ultro</span> <span class='ocrx_word' id='word_1_179' title='bbox 1054 3402 1084 3464; x_wconf 91' lang='lat' dir='ltr'>iu</span> <span class='ocrx_word' id='word_1_180' title='bbox 1108 3399 1141 3464; x_wconf 82' lang='lat' dir='ltr'>te</span> <span class='ocrx_word' id='word_1_181' title='bbox 1172 3401 1377 3478; x_wconf 75' lang='lat' dir='ltr'>transtulisti3</span> <span class='ocrx_word' id='word_1_182' title='bbox 1406 3413 1455 3465; x_wconf 80' lang='grc' dir='ltr'><strong>ιιι·</strong></span> <span class='ocrx_word' id='word_1_183' title='bbox 1466 3402 1507 3464; x_wconf 78' lang='lat' dir='ltr'>iu</span> <span class='ocrx_word' id='word_1_184' title='bbox 1540 3402 1619 3464; x_wconf 92' lang='lat' dir='ltr'>hunc</span> <span class='ocrx_word' id='word_1_185' title='bbox 1652 3403 1818 3466; x_wconf 85' lang='lat' dir='ltr'>luctuosum</span> 
     </span>
     <span class='ocr_line' id='line_1_21' title="bbox 469 3491 1818 3574; baseline 0.001 -21"><span class='ocrx_word' id='word_1_186' title='bbox 469 3502 607 3553; x_wconf 86' lang='lat' dir='ltr'>eventum</span> <span class='ocrx_word' id='word_1_187' title='bbox 629 3491 869 3574; x_wconf 79' lang='lat' dir='ltr'>prudentissimis</span> <span class='ocrx_word' id='word_1_188' title='bbox 892 3492 991 3553; x_wconf 87' lang='lat' dir='ltr'>verbis</span> <span class='ocrx_word' id='word_1_189' title='bbox 1016 3492 1201 3564; x_wconf 80' lang='lat' dir='ltr'>instruxisti:</span> <span class='ocrx_word' id='word_1_190' title='bbox 1231 3493 1356 3572; x_wconf 91' lang='lat' dir='ltr'>denique</span> <span class='ocrx_word' id='word_1_191' title='bbox 1380 3493 1576 3574; x_wconf 88' lang='lat' dir='ltr'>quadrantem</span> <span class='ocrx_word' id='word_1_192' title='bbox 1604 3494 1818 3556; x_wconf 77' lang='lat' dir='ltr'>azimuthalem</span> 
     </span>
     <span class='ocr_line' id='line_1_22' title="bbox 468 3580 1819 3662; baseline 0 -20"><span class='ocrx_word' id='word_1_193' title='bbox 468 3593 500 3642; x_wconf 92' lang='lat' dir='ltr'>et</span> <span class='ocrx_word' id='word_1_194' title='bbox 523 3591 702 3654; x_wconf 78' lang='lat' dir='ltr'>sextantem,</span> <span class='ocrx_word' id='word_1_195' title='bbox 721 3600 764 3656; x_wconf 68' lang='lat' dir='ltr'>ex</span> <span class='ocrx_word' id='word_1_196' title='bbox 788 3582 868 3643; x_wconf 81' lang='lat' dir='ltr'>ferro</span> <span class='ocrx_word' id='word_1_197' title='bbox 884 3580 979 3660; x_wconf 45' lang='lat' dir='ltr'>,huno</span> <span class='ocrx_word' id='word_1_198' title='bbox 1003 3581 1084 3642; x_wconf 89' lang='lat' dir='ltr'>illum</span> <span class='ocrx_word' id='word_1_199' title='bbox 1108 3602 1145 3643; x_wconf 90' lang='lat' dir='ltr'>ex</span> <span class='ocrx_word' id='word_1_200' title='bbox 1160 3583 1320 3655; x_wconf 86' lang='lat' dir='ltr'>orichalco,</span> <span class='ocrx_word' id='word_1_201' title='bbox 1343 3584 1404 3643; x_wconf 88' lang='lat' dir='ltr'>tuis</span> <span class='ocrx_word' id='word_1_202' title='bbox 1427 3582 1573 3643; x_wconf 88' lang='lat' dir='ltr'>sumtibus</span> <span class='ocrx_word' id='word_1_203' title='bbox 1597 3582 1640 3643; x_wconf 84' lang='lat' dir='ltr'>ad</span> <span class='ocrx_word' id='word_1_204' title='bbox 1659 3581 1819 3662; x_wconf 81' lang='lat' dir='ltr'>imaginem</span> 
     </span>
     <span class='ocr_line' id='line_1_23' title="bbox 443 3671 1820 3751; baseline 0 -20"><span class='ocrx_word' id='word_1_205' title='bbox 443 3671 695 3732; x_wconf 89' lang='lat' dir='ltr'>-Braheanorum</span> <span class='ocrx_word' id='word_1_206' title='bbox 730 3672 934 3740; x_wconf 75' lang='lat' dir='ltr'>conformatos</span> <span class='ocrx_word' id='word_1_207' title='bbox 967 3671 1107 3732; x_wconf 90' lang='lat' dir='ltr'>nonnullo</span> <span class='ocrx_word' id='word_1_208' title='bbox 1141 3682 1239 3733; x_wconf 88' lang='lat' dir='ltr'>sumtu</span> <span class='ocrx_word' id='word_1_209' title='bbox 1272 3671 1472 3751; x_wconf 78' lang='lat' dir='ltr'>comparasti:</span> <span class='ocrx_word' id='word_1_210' title='bbox 1507 3690 1583 3751; x_wconf 90' lang='lat' dir='ltr'>quae</span> <span class='ocrx_word' id='word_1_211' title='bbox 1618 3671 1820 3741; x_wconf 76' lang='lat' dir='ltr'>iustrumenta</span> 
     </span>
     <span class='ocr_line' id='line_1_24' title="bbox 471 3759 1819 3839; baseline 0.001 -19"><span class='ocrx_word' id='word_1_212' title='bbox 471 3760 590 3820; x_wconf 90' lang='lat' dir='ltr'>Braheo</span> <span class='ocrx_word' id='word_1_213' title='bbox 615 3769 749 3832; x_wconf 88' lang='lat' dir='ltr'>mortuo,</span> <span class='ocrx_word' id='word_1_214' title='bbox 781 3761 870 3839; x_wconf 90' lang='lat' dir='ltr'>paulo</span> <span class='ocrx_word' id='word_1_215' title='bbox 893 3760 976 3838; x_wconf 90' lang='lat' dir='ltr'>prius</span> <span class='ocrx_word' id='word_1_216' title='bbox 1009 3780 1096 3839; x_wconf 87' lang='lat' dir='ltr'>quam</span> <span class='ocrx_word' id='word_1_217' title='bbox 1121 3761 1157 3822; x_wconf 91' lang='lat' dir='ltr'>de</span> <span class='ocrx_word' id='word_1_218' title='bbox 1182 3762 1273 3822; x_wconf 87' lang='lat' dir='ltr'>stella</span> <span class='ocrx_word' id='word_1_219' title='bbox 1303 3761 1505 3833; x_wconf 90' lang='lat' dir='ltr'>audissemus,</span> <span class='ocrx_word' id='word_1_220' title='bbox 1537 3759 1612 3821; x_wconf 90' lang='lat' dir='ltr'>meis</span> <span class='ocrx_word' id='word_1_221' title='bbox 1639 3760 1748 3824; x_wconf 89' lang='lat' dir='ltr'>usibus</span> <span class='ocrx_word' id='word_1_222' title='bbox 1771 3762 1819 3822; x_wconf 81' lang='lat' dir='ltr'>abs</span> 
     </span>
     <span class='ocr_line' id='line_1_25' title="bbox 472 3848 995 3929; baseline 0 -20"><span class='ocrx_word' id='word_1_223' title='bbox 472 3848 510 3909; x_wconf 89' lang='lat' dir='ltr'>G.</span> <span class='ocrx_word' id='word_1_224' title='bbox 536 3849 601 3910; x_wconf 88' lang='lat' dir='ltr'>Tua</span> <span class='ocrx_word' id='word_1_225' title='bbox 623 3850 995 3929; x_wconf 85' lang='lat' dir='ltr'>permissa&#39;possidebam.</span> 
     </span>
    </p>

    <p class='ocr_par' dir='ltr' id='par_1_8' title="bbox 388 3936 1818 4908">
     <span class='ocr_line' id='line_1_26' title="bbox 559 3936 1818 4023; baseline 0.004 -26"><span class='ocrx_word' id='word_1_226' title='bbox 559 3936 645 4007; x_wconf 84' lang='lat' dir='ltr'>Quae</span> <span class='ocrx_word' id='word_1_227' title='bbox 669 3939 770 4019; x_wconf 91' lang='lat' dir='ltr'>itaque</span> <span class='ocrx_word' id='word_1_228' title='bbox 795 3939 824 3999; x_wconf 88' lang='lat' dir='ltr'>in</span> <span class='ocrx_word' id='word_1_229' title='bbox 849 3937 904 3999; x_wconf 89' lang='lat' dir='ltr'>hac</span> <span class='ocrx_word' id='word_1_230' title='bbox 929 3938 1020 3999; x_wconf 88' lang='lat' dir='ltr'>stella</span> <span class='ocrx_word' id='word_1_231' title='bbox 1042 3937 1125 3998; x_wconf 91' lang='lat' dir='ltr'>hisce</span> <span class='ocrx_word' id='word_1_232' title='bbox 1150 3937 1209 3999; x_wconf 91' lang='lat' dir='ltr'>tuis</span> <span class='ocrx_word' id='word_1_233' title='bbox 1232 3938 1437 4001; x_wconf 87' lang='lat' dir='ltr'>instrumentis</span> <span class='ocrx_word' id='word_1_234' title='bbox 1467 3937 1708 4002; x_wconf 83' lang='lat' dir='ltr'>observaveram&#39;</span> <span class='ocrx_word' id='word_1_235' title='bbox 1731 3960 1818 4023; x_wconf 71' lang='lat' dir='ltr'>quae-</span> 
     </span>
     <span class='ocr_line' id='line_1_27' title="bbox 470 4027 1818 4113; baseline 0.008 -27"><span class='ocrx_word' id='word_1_236' title='bbox 470 4046 526 4105; x_wconf 92' lang='lat' dir='ltr'>que</span> <span class='ocrx_word' id='word_1_237' title='bbox 550 4028 586 4086; x_wconf 90' lang='lat' dir='ltr'>de</span> <span class='ocrx_word' id='word_1_238' title='bbox 606 4046 643 4086; x_wconf 89' lang='lat' dir='ltr'>ea</span> <span class='ocrx_word' id='word_1_239' title='bbox 666 4027 792 4088; x_wconf 88' lang='lat' dir='ltr'>dicenda</span> <span class='ocrx_word' id='word_1_240' title='bbox 810 4036 914 4088; x_wconf 88' lang='lat' dir='ltr'>essent</span> <span class='ocrx_word' id='word_1_241' title='bbox 938 4036 1117 4101; x_wconf 82' lang='lat' dir='ltr'>astronomo,</span> <span class='ocrx_word' id='word_1_242' title='bbox 1142 4028 1194 4089; x_wconf 91' lang='lat' dir='ltr'>illo</span> <span class='ocrx_word' id='word_1_243' title='bbox 1214 4047 1291 4089; x_wconf 89' lang='lat' dir='ltr'>anno</span> <span class='ocrx_word' id='word_1_244' title='bbox 1310 4029 1477 4107; x_wconf 88' lang='lat' dir='ltr'>perscripta</span> <span class='ocrx_word' id='word_1_245' title='bbox 1497 4036 1527 4088; x_wconf 91' lang='lat' dir='ltr'>et</span> <span class='ocrx_word' id='word_1_246' title='bbox 1541 4029 1647 4106; x_wconf 90' lang='lat' dir='ltr'>paucis</span> <span class='ocrx_word' id='word_1_247' title='bbox 1672 4032 1818 4113; x_wconf 85' lang='lat' dir='ltr'>aliquibus</span> 
     </span>
     <span class='ocr_line' id='line_1_28' title="bbox 474 4114 1817 4197; baseline 0.007 -22"><span class='ocrx_word' id='word_1_248' title='bbox 474 4114 691 4176; x_wconf 88' lang='lat' dir='ltr'>communicata</span> <span class='ocrx_word' id='word_1_249' title='bbox 714 4117 884 4195; x_wconf 86' lang='lat' dir='ltr'>cogitabam</span> <span class='ocrx_word' id='word_1_250' title='bbox 909 4118 996 4177; x_wconf 84' lang='lat' dir='ltr'>edere</span> <span class='ocrx_word' id='word_1_251' title='bbox 1016 4117 1135 4197; x_wconf 79' lang='lat' dir='ltr'>Tuoque</span> <span class='ocrx_word' id='word_1_252' title='bbox 1150 4117 1271 4179; x_wconf 88' lang='lat' dir='ltr'>Nomini</span> <span class='ocrx_word' id='word_1_253' title='bbox 1295 4116 1451 4191; x_wconf 67' lang='lat' dir='ltr'>dedicare}</span> <span class='ocrx_word' id='word_1_254' title='bbox 1476 4136 1564 4197; x_wconf 89' lang='lat' dir='ltr'>quarn</span> <span class='ocrx_word' id='word_1_255' title='bbox 1587 4120 1817 4196; x_wconf 82' lang='lat' dir='ltr'>promissionem</span> 
     </span>
     <span class='ocr_line' id='line_1_29' title="bbox 473 4204 1816 4293; baseline 0.008 -28"><span class='ocrx_word' id='word_1_256' title='bbox 473 4204 634 4265; x_wconf 89' lang='lat' dir='ltr'>meministi</span> <span class='ocrx_word' id='word_1_257' title='bbox 657 4225 703 4265; x_wconf 89' lang='lat' dir='ltr'>me</span> <span class='ocrx_word' id='word_1_258' title='bbox 728 4226 828 4267; x_wconf 89' lang='lat' dir='ltr'>coram</span> <span class='ocrx_word' id='word_1_259' title='bbox 854 4207 961 4268; x_wconf 85' lang='lat' dir='ltr'>iacere.</span> <span class='ocrx_word' id='word_1_260' title='bbox 996 4205 1064 4268; x_wconf 78' lang='lat' dir='ltr'>Non</span> <span class='ocrx_word' id='word_1_261' title='bbox 1090 4207 1168 4284; x_wconf 90' lang='lat' dir='ltr'>quod</span> <span class='ocrx_word' id='word_1_262' title='bbox 1191 4227 1228 4266; x_wconf 91' lang='lat' dir='ltr'>ex</span> <span class='ocrx_word' id='word_1_263' title='bbox 1247 4206 1302 4268; x_wconf 87' lang='lat' dir='ltr'>heo</span> <span class='ocrx_word' id='word_1_264' title='bbox 1327 4207 1504 4268; x_wconf 89' lang='lat' dir='ltr'>tenuissima</span> <span class='ocrx_word' id='word_1_265' title='bbox 1525 4206 1695 4286; x_wconf 86' lang='lat' dir='ltr'>scriptione</span> <span class='ocrx_word' id='word_1_266' title='bbox 1720 4216 1816 4293; x_wconf 88' lang='lat' dir='ltr'>splen·</span> 
     </span>
     <span class='ocr_line' id='line_1_30' title="bbox 416 4293 1816 4383; baseline 0.007 -30"><span class='ocrx_word' id='word_1_267' title='bbox 416 4350 421 4363; x_wconf 87' lang='grc'>,</span> <span class='ocrx_word' id='word_1_268' title='bbox 474 4294 554 4354; x_wconf 92' lang='lat' dir='ltr'>doris</span> <span class='ocrx_word' id='word_1_269' title='bbox 575 4293 684 4373; x_wconf 90' lang='lat' dir='ltr'>aliquid</span> <span class='ocrx_word' id='word_1_270' title='bbox 701 4295 816 4356; x_wconf 86' lang='lat' dir='ltr'>Illustri</span> <span class='ocrx_word' id='word_1_271' title='bbox 835 4296 897 4357; x_wconf 93' lang='lat' dir='ltr'>Tuo</span> <span class='ocrx_word' id='word_1_272' title='bbox 912 4294 1032 4356; x_wconf 92' lang='lat' dir='ltr'>Nomini</span> <span class='ocrx_word' id='word_1_273' title='bbox 1056 4313 1244 4356; x_wconf 86' lang='lat' dir='ltr'>accessurum</span> <span class='ocrx_word' id='word_1_274' title='bbox 1268 4315 1441 4375; x_wconf 72' lang='lat' dir='ltr'>sperarem,</span> <span class='ocrx_word' id='word_1_275' title='bbox 1454 4296 1506 4357; x_wconf 91' lang='lat' dir='ltr'>sed</span> <span class='ocrx_word' id='word_1_276' title='bbox 1526 4294 1597 4376; x_wconf 93' lang='lat' dir='ltr'>quia</span> <span class='ocrx_word' id='word_1_277' title='bbox 1617 4300 1816 4383; x_wconf 85' lang='lat' dir='ltr'>maximopere</span> 
     </span>
     <span class='ocr_line' id='line_1_31' title="bbox 473 4384 1815 4466; baseline 0.008 -23"><span class='ocrx_word' id='word_1_278' title='bbox 473 4384 510 4444; x_wconf 87' lang='lat' dir='ltr'>ad</span> <span class='ocrx_word' id='word_1_279' title='bbox 535 4403 632 4443; x_wconf 89' lang='lat' dir='ltr'>meam</span> <span class='ocrx_word' id='word_1_280' title='bbox 657 4385 908 4445; x_wconf 90' lang='lat' dir='ltr'>existimationem</span> <span class='ocrx_word' id='word_1_281' title='bbox 931 4385 1080 4461; x_wconf 87' lang='lat' dir='ltr'>pertinere</span> <span class='ocrx_word' id='word_1_282' title='bbox 1105 4384 1284 4458; x_wconf 90' lang='lat' dir='ltr'>arbitrabar,</span> <span class='ocrx_word' id='word_1_283' title='bbox 1307 4386 1401 4464; x_wconf 91' lang='lat' dir='ltr'>primo</span> <span class='ocrx_word' id='word_1_284' title='bbox 1425 4401 1539 4465; x_wconf 92' lang='lat' dir='ltr'>quoque</span> <span class='ocrx_word' id='word_1_285' title='bbox 1562 4395 1706 4466; x_wconf 89' lang='lat' dir='ltr'>tempore</span> <span class='ocrx_word' id='word_1_286' title='bbox 1731 4392 1815 4454; x_wconf 79' lang='lat' dir='ltr'>docu-</span> 
     </span>
     <span class='ocr_line' id='line_1_32' title="bbox 472 4472 1815 4553; baseline 0.003 -20"><span class='ocrx_word' id='word_1_287' title='bbox 472 4483 603 4534; x_wconf 87' lang='lat' dir='ltr'>mentum</span> <span class='ocrx_word' id='word_1_288' title='bbox 627 4474 714 4534; x_wconf 89' lang='lat' dir='ltr'>edere</span> <span class='ocrx_word' id='word_1_289' title='bbox 738 4472 887 4552; x_wconf 89' lang='lat' dir='ltr'>publicum</span> <span class='ocrx_word' id='word_1_290' title='bbox 911 4492 995 4534; x_wconf 90' lang='lat' dir='ltr'>meae</span> <span class='ocrx_word' id='word_1_291' title='bbox 1019 4472 1110 4535; x_wconf 90' lang='lat' dir='ltr'>iuG.</span> <span class='ocrx_word' id='word_1_292' title='bbox 1136 4475 1230 4534; x_wconf 89' lang='lat' dir='ltr'>Tuam</span> <span class='ocrx_word' id='word_1_293' title='bbox 1254 4474 1457 4553; x_wconf 81' lang='lat' dir='ltr'>gratitudinis.</span> <span class='ocrx_word' id='word_1_294' title='bbox 1503 4473 1626 4536; x_wconf 85' lang='lat' dir='ltr'>Etenim</span> <span class='ocrx_word' id='word_1_295' title='bbox 1651 4479 1681 4539; x_wconf 94' lang='lat' dir='ltr'>si</span> <span class='ocrx_word' id='word_1_296' title='bbox 1708 4498 1815 4543; x_wconf 81' lang='lat' dir='ltr'>omnem</span> 
     </span>
     <span class='ocr_line' id='line_1_33' title="bbox 388 4562 1814 4645; baseline 0.006 -24"><span class='ocrx_word' id='word_1_297' title='bbox 388 4587 392 4595; x_wconf 90' lang='lat'><em>·</em></span> <span class='ocrx_word' id='word_1_298' title='bbox 470 4562 527 4623; x_wconf 88' lang='lat' dir='ltr'>mei</span> <span class='ocrx_word' id='word_1_299' title='bbox 551 4581 740 4642; x_wconf 87' lang='lat' dir='ltr'>meorumque</span> <span class='ocrx_word' id='word_1_300' title='bbox 766 4562 901 4623; x_wconf 83' lang='lat' dir='ltr'>fortunae</span> <span class='ocrx_word' id='word_1_301' title='bbox 925 4562 1031 4623; x_wconf 88' lang='lat' dir='ltr'>seriem</span> <span class='ocrx_word' id='word_1_302' title='bbox 1056 4562 1153 4624; x_wconf 85' lang='lat' dir='ltr'>animo</span> <span class='ocrx_word' id='word_1_303' title='bbox 1176 4583 1372 4641; x_wconf 87' lang='lat' dir='ltr'>pererrarem,</span> <span class='ocrx_word' id='word_1_304' title='bbox 1395 4562 1508 4625; x_wconf 90' lang='lat' dir='ltr'>nulla</span> <span class='ocrx_word' id='word_1_305' title='bbox 1500 4583 1530 4623; x_wconf 91' lang='grc' dir='ltr'>ιιι</span> <span class='ocrx_word' id='word_1_306' title='bbox 1553 4583 1591 4624; x_wconf 89' lang='lat' dir='ltr'>ea</span> <span class='ocrx_word' id='word_1_307' title='bbox 1614 4583 1701 4645; x_wconf 90' lang='lat' dir='ltr'>pars,</span> <span class='ocrx_word' id='word_1_308' title='bbox 1726 4569 1814 4632; x_wconf 87' lang='lat' dir='ltr'>nullus</span> 
     </span>
     <span class='ocr_line' id='line_1_34' title="bbox 393 4651 1814 4732; baseline 0.006 -22"><span class='ocrx_word' id='word_1_309' title='bbox 393 4684 395 4687; x_wconf 40' lang='lat'><em>⁴</em></span> <span class='ocrx_word' id='word_1_310' title='bbox 471 4651 614 4712; x_wconf 89' lang='lat' dir='ltr'>articulus</span> <span class='ocrx_word' id='word_1_311' title='bbox 647 4651 839 4724; x_wconf 87' lang='lat' dir='ltr'>occurrebat,</span> <span class='ocrx_word' id='word_1_312' title='bbox 871 4671 958 4732; x_wconf 87' lang='lat' dir='ltr'>quern</span> <span class='ocrx_word' id='word_1_313' title='bbox 982 4670 1038 4712; x_wconf 92' lang='lat' dir='ltr'>non</span> <span class='ocrx_word' id='word_1_314' title='bbox 1073 4671 1235 4713; x_wconf 87' lang='lat' dir='ltr'>connexum</span> <span class='ocrx_word' id='word_1_315' title='bbox 1269 4653 1431 4714; x_wconf 87' lang='lat' dir='ltr'>fortissime</span> <span class='ocrx_word' id='word_1_316' title='bbox 1462 4654 1617 4715; x_wconf 84' lang='lat' dir='ltr'>firmasset</span> <span class='ocrx_word' id='word_1_317' title='bbox 1640 4656 1712 4720; x_wconf 85' lang='lat' dir='ltr'>Tua</span> <span class='ocrx_word' id='word_1_318' title='bbox 1737 4659 1814 4721; x_wconf 90' lang='lat' dir='ltr'>unius</span> 
     </span>
     <span class='ocr_line' id='line_1_35' title="bbox 472 4739 1812 4830; baseline 0.007 -32"><span class='ocrx_word' id='word_1_319' title='bbox 472 4739 646 4801; x_wconf 88' lang='lat' dir='ltr'>beneficent</span> <span class='ocrx_word' id='word_1_320' title='bbox 625 4748 678 4804; x_wconf 81' lang='lat' dir='ltr'>t.1a</span> <span class='ocrx_word' id='word_1_321' title='bbox 725 4741 771 4801; x_wconf 85' lang='lat' dir='ltr'>Ac</span> <span class='ocrx_word' id='word_1_322' title='bbox 795 4761 831 4801; x_wconf 89' lang='lat' dir='ltr'>ne</span> <span class='ocrx_word' id='word_1_323' title='bbox 864 4741 1003 4807; x_wconf 89' lang='lat' dir='ltr'>multis</span> <span class='ocrx_word' id='word_1_324' title='bbox 996 4761 1024 4802; x_wconf 91' lang='grc' dir='ltr'>ιιι</span> <span class='ocrx_word' id='word_1_325' title='bbox 1058 4741 1140 4802; x_wconf 89' lang='lat' dir='ltr'>brevi</span> <span class='ocrx_word' id='word_1_326' title='bbox 1171 4741 1294 4803; x_wconf 87' lang='lat' dir='ltr'>charta</span> <span class='ocrx_word' id='word_1_327' title='bbox 1326 4751 1461 4821; x_wconf 87' lang='lat' dir='ltr'>poteram</span> <span class='ocrx_word' id='word_1_328' title='bbox 1492 4751 1562 4805; x_wconf 91' lang='lat' dir='ltr'>tunc</span> <span class='ocrx_word' id='word_1_329' title='bbox 1589 4744 1659 4824; x_wconf 88' lang='lat' dir='ltr'>jure</span> <span class='ocrx_word' id='word_1_330' title='bbox 1694 4748 1812 4830; x_wconf 84' lang='lat' dir='ltr'>quodam</span> 
     </span>
     <span class='ocr_line' id='line_1_36' title="bbox 472 4829 1417 4908; baseline 0.004 -20"><span class='ocrx_word' id='word_1_331' title='bbox 472 4829 572 4890; x_wconf 83' lang='lat' dir='ltr'>efferri</span> <span class='ocrx_word' id='word_1_332' title='bbox 593 4830 748 4907; x_wconf 83' lang='lat' dir='ltr'>magnifice</span> <span class='ocrx_word' id='word_1_333' title='bbox 772 4837 891 4889; x_wconf 89' lang='lat' dir='ltr'>etcum</span> <span class='ocrx_word' id='word_1_334' title='bbox 916 4830 1011 4891; x_wconf 84' lang='lat' dir='ltr'>Aeolo</span> <span class='ocrx_word' id='word_1_335' title='bbox 1039 4830 1205 4908; x_wconf 84' lang='lat' dir='ltr'>Virgiliano</span> <span class='ocrx_word' id='word_1_336' title='bbox 1231 4833 1417 4893; x_wconf 87' lang='lat' dir='ltr'>exclamare:</span> 
     </span>
    </p>

    <p class='ocr_par' dir='ltr' id='par_1_9' title="bbox 708 4937 1564 5013">
     <span class='ocr_line' id='line_1_37' title="bbox 708 4937 1564 5013; baseline 0.007 -22"><span class='ocrx_word' id='word_1_337' title='bbox 708 4938 749 4991; x_wconf 85' lang='lat' dir='ltr'>Tu</span> <span class='ocrx_word' id='word_1_338' title='bbox 770 4937 834 4989; x_wconf 87' lang='lat' dir='ltr'>mihi</span> <span class='ocrx_word' id='word_1_339' title='bbox 855 4940 1031 5008; x_wconf 81' lang='lat' dir='ltr'>quodcunque</span> <span class='ocrx_word' id='word_1_340' title='bbox 1050 4939 1103 4991; x_wconf 85' lang='lat' dir='ltr'>hoe</span> <span class='ocrx_word' id='word_1_341' title='bbox 1124 4942 1211 5011; x_wconf 84' lang='lat' dir='ltr'>regni.</span> <span class='ocrx_word' id='word_1_342' title='bbox 1235 4950 1263 4994; x_wconf 90' lang='lat' dir='ltr'>tu</span> <span class='ocrx_word' id='word_1_343' title='bbox 1286 4952 1409 5011; x_wconf 85' lang='lat' dir='ltr'>sceptra</span> <span class='ocrx_word' id='word_1_344' title='bbox 1416 4945 1564 5013; x_wconf 81' lang='lat' dir='ltr'>Joremque</span> 
     </span>
    </p>
   </div>
   <div class='ocr_carea' id='block_1_7' title="bbox 708 5018 1447 5174">
    <p class='ocr_par' dir='ltr' id='par_1_10' title="bbox 708 5018 1437 5174">
     <span class='ocr_line' id='line_1_38' title="bbox 710 5018 1398 5100; baseline 0.009 -32"><span class='ocrx_word' id='word_1_345' title='bbox 710 5018 853 5077; x_wconf 83' lang='lat' dir='ltr'>Concilias.</span> <span class='ocrx_word' id='word_1_346' title='bbox 877 5026 905 5070; x_wconf 90' lang='lat' dir='ltr'>tu</span> <span class='ocrx_word' id='word_1_347' title='bbox 928 5022 975 5071; x_wconf 85' lang='lat' dir='ltr'>das</span> <span class='ocrx_word' id='word_1_348' title='bbox 997 5022 1086 5089; x_wconf 82' lang='lat' dir='ltr'>epulis</span> <span class='ocrx_word' id='word_1_349' title='bbox 1108 5023 1269 5100; x_wconf 82' lang='lat' dir='ltr'>accumbere</span> <span class='ocrx_word' id='word_1_350' title='bbox 1290 5024 1398 5085; x_wconf 73' lang='lat' dir='ltr'>Dirum,</span> 
     </span>
     <span class='ocr_line' id='line_1_39' title="bbox 708 5089 1447 5174; baseline 0.01 -25"><span class='ocrx_word' id='word_1_351' title='bbox 708 5097 917 5169; x_wconf 90' lang='lat' dir='ltr'>Nimborumque</span> <span class='ocrx_word' id='word_1_352' title='bbox 939 5100 1006 5152; x_wconf 82' lang='lat' dir='ltr'>facis</span> <span class='ocrx_word' id='word_1_353' title='bbox 1028 5089 1277 5173; x_wconf 78' lang='lat' dir='ltr'>tempestatumque</span> <span class='ocrx_word' id='word_1_354' title='bbox 1298 5111 1447 5174; x_wconf 79' lang='lat' dir='ltr'>potentem</span> 
     </span>
    </p>
   </div>
   <div class='ocr_carea' id='block_1_8' title="bbox 0 0 2296 6192">
    <p class='ocr_par' dir='ltr' id='par_1_11' title="bbox 0 0 2296 6192">
     <span class='ocr_line' id='line_1_40' title="bbox 0 0 2296 6192; baseline 0 1"><span class='ocrx_word' id='word_1_355' title='bbox 0 0 2296 6192; x_wconf 95' lang='lat' dir='ltr'> </span> 
     </span>
    </p>
   </div>
  </div>
 </body>
</html>
