<?xml version="1.0" encoding="UTF-8"?>
<!DOCTYPE html PUBLIC "-//W3C//DTD XHTML 1.0 Transitional//EN"
    "http://www.w3.org/TR/xhtml1/DTD/xhtml1-transitional.dtd">
<html xmlns="http://www.w3.org/1999/xhtml" xml:lang="en" lang="en">
 <head>
  <title>
</title>
<meta http-equiv="Content-Type" content="text/html;charset=utf-8" />
  <meta name='ocr-system' content='tesseract 3.04.00' />
  <meta name='ocr-capabilities' content='ocr_page ocr_carea ocr_par ocr_line ocrx_word'/>
</head>
<body>
  <div class='ocr_page' id='page_1' title='image "./joanniskepleria02frisgoog_0513.png"; bbox 0 0 4584 6192; ppageno 0'>
   <div class='ocr_carea' id='block_1_1' title="bbox 410 597 1356 714">
    <p class='ocr_par' dir='ltr' id='par_1_1' title="bbox 410 597 1356 714">
     <span class='ocr_line' id='line_1_1' title="bbox 410 597 1356 714; baseline -0.024 -19"><span class='ocrx_word' id='word_1_1' title='bbox 410 597 414 604; x_wconf 93' lang='lat'>.</span> <span class='ocrx_word' id='word_1_2' title='bbox 504 626 571 695; x_wconf 81' lang='lat'><strong>502</strong></span> <span class='ocrx_word' id='word_1_3' title='bbox 1106 622 1256 674; x_wconf 71' lang='lat' dir='ltr'><strong>Dissertatio</strong></span> <span class='ocrx_word' id='word_1_4' title='bbox 1350 701 1356 714; x_wconf 32' lang='lat'><strong>·</strong></span> 
     </span>
    </p>
   </div>
   <div class='ocr_carea' id='block_1_2' title="bbox 414 796 1869 5232">
    <p class='ocr_par' dir='ltr' id='par_1_2' title="bbox 414 796 1869 2024">
     <span class='ocr_line' id='line_1_2' title="bbox 503 796 1860 876; baseline 0.001 -13"><span class='ocrx_word' id='word_1_5' title='bbox 503 822 541 864; x_wconf 81' lang='lat' dir='ltr'><strong>ex</strong></span> <span class='ocrx_word' id='word_1_6' title='bbox 564 802 665 862; x_wconf 88' lang='lat' dir='ltr'><strong>Bruno</strong></span> <span class='ocrx_word' id='word_1_7' title='bbox 689 806 856 861; x_wconf 81' lang='lat' dir='ltr'><strong>mutuatam</strong></span> <span class='ocrx_word' id='word_1_8' title='bbox 880 796 1048 856; x_wconf 81' lang='lat' dir='ltr'><strong>doctrinam</strong></span> <span class='ocrx_word' id='word_1_9' title='bbox 1074 800 1231 870; x_wconf 89' lang='lat' dir='ltr'><strong>emendas,</strong></span> <span class='ocrx_word' id='word_1_10' title='bbox 1264 799 1373 876; x_wconf 89' lang='lat' dir='ltr'><strong>partim</strong></span> <span class='ocrx_word' id='word_1_11' title='bbox 1398 807 1429 858; x_wconf 91' lang='lat' dir='ltr'><strong>et</strong></span> <span class='ocrx_word' id='word_1_12' title='bbox 1459 800 1578 868; x_wconf 87' lang='lat' dir='ltr'><strong>dubiam</strong></span> <span class='ocrx_word' id='word_1_13' title='bbox 1602 802 1712 863; x_wconf 88' lang='lat' dir='ltr'><strong>reddis.</strong></span> <span class='ocrx_word' id='word_1_14' title='bbox 1761 803 1860 865; x_wconf 87' lang='lat' dir='ltr'><strong>Puta-</strong></span> 
     </span>
     <span class='ocr_line' id='line_1_3' title="bbox 503 885 1858 965; baseline 0.002 -12"><span class='ocrx_word' id='word_1_15' title='bbox 503 892 578 953; x_wconf 87' lang='lat' dir='ltr'><strong>bant</strong></span> <span class='ocrx_word' id='word_1_16' title='bbox 606 890 658 962; x_wconf 91' lang='lat' dir='ltr'><strong>illi,</strong></span> <span class='ocrx_word' id='word_1_17' title='bbox 689 886 834 948; x_wconf 84' lang='lat' dir='ltr'><strong>circumiri</strong></span> <span class='ocrx_word' id='word_1_18' title='bbox 866 885 956 945; x_wconf 89' lang='lat' dir='ltr'><strong>etiam</strong></span> <span class='ocrx_word' id='word_1_19' title='bbox 986 885 1048 945; x_wconf 88' lang='lat' dir='ltr'><strong>alia</strong></span> <span class='ocrx_word' id='word_1_20' title='bbox 1078 906 1204 965; x_wconf 91' lang='lat' dir='ltr'><strong>corpora</strong></span> <span class='ocrx_word' id='word_1_21' title='bbox 1228 885 1289 947; x_wconf 91' lang='lat' dir='ltr'><strong>suis</strong></span> <span class='ocrx_word' id='word_1_22' title='bbox 1313 886 1425 959; x_wconf 90' lang='lat' dir='ltr'><strong>Lunis,</strong></span> <span class='ocrx_word' id='word_1_23' title='bbox 1464 898 1497 949; x_wconf 89' lang='lat' dir='ltr'><strong>nt</strong></span> <span class='ocrx_word' id='word_1_24' title='bbox 1519 890 1621 951; x_wconf 81' lang='lat' dir='ltr'>Tellus</span> <span class='ocrx_word' id='word_1_25' title='bbox 1653 899 1759 952; x_wconf 88' lang='lat' dir='ltr'><strong>nostra</strong></span> <span class='ocrx_word' id='word_1_26' title='bbox 1792 912 1858 956; x_wconf 88' lang='lat' dir='ltr'><strong>sua.</strong></span> 
     </span>
     <span class='ocr_line' id='line_1_4' title="bbox 504 973 1856 1056; baseline 0 -15"><span class='ocrx_word' id='word_1_27' title='bbox 504 981 618 1041; x_wconf 91' lang='lat' dir='ltr'><strong>Verum</strong></span> <span class='ocrx_word' id='word_1_28' title='bbox 643 978 711 1038; x_wconf 90' lang='lat' dir='ltr'><strong>illos</strong></span> <span class='ocrx_word' id='word_1_29' title='bbox 734 976 763 1036; x_wconf 92' lang='lat' dir='ltr'><strong>in</strong></span> <span class='ocrx_word' id='word_1_30' title='bbox 787 994 895 1053; x_wconf 85' lang='lat' dir='ltr'><strong>genere</strong></span> <span class='ocrx_word' id='word_1_31' title='bbox 920 973 1033 1034; x_wconf 79' lang='lat' dir='ltr'><strong>dixisse</strong></span> <span class='ocrx_word' id='word_1_32' title='bbox 1058 975 1264 1046; x_wconf 87' lang='lat' dir='ltr'><strong>demonstras;</strong></span> <span class='ocrx_word' id='word_1_33' title='bbox 1302 985 1334 1035; x_wconf 91' lang='lat' dir='ltr'><strong>at</strong></span> <span class='ocrx_word' id='word_1_34' title='bbox 1362 976 1511 1054; x_wconf 88' lang='lat' dir='ltr'><strong>putabant</strong></span> <span class='ocrx_word' id='word_1_35' title='bbox 1538 979 1614 1039; x_wconf 84' lang='lat' dir='ltr'><strong>fixas</strong></span> <span class='ocrx_word' id='word_1_36' title='bbox 1645 980 1753 1041; x_wconf 88' lang='lat' dir='ltr'><strong>stellas</strong></span> <span class='ocrx_word' id='word_1_37' title='bbox 1779 1001 1856 1056; x_wconf 87' lang='lat' dir='ltr'><strong>esse,</strong></span> 
     </span>
     <span class='ocr_line' id='line_1_5' title="bbox 414 1063 1857 1151; baseline 0.001 -22"><span class='ocrx_word' id='word_1_38' title='bbox 414 1141 417 1146; x_wconf 8' lang='grc' dir='ltr'>ξ</span> <span class='ocrx_word' id='word_1_39' title='bbox 503 1087 580 1151; x_wconf 89' lang='lat' dir='ltr'><strong>quae</strong></span> <span class='ocrx_word' id='word_1_40' title='bbox 604 1066 647 1126; x_wconf 91' lang='lat' dir='ltr'><strong>sic</strong></span> <span class='ocrx_word' id='word_1_41' title='bbox 672 1063 908 1136; x_wconf 67' lang='lat' dir='ltr'><strong>circumuentum</strong></span> <span class='ocrx_word' id='word_1_42' title='bbox 934 1082 1056 1122; x_wconf 89' lang='lat' dir='ltr'><strong>causam</strong></span> <span class='ocrx_word' id='word_1_43' title='bbox 1080 1065 1171 1124; x_wconf 91' lang='lat' dir='ltr'><strong>etiam</strong></span> <span class='ocrx_word' id='word_1_44' title='bbox 1196 1064 1272 1125; x_wconf 82' lang='lat' dir='ltr'><strong>dixit</strong></span> <span class='ocrx_word' id='word_1_45' title='bbox 1286 1065 1413 1139; x_wconf 90' lang='lat' dir='ltr'><strong>Brunus,</strong></span> <span class='ocrx_word' id='word_1_46' title='bbox 1440 1085 1491 1126; x_wconf 90' lang='lat' dir='ltr'><strong>cur</strong></span> <span class='ocrx_word' id='word_1_47' title='bbox 1510 1075 1590 1127; x_wconf 87' lang='lat' dir='ltr'><strong>esset</strong></span> <span class='ocrx_word' id='word_1_48' title='bbox 1614 1087 1755 1129; x_wconf 87' lang='lat' dir='ltr'><strong>necesse:</strong></span> <span class='ocrx_word' id='word_1_49' title='bbox 1780 1069 1857 1131; x_wconf 83' lang='lat' dir='ltr'><strong>fixas</strong></span> 
     </span>
     <span class='ocr_line' id='line_1_6' title="bbox 501 1151 1856 1239; baseline 0.001 -21"><span class='ocrx_word' id='word_1_50' title='bbox 501 1157 609 1239; x_wconf 83' lang='lat' dir='ltr'><strong>quippe</strong></span> <span class='ocrx_word' id='word_1_51' title='bbox 625 1154 741 1216; x_wconf 80' lang='lat' dir='ltr'><strong>Solaria</strong></span> <span class='ocrx_word' id='word_1_52' title='bbox 758 1160 789 1212; x_wconf 88' lang='lat' dir='ltr'><strong>et</strong></span> <span class='ocrx_word' id='word_1_53' title='bbox 811 1151 916 1231; x_wconf 84' lang='lat' dir='ltr'><strong>igneae</strong></span> <span class='ocrx_word' id='word_1_54' title='bbox 941 1170 1008 1211; x_wconf 89' lang='lat' dir='ltr'><strong>esse</strong></span> <span class='ocrx_word' id='word_1_55' title='bbox 1028 1161 1164 1225; x_wconf 89' lang='lat' dir='ltr'><strong>naturae,</strong></span> <span class='ocrx_word' id='word_1_56' title='bbox 1190 1154 1329 1231; x_wconf 88' lang='lat' dir='ltr'><strong>planetas</strong></span> <span class='ocrx_word' id='word_1_57' title='bbox 1355 1173 1479 1234; x_wconf 82' lang='lat' dir='ltr'><strong>aqueae,</strong></span> <span class='ocrx_word' id='word_1_58' title='bbox 1504 1164 1535 1215; x_wconf 90' lang='lat' dir='ltr'><strong>et</strong></span> <span class='ocrx_word' id='word_1_59' title='bbox 1558 1157 1620 1218; x_wconf 88' lang='lat' dir='ltr'><strong>lieri</strong></span> <span class='ocrx_word' id='word_1_60' title='bbox 1645 1157 1711 1235; x_wconf 89' lang='lat' dir='ltr'><strong>lege</strong></span> <span class='ocrx_word' id='word_1_61' title='bbox 1728 1167 1856 1220; x_wconf 87' lang='lat' dir='ltr'><strong>naturae</strong></span> 
     </span>
     <span class='ocr_line' id='line_1_7' title="bbox 499 1240 1853 1325; baseline 0 -17"><span class='ocrx_word' id='word_1_62' title='bbox 499 1243 676 1317; x_wconf 82' lang='lat' dir='ltr'><strong>inviolabili,</strong></span> <span class='ocrx_word' id='word_1_63' title='bbox 701 1251 735 1303; x_wconf 91' lang='lat' dir='ltr'><strong>ut</strong></span> <span class='ocrx_word' id='word_1_64' title='bbox 758 1241 886 1302; x_wconf 90' lang='lat' dir='ltr'><strong>diversa</strong></span> <span class='ocrx_word' id='word_1_65' title='bbox 902 1240 963 1300; x_wconf 88' lang='lat' dir='ltr'><strong>ista</strong></span> <span class='ocrx_word' id='word_1_66' title='bbox 987 1241 1200 1314; x_wconf 86' lang='lat' dir='ltr'><strong>combinentur,</strong></span> <span class='ocrx_word' id='word_1_67' title='bbox 1226 1261 1321 1320; x_wconf 91' lang='lat' dir='ltr'><strong>neque</strong></span> <span class='ocrx_word' id='word_1_68' title='bbox 1337 1240 1390 1303; x_wconf 90' lang='lat' dir='ltr'><strong>Sol</strong></span> <span class='ocrx_word' id='word_1_69' title='bbox 1414 1244 1554 1321; x_wconf 89' lang='lat' dir='ltr'><strong>planetis,</strong></span> <span class='ocrx_word' id='word_1_70' title='bbox 1581 1244 1658 1322; x_wconf 87' lang='lat' dir='ltr'><strong>ignis</strong></span> <span class='ocrx_word' id='word_1_71' title='bbox 1683 1265 1764 1325; x_wconf 85' lang='lat' dir='ltr'><strong>aqua</strong></span> <span class='ocrx_word' id='word_1_72' title='bbox 1788 1268 1853 1321; x_wconf 87' lang='lat' dir='ltr'><strong>sua,</strong></span> 
     </span>
     <span class='ocr_line' id='line_1_8' title="bbox 497 1329 1854 1414; baseline 0.001 -19"><span class='ocrx_word' id='word_1_73' title='bbox 497 1352 595 1414; x_wconf 88' lang='lat' dir='ltr'><strong>neque</strong></span> <span class='ocrx_word' id='word_1_74' title='bbox 618 1330 751 1392; x_wconf 88' lang='lat' dir='ltr'><strong>vicissim</strong></span> <span class='ocrx_word' id='word_1_75' title='bbox 776 1330 850 1390; x_wconf 90' lang='lat' dir='ltr'><strong>haec</strong></span> <span class='ocrx_word' id='word_1_76' title='bbox 874 1329 925 1390; x_wconf 92' lang='lat' dir='ltr'><strong>illo</strong></span> <span class='ocrx_word' id='word_1_77' title='bbox 950 1348 1051 1390; x_wconf 90' lang='lat' dir='ltr'><strong>carere</strong></span> <span class='ocrx_word' id='word_1_78' title='bbox 1075 1330 1181 1408; x_wconf 84' lang='lat' dir='ltr'><strong>possit.</strong></span> <span class='ocrx_word' id='word_1_79' title='bbox 1228 1331 1315 1391; x_wconf 87' lang='lat' dir='ltr'><strong>Hauc</strong></span> <span class='ocrx_word' id='word_1_80' title='bbox 1339 1331 1428 1410; x_wconf 85' lang='lat' dir='ltr'><strong>igitur</strong></span> <span class='ocrx_word' id='word_1_81' title='bbox 1447 1331 1525 1393; x_wconf 91' lang='lat' dir='ltr'><strong>illius</strong></span> <span class='ocrx_word' id='word_1_82' title='bbox 1541 1333 1687 1393; x_wconf 89' lang='lat' dir='ltr'><strong>rationem</strong></span> <span class='ocrx_word' id='word_1_83' title='bbox 1703 1334 1854 1397; x_wconf 90' lang='lat' dir='ltr'><strong>infirmam</strong></span> 
     </span>
     <span class='ocr_line' id='line_1_9' title="bbox 500 1417 1852 1500; baseline 0.001 -16"><span class='ocrx_word' id='word_1_84' title='bbox 500 1441 583 1496; x_wconf 87' lang='lat' dir='ltr'><strong>esse,</strong></span> <span class='ocrx_word' id='word_1_85' title='bbox 609 1429 662 1481; x_wconf 90' lang='lat' dir='ltr'><strong>tua</strong></span> <span class='ocrx_word' id='word_1_86' title='bbox 686 1419 831 1497; x_wconf 89' lang='lat' dir='ltr'><strong>detegunt</strong></span> <span class='ocrx_word' id='word_1_87' title='bbox 859 1417 1073 1496; x_wconf 79' lang='lat' dir='ltr'><strong>experimenta.</strong></span> <span class='ocrx_word' id='word_1_88' title='bbox 1120 1418 1253 1480; x_wconf 88' lang='lat' dir='ltr'><strong>Primum</strong></span> <span class='ocrx_word' id='word_1_89' title='bbox 1277 1428 1355 1492; x_wconf 86' lang='lat' dir='ltr'><strong>esto,</strong></span> <span class='ocrx_word' id='word_1_90' title='bbox 1381 1429 1415 1479; x_wconf 89' lang='lat' dir='ltr'><strong>ut</strong></span> <span class='ocrx_word' id='word_1_91' title='bbox 1446 1421 1506 1480; x_wconf 85' lang='lat' dir='ltr'><strong>fixa</strong></span> <span class='ocrx_word' id='word_1_92' title='bbox 1530 1421 1682 1500; x_wconf 89' lang='lat' dir='ltr'><strong>quaelibet</strong></span> <span class='ocrx_word' id='word_1_93' title='bbox 1715 1421 1770 1484; x_wconf 87' lang='lat' dir='ltr'><strong>Sol</strong></span> <span class='ocrx_word' id='word_1_94' title='bbox 1801 1425 1852 1499; x_wconf 88' lang='lat' dir='ltr'><strong>sit,</strong></span> 
     </span>
     <span class='ocr_line' id='line_1_10' title="bbox 496 1506 1852 1589; baseline 0.001 -17"><span class='ocrx_word' id='word_1_95' title='bbox 496 1511 597 1572; x_wconf 89' lang='lat' dir='ltr'><strong>nullae</strong></span> <span class='ocrx_word' id='word_1_96' title='bbox 621 1508 692 1569; x_wconf 90' lang='lat' dir='ltr'><strong>illas</strong></span> <span class='ocrx_word' id='word_1_97' title='bbox 706 1507 809 1567; x_wconf 91' lang='lat' dir='ltr'><strong>Lunae</strong></span> <span class='ocrx_word' id='word_1_98' title='bbox 832 1507 983 1586; x_wconf 90' lang='lat' dir='ltr'><strong>hucusque</strong></span> <span class='ocrx_word' id='word_1_99' title='bbox 1008 1506 1265 1568; x_wconf 88' lang='lat' dir='ltr'><strong>circumcursitare</strong></span> <span class='ocrx_word' id='word_1_100' title='bbox 1290 1508 1373 1568; x_wconf 88' lang='lat' dir='ltr'><strong>visae</strong></span> <span class='ocrx_word' id='word_1_101' title='bbox 1397 1517 1482 1568; x_wconf 88' lang='lat' dir='ltr'><strong>sunt:</strong></span> <span class='ocrx_word' id='word_1_102' title='bbox 1508 1509 1563 1570; x_wconf 90' lang='lat' dir='ltr'><strong>hoc</strong></span> <span class='ocrx_word' id='word_1_103' title='bbox 1583 1510 1675 1589; x_wconf 91' lang='lat' dir='ltr'><strong>igitur</strong></span> <span class='ocrx_word' id='word_1_104' title='bbox 1689 1511 1719 1571; x_wconf 92' lang='lat' dir='ltr'><strong>in</strong></span> <span class='ocrx_word' id='word_1_105' title='bbox 1737 1511 1852 1574; x_wconf 90' lang='lat' dir='ltr'><strong>incerto</strong></span> 
     </span>
     <span class='ocr_line' id='line_1_11' title="bbox 497 1594 1853 1675; baseline 0.003 -16"><span class='ocrx_word' id='word_1_106' title='bbox 497 1598 650 1666; x_wconf 89' lang='lat' dir='ltr'><strong>mauebit,</strong></span> <span class='ocrx_word' id='word_1_107' title='bbox 698 1595 795 1675; x_wconf 89' lang='lat' dir='ltr'><strong>quoad</strong></span> <span class='ocrx_word' id='word_1_108' title='bbox 834 1594 941 1674; x_wconf 90' lang='lat' dir='ltr'><strong>aliquis</strong></span> <span class='ocrx_word' id='word_1_109' title='bbox 981 1595 1151 1656; x_wconf 83' lang='lat' dir='ltr'><strong>subtilitate</strong></span> <span class='ocrx_word' id='word_1_110' title='bbox 1196 1596 1375 1657; x_wconf 76' lang='lat' dir='ltr'><strong>observ-&#39;andi</strong></span> <span class='ocrx_word' id='word_1_111' title='bbox 1408 1596 1483 1657; x_wconf 89' lang='lat' dir='ltr'><strong>mira</strong></span> <span class='ocrx_word' id='word_1_112' title='bbox 1516 1598 1679 1660; x_wconf 88' lang='lat' dir='ltr'><strong>instructus</strong></span> <span class='ocrx_word' id='word_1_113' title='bbox 1722 1609 1754 1662; x_wconf 90' lang='lat' dir='ltr'><strong>et</strong></span> <span class='ocrx_word' id='word_1_114' title='bbox 1796 1601 1853 1663; x_wconf 92' lang='lat' dir='ltr'><strong>hoc</strong></span> 
     </span>
     <span class='ocr_line' id='line_1_12' title="bbox 496 1684 1869 1764; baseline 0.002 -16"><span class='ocrx_word' id='word_1_115' title='bbox 496 1685 664 1758; x_wconf 87' lang='lat' dir='ltr'><strong>detexerit,</strong></span> <span class='ocrx_word' id='word_1_116' title='bbox 691 1684 768 1764; x_wconf 88' lang='lat' dir='ltr'><strong>quod</strong></span> <span class='ocrx_word' id='word_1_117' title='bbox 793 1684 909 1762; x_wconf 88' lang='lat' dir='ltr'><strong>quidem</strong></span> <span class='ocrx_word' id='word_1_118' title='bbox 933 1684 981 1744; x_wconf 90' lang='lat' dir='ltr'><strong>hic</strong></span> <span class='ocrx_word' id='word_1_119' title='bbox 1004 1704 1162 1745; x_wconf 85' lang='lat' dir='ltr'><strong>successus</strong></span> <span class='ocrx_word' id='word_1_120' title='bbox 1186 1693 1255 1744; x_wconf 90' lang='lat' dir='ltr'><strong>tuus</strong></span> <span class='ocrx_word' id='word_1_121' title='bbox 1275 1685 1388 1763; x_wconf 88' lang='lat' dir='ltr'><strong>judicio</strong></span> <span class='ocrx_word' id='word_1_122' title='bbox 1404 1686 1589 1764; x_wconf 89' lang='lat' dir='ltr'><strong>quorundam</strong></span> <span class='ocrx_word' id='word_1_123' title='bbox 1604 1688 1691 1748; x_wconf 89' lang='lat' dir='ltr'><strong>nobis</strong></span> <span class='ocrx_word' id='word_1_124' title='bbox 1706 1688 1869 1751; x_wconf 66' lang='lat' dir='ltr'><strong>minatur:</strong></span> 
     </span>
     <span class='ocr_line' id='line_1_13' title="bbox 492 1773 1852 1856; baseline 0.001 -18"><span class='ocrx_word' id='word_1_125' title='bbox 492 1775 613 1856; x_wconf 87' lang='lat' dir='ltr'><strong>Jupiter</strong></span> <span class='ocrx_word' id='word_1_126' title='bbox 637 1783 743 1835; x_wconf 90' lang='lat' dir='ltr'><strong>contra</strong></span> <span class='ocrx_word' id='word_1_127' title='bbox 766 1773 954 1851; x_wconf 89' lang='lat' dir='ltr'><strong>planetarum</strong></span> <span class='ocrx_word' id='word_1_128' title='bbox 979 1780 1026 1831; x_wconf 90' lang='lat' dir='ltr'><strong>est</strong></span> <span class='ocrx_word' id='word_1_129' title='bbox 1050 1793 1143 1845; x_wconf 90' lang='lat' dir='ltr'><strong>unus,</strong></span> <span class='ocrx_word' id='word_1_130' title='bbox 1177 1792 1251 1851; x_wconf 93' lang='lat' dir='ltr'><strong>quos</strong></span> <span class='ocrx_word' id='word_1_131' title='bbox 1280 1775 1398 1835; x_wconf 91' lang='lat' dir='ltr'><strong>Brunus</strong></span> <span class='ocrx_word' id='word_1_132' title='bbox 1422 1774 1557 1836; x_wconf 89' lang='lat' dir='ltr'><strong>Tellures</strong></span> <span class='ocrx_word' id='word_1_133' title='bbox 1592 1796 1659 1836; x_wconf 89' lang='lat' dir='ltr'><strong>esse</strong></span> <span class='ocrx_word' id='word_1_134' title='bbox 1695 1778 1789 1850; x_wconf 89' lang='lat' dir='ltr'><strong>dicit,</strong></span> <span class='ocrx_word' id='word_1_135' title='bbox 1822 1788 1852 1839; x_wconf 89' lang='lat' dir='ltr'><strong>et</strong></span> 
     </span>
     <span class='ocr_line' id='line_1_14' title="bbox 493 1861 1852 1942; baseline 0.001 -16"><span class='ocrx_word' id='word_1_136' title='bbox 493 1884 563 1926; x_wconf 88' lang='lat' dir='ltr'><strong>ecce</strong></span> <span class='ocrx_word' id='word_1_137' title='bbox 588 1872 716 1942; x_wconf 92' lang='lat' dir='ltr'><strong>quatuor</strong></span> <span class='ocrx_word' id='word_1_138' title='bbox 740 1861 816 1922; x_wconf 90' lang='lat' dir='ltr'><strong>alios</strong></span> <span class='ocrx_word' id='word_1_139' title='bbox 841 1861 921 1922; x_wconf 87' lang='lat' dir='ltr'><strong>circa</strong></span> <span class='ocrx_word' id='word_1_140' title='bbox 944 1861 1026 1921; x_wconf 91' lang='lat' dir='ltr'><strong>illum</strong></span> <span class='ocrx_word' id='word_1_141' title='bbox 1050 1862 1206 1940; x_wconf 83' lang='lat' dir='ltr'><strong>planetas:</strong></span> <span class='ocrx_word' id='word_1_142' title='bbox 1242 1870 1274 1923; x_wconf 86' lang='lat' dir='ltr'><strong>at</strong></span> <span class='ocrx_word' id='word_1_143' title='bbox 1303 1863 1358 1923; x_wconf 91' lang='lat' dir='ltr'><strong>hoc</strong></span> <span class='ocrx_word' id='word_1_144' title='bbox 1388 1863 1555 1924; x_wconf 89' lang='lat' dir='ltr'><strong>Telluribus</strong></span> <span class='ocrx_word' id='word_1_145' title='bbox 1589 1884 1646 1924; x_wconf 92' lang='lat' dir='ltr'><strong>non</strong></span> <span class='ocrx_word' id='word_1_146' title='bbox 1677 1866 1852 1928; x_wconf 88' lang='lat' dir='ltr'><strong>vindicabat</strong></span> 
     </span>
     <span class='ocr_line' id='line_1_15' title="bbox 492 1948 933 2024; baseline -0.009 -11"><span class='ocrx_word' id='word_1_147' title='bbox 492 1952 586 2015; x_wconf 91' lang='lat' dir='ltr'><strong>Bruni</strong></span> <span class='ocrx_word' id='word_1_148' title='bbox 609 1952 697 2024; x_wconf 84' lang='lat' dir='ltr'><strong>ratio,</strong></span> <span class='ocrx_word' id='word_1_149' title='bbox 723 1950 777 2011; x_wconf 89' lang='lat' dir='ltr'><strong>sed</strong></span> <span class='ocrx_word' id='word_1_150' title='bbox 800 1948 933 2011; x_wconf 86' lang='lat' dir='ltr'><strong>Solibus.</strong></span> 
     </span>
    </p>

    <p class='ocr_par' dir='ltr' id='par_1_3' title="bbox 482 2038 1849 2991">
     <span class='ocr_line' id='line_1_16' title="bbox 581 2038 1849 2118; baseline 0.001 -17"><span class='ocrx_word' id='word_1_151' title='bbox 581 2040 705 2102; x_wconf 82' lang='lat' dir='ltr'><strong>interim</strong></span> <span class='ocrx_word' id='word_1_152' title='bbox 729 2048 897 2118; x_wconf 89' lang='lat' dir='ltr'><strong>temperare</strong></span> <span class='ocrx_word' id='word_1_153' title='bbox 922 2057 978 2098; x_wconf 91' lang='lat' dir='ltr'><strong>non</strong></span> <span class='ocrx_word' id='word_1_154' title='bbox 1002 2056 1140 2116; x_wconf 89' lang='lat' dir='ltr'><strong>possum,</strong></span> <span class='ocrx_word' id='word_1_155' title='bbox 1166 2038 1234 2117; x_wconf 90' lang='lat' dir='ltr'><strong>quin</strong></span> <span class='ocrx_word' id='word_1_156' title='bbox 1260 2040 1432 2117; x_wconf 79' lang='lat' dir='ltr'><strong>paradoxas</strong></span> <span class='ocrx_word' id='word_1_157' title='bbox 1462 2039 1531 2099; x_wconf 91' lang='lat' dir='ltr'><strong>illos</strong></span> <span class='ocrx_word' id='word_1_158' title='bbox 1561 2059 1597 2099; x_wconf 81' lang='lat' dir='ltr'><strong>ex</strong></span> <span class='ocrx_word' id='word_1_159' title='bbox 1627 2040 1687 2100; x_wconf 90' lang='lat' dir='ltr'><strong>tuis</strong></span> <span class='ocrx_word' id='word_1_160' title='bbox 1716 2041 1849 2104; x_wconf 87' lang='lat' dir='ltr'><strong>inventis</strong></span> 
     </span>
     <span class='ocr_line' id='line_1_17' title="bbox 493 2127 1847 2207; baseline -0.001 -14"><span class='ocrx_word' id='word_1_161' title='bbox 493 2131 585 2195; x_wconf 85' lang='lat' dir='ltr'><strong>etiam</strong></span> <span class='ocrx_word' id='word_1_162' title='bbox 609 2131 665 2191; x_wconf 88' lang='lat' dir='ltr'><strong>hac</strong></span> <span class='ocrx_word' id='word_1_163' title='bbox 689 2128 718 2188; x_wconf 93' lang='lat' dir='ltr'><strong>in</strong></span> <span class='ocrx_word' id='word_1_164' title='bbox 743 2135 829 2207; x_wconf 88' lang='lat' dir='ltr'><strong>parte</strong></span> <span class='ocrx_word' id='word_1_165' title='bbox 849 2128 952 2207; x_wconf 90' lang='lat' dir='ltr'><strong>juvem</strong></span> <span class='ocrx_word' id='word_1_166' title='bbox 981 2146 1177 2206; x_wconf 87' lang='lat' dir='ltr'><strong>moneamque</strong></span> <span class='ocrx_word' id='word_1_167' title='bbox 1206 2127 1267 2187; x_wconf 90' lang='lat' dir='ltr'><strong>veri</strong></span> <span class='ocrx_word' id='word_1_168' title='bbox 1301 2148 1359 2192; x_wconf 90' lang='lat' dir='ltr'><strong>non</strong></span> <span class='ocrx_word' id='word_1_169' title='bbox 1393 2128 1543 2202; x_wconf 88' lang='lat' dir='ltr'><strong>absimile,</strong></span> <span class='ocrx_word' id='word_1_170' title='bbox 1578 2148 1637 2189; x_wconf 91' lang='lat' dir='ltr'><strong>non</strong></span> <span class='ocrx_word' id='word_1_171' title='bbox 1672 2137 1791 2191; x_wconf 88' lang='lat' dir='ltr'><strong>tantum</strong></span> <span class='ocrx_word' id='word_1_172' title='bbox 1820 2132 1847 2191; x_wconf 94' lang='lat' dir='ltr'><strong>in</strong></span> 
     </span>
     <span class='ocr_line' id='line_1_18' title="bbox 490 2215 1847 2298; baseline -0.002 -16"><span class='ocrx_word' id='word_1_173' title='bbox 490 2219 579 2283; x_wconf 88' lang='lat' dir='ltr'><strong>Luna</strong></span> <span class='ocrx_word' id='word_1_174' title='bbox 602 2219 656 2279; x_wconf 88' lang='lat' dir='ltr'><strong>sed</strong></span> <span class='ocrx_word' id='word_1_175' title='bbox 680 2217 771 2279; x_wconf 88' lang='lat' dir='ltr'><strong>etiam</strong></span> <span class='ocrx_word' id='word_1_176' title='bbox 795 2218 825 2278; x_wconf 94' lang='lat' dir='ltr'><strong>in</strong></span> <span class='ocrx_word' id='word_1_177' title='bbox 848 2215 925 2277; x_wconf 85' lang='lat' dir='ltr'><strong>Jove</strong></span> <span class='ocrx_word' id='word_1_178' title='bbox 949 2216 1014 2296; x_wconf 89' lang='lat' dir='ltr'><strong>ipso</strong></span> <span class='ocrx_word' id='word_1_179' title='bbox 1040 2216 1153 2276; x_wconf 90' lang='lat' dir='ltr'><strong>incolas</strong></span> <span class='ocrx_word' id='word_1_180' title='bbox 1178 2234 1260 2287; x_wconf 81' lang='lat' dir='ltr'><strong>esse3</strong></span> <span class='ocrx_word' id='word_1_181' title='bbox 1294 2225 1346 2277; x_wconf 90' lang='lat' dir='ltr'><strong>aut</strong></span> <span class='ocrx_word' id='word_1_182' title='bbox 1371 2218 1465 2295; x_wconf 90' lang='lat' dir='ltr'><strong>(quod</strong></span> <span class='ocrx_word' id='word_1_183' title='bbox 1491 2218 1658 2296; x_wconf 89' lang='lat' dir='ltr'><strong>nuperrimo</strong></span> <span class='ocrx_word' id='word_1_184' title='bbox 1683 2237 1847 2298; x_wconf 89' lang='lat' dir='ltr'><strong>congressu</strong></span> 
     </span>
     <span class='ocr_line' id='line_1_19' title="bbox 490 2305 1846 2390; baseline -0.001 -20"><span class='ocrx_word' id='word_1_185' title='bbox 490 2309 675 2390; x_wconf 89' lang='lat' dir='ltr'><strong>quomndam</strong></span> <span class='ocrx_word' id='word_1_186' title='bbox 699 2305 973 2386; x_wconf 89' lang='lat' dir='ltr'><strong>philosophantium</strong></span> <span class='ocrx_word' id='word_1_187' title='bbox 1002 2305 1133 2383; x_wconf 87' lang='lat' dir='ltr'><strong>jucunde</strong></span> <span class='ocrx_word' id='word_1_188' title='bbox 1158 2307 1285 2376; x_wconf 87' lang='lat' dir='ltr'><strong>motum)</strong></span> <span class='ocrx_word' id='word_1_189' title='bbox 1316 2306 1416 2384; x_wconf 89' lang='lat' dir='ltr'><strong>detegi</strong></span> <span class='ocrx_word' id='word_1_190' title='bbox 1450 2325 1525 2365; x_wconf 92' lang='lat' dir='ltr'><strong>nunc</strong></span> <span class='ocrx_word' id='word_1_191' title='bbox 1556 2306 1683 2384; x_wconf 90' lang='lat' dir='ltr'><strong>primurn</strong></span> <span class='ocrx_word' id='word_1_192' title='bbox 1708 2307 1846 2387; x_wconf 86' lang='lat' dir='ltr'><strong>regiones</strong></span> 
     </span>
     <span class='ocr_line' id='line_1_20' title="bbox 488 2393 1847 2473; baseline -0.001 -13"><span class='ocrx_word' id='word_1_193' title='bbox 488 2397 580 2473; x_wconf 88' lang='lat' dir='ltr'><strong>illas;</strong></span> <span class='ocrx_word' id='word_1_194' title='bbox 613 2399 735 2459; x_wconf 89' lang='lat' dir='ltr'><strong>colonos</strong></span> <span class='ocrx_word' id='word_1_195' title='bbox 759 2413 839 2468; x_wconf 90' lang='lat' dir='ltr'><strong>vero,</strong></span> <span class='ocrx_word' id='word_1_196' title='bbox 865 2393 988 2473; x_wconf 91' lang='lat' dir='ltr'><strong>primum</strong></span> <span class='ocrx_word' id='word_1_197' title='bbox 1014 2401 1104 2471; x_wconf 87' lang='lat' dir='ltr'><strong>atque</strong></span> <span class='ocrx_word' id='word_1_198' title='bbox 1129 2394 1194 2472; x_wconf 89' lang='lat' dir='ltr'><strong>quis</strong></span> <span class='ocrx_word' id='word_1_199' title='bbox 1219 2401 1314 2453; x_wconf 88' lang='lat' dir='ltr'><strong>artem</strong></span> <span class='ocrx_word' id='word_1_200' title='bbox 1339 2393 1460 2454; x_wconf 90' lang='lat' dir='ltr'><strong>volandi</strong></span> <span class='ocrx_word' id='word_1_201' title='bbox 1485 2394 1636 2463; x_wconf 87' lang='lat' dir='ltr'><strong>docuerit,</strong></span> <span class='ocrx_word' id='word_1_202' title='bbox 1672 2415 1709 2455; x_wconf 85' lang='lat' dir='ltr'><strong>ex</strong></span> <span class='ocrx_word' id='word_1_203' title='bbox 1743 2405 1847 2458; x_wconf 87' lang='lat' dir='ltr'><strong>nostra</strong></span> 
     </span>
     <span class='ocr_line' id='line_1_21' title="bbox 487 2481 1847 2564; baseline -0.002 -14"><span class='ocrx_word' id='word_1_204' title='bbox 487 2484 638 2550; x_wconf 90' lang='lat' dir='ltr'><strong>hominum</strong></span> <span class='ocrx_word' id='word_1_205' title='bbox 667 2491 757 2564; x_wconf 85' lang='lat' dir='ltr'><strong>gente</strong></span> <span class='ocrx_word' id='word_1_206' title='bbox 790 2503 847 2544; x_wconf 94' lang='lat' dir='ltr'><strong>non</strong></span> <span class='ocrx_word' id='word_1_207' title='bbox 882 2484 1047 2543; x_wconf 87' lang='lat' dir='ltr'><strong>defuturos.</strong></span> <span class='ocrx_word' id='word_1_208' title='bbox 1102 2481 1177 2552; x_wconf 85' lang='lat' dir='ltr'><strong>Quis</strong></span> <span class='ocrx_word' id='word_1_209' title='bbox 1211 2482 1391 2543; x_wconf 90' lang='lat' dir='ltr'><strong>credidisset</strong></span> <span class='ocrx_word' id='word_1_210' title='bbox 1423 2483 1513 2554; x_wconf 90' lang='lat' dir='ltr'><strong>olim,</strong></span> <span class='ocrx_word' id='word_1_211' title='bbox 1546 2483 1786 2563; x_wconf 89' lang='lat' dir='ltr'><strong>tranquilliorem</strong></span> <span class='ocrx_word' id='word_1_212' title='bbox 1816 2494 1847 2547; x_wconf 89' lang='lat' dir='ltr'><strong>et</strong></span> 
     </span>
     <span class='ocr_line' id='line_1_22' title="bbox 486 2570 1845 2651; baseline -0.001 -13"><span class='ocrx_word' id='word_1_213' title='bbox 486 2575 630 2637; x_wconf 88' lang='lat' dir='ltr'><strong>tutiorem</strong></span> <span class='ocrx_word' id='word_1_214' title='bbox 667 2593 734 2634; x_wconf 90' lang='lat' dir='ltr'><strong>esse</strong></span> <span class='ocrx_word' id='word_1_215' title='bbox 771 2571 995 2650; x_wconf 90' lang='lat' dir='ltr'><strong>navigationem</strong></span> <span class='ocrx_word' id='word_1_216' title='bbox 1031 2570 1197 2631; x_wconf 88' lang='lat' dir='ltr'><strong>vastissimi</strong></span> <span class='ocrx_word' id='word_1_217' title='bbox 1235 2571 1355 2643; x_wconf 89' lang='lat' dir='ltr'><strong>oceani,</strong></span> <span class='ocrx_word' id='word_1_218' title='bbox 1395 2589 1482 2649; x_wconf 91' lang='lat' dir='ltr'><strong>quam</strong></span> <span class='ocrx_word' id='word_1_219' title='bbox 1517 2572 1725 2651; x_wconf 89' lang='lat' dir='ltr'><strong>angustissimi</strong></span> <span class='ocrx_word' id='word_1_220' title='bbox 1763 2574 1845 2637; x_wconf 89' lang='lat' dir='ltr'><strong>sinus</strong></span> 
     </span>
     <span class='ocr_line' id='line_1_23' title="bbox 488 2659 1845 2738; baseline -0.001 -13"><span class='ocrx_word' id='word_1_221' title='bbox 488 2661 647 2736; x_wconf 88' lang='lat' dir='ltr'><strong>Adriatici,</strong></span> <span class='ocrx_word' id='word_1_222' title='bbox 673 2661 764 2721; x_wconf 89' lang='lat' dir='ltr'><strong>maris</strong></span> <span class='ocrx_word' id='word_1_223' title='bbox 784 2660 925 2730; x_wconf 87' lang='lat' dir='ltr'><strong>Balthici‚</strong></span> <span class='ocrx_word' id='word_1_224' title='bbox 951 2660 1020 2719; x_wconf 89' lang='lat' dir='ltr'><strong>freti</strong></span> <span class='ocrx_word' id='word_1_225' title='bbox 1040 2659 1227 2738; x_wconf 85' lang='lat' dir='ltr'><strong>Anglicani?</strong></span> <span class='ocrx_word' id='word_1_226' title='bbox 1260 2661 1308 2720; x_wconf 91' lang='lat' dir='ltr'><strong>Da</strong></span> <span class='ocrx_word' id='word_1_227' title='bbox 1327 2680 1420 2720; x_wconf 89' lang='lat' dir='ltr'><strong>naves</strong></span> <span class='ocrx_word' id='word_1_228' title='bbox 1437 2668 1490 2721; x_wconf 91' lang='lat' dir='ltr'><strong>ant</strong></span> <span class='ocrx_word' id='word_1_229' title='bbox 1511 2662 1581 2721; x_wconf 86' lang='lat' dir='ltr'><strong>vela</strong></span> <span class='ocrx_word' id='word_1_230' title='bbox 1604 2662 1731 2723; x_wconf 87' lang='lat' dir='ltr'><strong>coelesti</strong></span> <span class='ocrx_word' id='word_1_231' title='bbox 1755 2683 1845 2724; x_wconf 88' lang='lat' dir='ltr'><strong>aurae</strong></span> 
     </span>
     <span class='ocr_line' id='line_1_24' title="bbox 487 2748 1844 2833; baseline 0 -20"><span class='ocrx_word' id='word_1_232' title='bbox 487 2751 697 2818; x_wconf 89' lang='lat' dir='ltr'><strong>accommoda,</strong></span> <span class='ocrx_word' id='word_1_233' title='bbox 722 2757 810 2810; x_wconf 89' lang='lat' dir='ltr'><strong>erunt</strong></span> <span class='ocrx_word' id='word_1_234' title='bbox 834 2748 882 2827; x_wconf 91' lang='lat' dir='ltr'><strong>qui</strong></span> <span class='ocrx_word' id='word_1_235' title='bbox 906 2768 942 2808; x_wconf 92' lang='lat' dir='ltr'><strong>ne</strong></span> <span class='ocrx_word' id='word_1_236' title='bbox 967 2749 1005 2809; x_wconf 91' lang='lat' dir='ltr'><strong>ab</strong></span> <span class='ocrx_word' id='word_1_237' title='bbox 1028 2748 1081 2808; x_wconf 87' lang='lat' dir='ltr'><strong>illa</strong></span> <span class='ocrx_word' id='word_1_238' title='bbox 1106 2749 1224 2828; x_wconf 88' lang='lat' dir='ltr'><strong>quidem</strong></span> <span class='ocrx_word' id='word_1_239' title='bbox 1248 2750 1395 2809; x_wconf 87' lang='lat' dir='ltr'><strong>vastitate</strong></span> <span class='ocrx_word' id='word_1_240' title='bbox 1421 2749 1478 2809; x_wconf 91' lang='lat' dir='ltr'><strong>sibi</strong></span> <span class='ocrx_word' id='word_1_241' title='bbox 1503 2757 1649 2811; x_wconf 87' lang='lat' dir='ltr'><strong>metuant.</strong></span> <span class='ocrx_word' id='word_1_242' title='bbox 1698 2751 1844 2833; x_wconf 88' lang='lat' dir='ltr'><strong>Adeoque</strong></span> 
     </span>
     <span class='ocr_line' id='line_1_25' title="bbox 487 2837 1843 2921; baseline 0.001 -20"><span class='ocrx_word' id='word_1_243' title='bbox 487 2839 573 2921; x_wconf 86' lang='lat' dir='ltr'><strong>qussi</strong></span> <span class='ocrx_word' id='word_1_244' title='bbox 595 2838 770 2918; x_wconf 89' lang='lat' dir='ltr'><strong>propediem</strong></span> <span class='ocrx_word' id='word_1_245' title='bbox 796 2837 941 2910; x_wconf 83' lang='lat' dir='ltr'><strong>affuturis,</strong></span> <span class='ocrx_word' id='word_1_246' title='bbox 967 2838 1016 2917; x_wconf 91' lang='lat' dir='ltr'><strong>qui</strong></span> <span class='ocrx_word' id='word_1_247' title='bbox 1041 2837 1096 2897; x_wconf 92' lang='lat' dir='ltr'><strong>hoc</strong></span> <span class='ocrx_word' id='word_1_248' title='bbox 1121 2838 1179 2897; x_wconf 89' lang='lat' dir='ltr'><strong>iter</strong></span> <span class='ocrx_word' id='word_1_249' title='bbox 1202 2844 1339 2912; x_wconf 89' lang='lat' dir='ltr'><strong>tentent,</strong></span> <span class='ocrx_word' id='word_1_250' title='bbox 1366 2856 1420 2916; x_wconf 87' lang='lat' dir='ltr'><strong>ego</strong></span> <span class='ocrx_word' id='word_1_251' title='bbox 1445 2839 1614 2913; x_wconf 89' lang='lat' dir='ltr'><strong>Lunarem‚</strong></span> <span class='ocrx_word' id='word_1_252' title='bbox 1645 2847 1678 2899; x_wconf 92' lang='lat' dir='ltr'><strong>tu</strong></span> <span class='ocrx_word' id='word_1_253' title='bbox 1704 2838 1843 2902; x_wconf 78' lang='lat' dir='ltr'><strong>Galilaea</strong></span> 
     </span>
     <span class='ocr_line' id='line_1_26' title="bbox 482 2926 1070 2991; baseline -0.007 -1"><span class='ocrx_word' id='word_1_254' title='bbox 482 2927 635 2991; x_wconf 87' lang='lat' dir='ltr'><strong>Jovialem</strong></span> <span class='ocrx_word' id='word_1_255' title='bbox 658 2927 821 2988; x_wconf 89' lang='lat' dir='ltr'><strong>condamus</strong></span> <span class='ocrx_word' id='word_1_256' title='bbox 846 2926 1070 2987; x_wconf 87' lang='lat' dir='ltr'><strong>astronomiam.</strong></span> 
     </span>
    </p>

    <p class='ocr_par' dir='ltr' id='par_1_4' title="bbox 482 3013 1842 3273">
     <span class='ocr_line' id='line_1_27' title="bbox 571 3013 1842 3096; baseline 0.001 -18"><span class='ocrx_word' id='word_1_257' title='bbox 571 3017 655 3078; x_wconf 87' lang='lat' dir='ltr'><strong>Haec</strong></span> <span class='ocrx_word' id='word_1_258' title='bbox 675 3016 805 3095; x_wconf 84' lang='lat' dir='ltr'><strong>jucunde</strong></span> <span class='ocrx_word' id='word_1_259' title='bbox 840 3014 901 3075; x_wconf 89' lang='lat' dir='ltr'><strong>sint</strong></span> <span class='ocrx_word' id='word_1_260' title='bbox 933 3014 1113 3094; x_wconf 88' lang='lat' dir='ltr'><strong>interposita</strong></span> <span class='ocrx_word' id='word_1_261' title='bbox 1146 3013 1288 3074; x_wconf 86' lang='lat' dir='ltr'><strong>miraculo</strong></span> <span class='ocrx_word' id='word_1_262' title='bbox 1323 3014 1468 3075; x_wconf 88' lang='lat' dir='ltr'><strong>audaciae</strong></span> <span class='ocrx_word' id='word_1_263' title='bbox 1501 3015 1667 3090; x_wconf 90' lang='lat' dir='ltr'><strong>humanae,</strong></span> <span class='ocrx_word' id='word_1_264' title='bbox 1703 3036 1782 3096; x_wconf 89' lang='lat' dir='ltr'><strong>quae</strong></span> <span class='ocrx_word' id='word_1_265' title='bbox 1814 3018 1842 3078; x_wconf 92' lang='lat' dir='ltr'><strong>in</strong></span> 
     </span>
     <span class='ocr_line' id='line_1_28' title="bbox 482 3102 1842 3187; baseline -0.001 -19"><span class='ocrx_word' id='word_1_266' title='bbox 482 3104 571 3184; x_wconf 87' lang='lat' dir='ltr'><strong>hujus</strong></span> <span class='ocrx_word' id='word_1_267' title='bbox 593 3105 784 3187; x_wconf 89' lang='lat' dir='ltr'><strong>potissimum</strong></span> <span class='ocrx_word' id='word_1_268' title='bbox 809 3103 901 3164; x_wconf 90' lang='lat' dir='ltr'><strong>seculi</strong></span> <span class='ocrx_word' id='word_1_269' title='bbox 926 3103 1093 3164; x_wconf 91' lang='lat' dir='ltr'><strong>hominibus</strong></span> <span class='ocrx_word' id='word_1_270' title='bbox 1118 3123 1186 3163; x_wconf 89' lang='lat' dir='ltr'><strong>sese</strong></span> <span class='ocrx_word' id='word_1_271' title='bbox 1211 3102 1304 3164; x_wconf 80' lang='lat' dir='ltr'><strong>effert</strong></span> <span class='ocrx_word' id='word_1_272' title='bbox 1353 3103 1422 3165; x_wconf 87' lang='lat' dir='ltr'><strong>Non</strong></span> <span class='ocrx_word' id='word_1_273' title='bbox 1451 3111 1522 3164; x_wconf 88' lang='lat' dir='ltr'><strong>sunt</strong></span> <span class='ocrx_word' id='word_1_274' title='bbox 1551 3103 1630 3165; x_wconf 91' lang='lat' dir='ltr'><strong>enim</strong></span> <span class='ocrx_word' id='word_1_275' title='bbox 1661 3104 1734 3165; x_wconf 91' lang='lat' dir='ltr'><strong>mihi</strong></span> <span class='ocrx_word' id='word_1_276' title='bbox 1760 3106 1842 3167; x_wconf 91' lang='lat' dir='ltr'><strong>deri-</strong></span> 
     </span>
     <span class='ocr_line' id='line_1_29' title="bbox 482 3191 1313 3273; baseline -0.016 -16"><span class='ocrx_word' id='word_1_277' title='bbox 482 3194 580 3257; x_wconf 88' lang='lat' dir='ltr'><strong>diculo</strong></span> <span class='ocrx_word' id='word_1_278' title='bbox 604 3194 775 3256; x_wconf 89' lang='lat' dir='ltr'><strong>veneranda</strong></span> <span class='ocrx_word' id='word_1_279' title='bbox 799 3212 904 3253; x_wconf 86' lang='lat' dir='ltr'><strong>sacrae</strong></span> <span class='ocrx_word' id='word_1_280' title='bbox 928 3191 1072 3252; x_wconf 88' lang='lat' dir='ltr'><strong>historiae</strong></span> <span class='ocrx_word' id='word_1_281' title='bbox 1097 3192 1250 3273; x_wconf 88' lang='lat' dir='ltr'><strong>mysteria.</strong></span> <span class='ocrx_word' id='word_1_282' title='bbox 1310 3239 1313 3244; x_wconf 90' lang='grc'><em>,</em></span> 
     </span>
    </p>

    <p class='ocr_par' dir='ltr' id='par_1_5' title="bbox 473 3278 1841 4431">
     <span class='ocr_line' id='line_1_30' title="bbox 569 3278 1841 3363; baseline -0.001 -18"><span class='ocrx_word' id='word_1_283' title='bbox 569 3283 675 3363; x_wconf 88' lang='lat' dir='ltr'><strong>Neque</strong></span> <span class='ocrx_word' id='word_1_284' title='bbox 700 3291 799 3343; x_wconf 90' lang='lat' dir='ltr'><strong>tamen</strong></span> <span class='ocrx_word' id='word_1_285' title='bbox 825 3282 917 3342; x_wconf 88' lang='lat' dir='ltr'><strong>etiarn</strong></span> <span class='ocrx_word' id='word_1_286' title='bbox 940 3280 999 3340; x_wconf 88' lang='lat' dir='ltr'><strong>vile</strong></span> <span class='ocrx_word' id='word_1_287' title='bbox 1024 3299 1133 3358; x_wconf 91' lang='lat' dir='ltr'><strong>operae</strong></span> <span class='ocrx_word' id='word_1_288' title='bbox 1163 3278 1290 3361; x_wconf 88' lang='lat' dir='ltr'><strong>pretium</strong></span> <span class='ocrx_word' id='word_1_289' title='bbox 1319 3279 1404 3353; x_wconf 84' lang='lat' dir='ltr'><strong>duxi,</strong></span> <span class='ocrx_word' id='word_1_290' title='bbox 1438 3280 1536 3341; x_wconf 91' lang='lat' dir='ltr'><strong>obiter</strong></span> <span class='ocrx_word' id='word_1_291' title='bbox 1564 3300 1668 3342; x_wconf 88' lang='lat' dir='ltr'><strong>aurem</strong></span> <span class='ocrx_word' id='word_1_292' title='bbox 1696 3282 1841 3345; x_wconf 88' lang='lat' dir='ltr'><strong>vellicare</strong></span> 
     </span>
     <span class='ocr_line' id='line_1_31' title="bbox 481 3369 1841 3453; baseline 0 -19"><span class='ocrx_word' id='word_1_293' title='bbox 481 3372 583 3434; x_wconf 88' lang='lat' dir='ltr'><strong>altiori</strong></span> <span class='ocrx_word' id='word_1_294' title='bbox 606 3372 833 3453; x_wconf 83' lang='lat' dir='ltr'><strong>philosophiae3</strong></span> <span class='ocrx_word' id='word_1_295' title='bbox 858 3369 981 3449; x_wconf 84' lang='lat' dir='ltr'><strong>cogitet,</strong></span> <span class='ocrx_word' id='word_1_296' title='bbox 1007 3389 1044 3429; x_wconf 89' lang='lat' dir='ltr'><strong>an</strong></span> <span class='ocrx_word' id='word_1_297' title='bbox 1065 3370 1225 3449; x_wconf 91' lang='lat' dir='ltr'><strong>quidquam</strong></span> <span class='ocrx_word' id='word_1_298' title='bbox 1250 3369 1362 3429; x_wconf 87' lang='lat' dir='ltr'><strong>frustra</strong></span> <span class='ocrx_word' id='word_1_299' title='bbox 1385 3369 1544 3447; x_wconf 90' lang='lat' dir='ltr'><strong>permittat</strong></span> <span class='ocrx_word' id='word_1_300' title='bbox 1567 3371 1667 3450; x_wconf 90' lang='lat' dir='ltr'><strong>gentis</strong></span> <span class='ocrx_word' id='word_1_301' title='bbox 1692 3371 1841 3434; x_wconf 82' lang='lat' dir='ltr'><strong>humanae</strong></span> 
     </span>
     <span class='ocr_line' id='line_1_32' title="bbox 480 3457 1840 3541; baseline -0.001 -17"><span class='ocrx_word' id='word_1_302' title='bbox 480 3480 637 3541; x_wconf 87' lang='lat' dir='ltr'><strong>supremus</strong></span> <span class='ocrx_word' id='word_1_303' title='bbox 661 3469 693 3521; x_wconf 90' lang='lat' dir='ltr'><strong>et</strong></span> <span class='ocrx_word' id='word_1_304' title='bbox 714 3460 857 3540; x_wconf 91' lang='lat' dir='ltr'><strong>providus</strong></span> <span class='ocrx_word' id='word_1_305' title='bbox 881 3458 931 3519; x_wconf 87' lang='lat' dir='ltr'><strong>ille</strong></span> <span class='ocrx_word' id='word_1_306' title='bbox 956 3465 1072 3531; x_wconf 83' lang='lat' dir='ltr'><strong>custos,</strong></span> <span class='ocrx_word' id='word_1_307' title='bbox 1108 3467 1138 3518; x_wconf 89' lang='lat' dir='ltr'><strong>et</strong></span> <span class='ocrx_word' id='word_1_308' title='bbox 1167 3477 1295 3536; x_wconf 85' lang='lat' dir='ltr'><strong>quonam</strong></span> <span class='ocrx_word' id='word_1_309' title='bbox 1325 3457 1373 3518; x_wconf 91' lang='lat' dir='ltr'><strong>ille</strong></span> <span class='ocrx_word' id='word_1_310' title='bbox 1402 3458 1545 3533; x_wconf 86' lang='lat' dir='ltr'><strong>consilio,</strong></span> <span class='ocrx_word' id='word_1_311' title='bbox 1579 3460 1674 3520; x_wconf 90' lang='lat' dir='ltr'><strong>veluti</strong></span> <span class='ocrx_word' id='word_1_312' title='bbox 1707 3462 1840 3539; x_wconf 90' lang='lat' dir='ltr'><strong>prudens</strong></span> 
     </span>
     <span class='ocr_line' id='line_1_33' title="bbox 476 3547 1840 3630; baseline -0.001 -18"><span class='ocrx_word' id='word_1_313' title='bbox 476 3566 616 3630; x_wconf 91' lang='lat' dir='ltr'><strong>promus,</strong></span> <span class='ocrx_word' id='word_1_314' title='bbox 650 3551 705 3611; x_wconf 87' lang='lat' dir='ltr'><strong>hoc</strong></span> <span class='ocrx_word' id='word_1_315' title='bbox 736 3548 925 3628; x_wconf 89' lang='lat' dir='ltr'><strong>potissimum</strong></span> <span class='ocrx_word' id='word_1_316' title='bbox 950 3554 1084 3625; x_wconf 88' lang='lat' dir='ltr'><strong>tempore</strong></span> <span class='ocrx_word' id='word_1_317' title='bbox 1109 3547 1194 3607; x_wconf 89' lang='lat' dir='ltr'><strong>uobis</strong></span> <span class='ocrx_word' id='word_1_318' title='bbox 1228 3547 1344 3607; x_wconf 88' lang='lat' dir='ltr'><strong>isthaec</strong></span> <span class='ocrx_word' id='word_1_319' title='bbox 1368 3565 1491 3624; x_wconf 89' lang='lat' dir='ltr'><strong>opernm</strong></span> <span class='ocrx_word' id='word_1_320' title='bbox 1523 3567 1641 3609; x_wconf 89' lang='lat' dir='ltr'><strong>snorum</strong></span> <span class='ocrx_word' id='word_1_321' title='bbox 1666 3551 1840 3626; x_wconf 87' lang='lat' dir='ltr'><strong>penetralia</strong></span> 
     </span>
     <span class='ocr_line' id='line_1_34' title="bbox 476 3634 1838 3721; baseline 0 -20"><span class='ocrx_word' id='word_1_322' title='bbox 476 3640 601 3721; x_wconf 87' lang='lat' dir='ltr'><strong>pandat,</strong></span> <span class='ocrx_word' id='word_1_323' title='bbox 634 3639 711 3719; x_wconf 91' lang='lat' dir='ltr'><strong>quod</strong></span> <span class='ocrx_word' id='word_1_324' title='bbox 736 3656 880 3716; x_wconf 86' lang='lat' dir='ltr'><strong>congerro</strong></span> <span class='ocrx_word' id='word_1_325' title='bbox 905 3646 1007 3697; x_wconf 90' lang='lat' dir='ltr'><strong>noster</strong></span> <span class='ocrx_word' id='word_1_326' title='bbox 1032 3637 1163 3697; x_wconf 88' lang='lat' dir='ltr'><strong>Thomas</strong></span> <span class='ocrx_word' id='word_1_327' title='bbox 1189 3634 1358 3714; x_wconf 84' lang='lat' dir='ltr'><strong>Segethus,</strong></span> <span class='ocrx_word' id='word_1_328' title='bbox 1393 3636 1549 3714; x_wconf 89' lang='lat' dir='ltr'><strong>multiplici</strong></span> <span class='ocrx_word' id='word_1_329' title='bbox 1582 3636 1627 3697; x_wconf 90' lang='lat' dir='ltr'><strong>vir</strong></span> <span class='ocrx_word' id='word_1_330' title='bbox 1658 3639 1838 3711; x_wconf 89' lang='lat' dir='ltr'><strong>eruditione,</strong></span> 
     </span>
     <span class='ocr_line' id='line_1_35' title="bbox 476 3725 1838 3806; baseline -0.001 -15"><span class='ocrx_word' id='word_1_331' title='bbox 476 3730 586 3803; x_wconf 88' lang='lat' dir='ltr'><strong>movit;</strong></span> <span class='ocrx_word' id='word_1_332' title='bbox 625 3727 740 3800; x_wconf 81' lang='lat' dir='ltr'><strong>amsi,</strong></span> <span class='ocrx_word' id='word_1_333' title='bbox 777 3726 854 3806; x_wconf 91' lang='lat' dir='ltr'><strong>quod</strong></span> <span class='ocrx_word' id='word_1_334' title='bbox 878 3744 934 3804; x_wconf 86' lang='lat' dir='ltr'><strong>ego</strong></span> <span class='ocrx_word' id='word_1_335' title='bbox 958 3726 1119 3804; x_wconf 88' lang='lat' dir='ltr'><strong>respondi,</strong></span> <span class='ocrx_word' id='word_1_336' title='bbox 1145 3725 1227 3785; x_wconf 90' lang='lat' dir='ltr'><strong>Deus</strong></span> <span class='ocrx_word' id='word_1_337' title='bbox 1262 3725 1398 3785; x_wconf 91' lang='lat' dir='ltr'><strong>conditor</strong></span> <span class='ocrx_word' id='word_1_338' title='bbox 1423 3726 1652 3786; x_wconf 88' lang='lat' dir='ltr'><strong>universitatem</strong></span> <span class='ocrx_word' id='word_1_339' title='bbox 1686 3728 1838 3791; x_wconf 88' lang='lat' dir='ltr'><strong>hominum</strong></span> 
     </span>
     <span class='ocr_line' id='line_1_36' title="bbox 475 3814 1837 3897; baseline 0.003 -21"><span class='ocrx_word' id='word_1_340' title='bbox 475 3818 570 3880; x_wconf 88' lang='lat' dir='ltr'><strong>veluti</strong></span> <span class='ocrx_word' id='word_1_341' title='bbox 595 3817 741 3897; x_wconf 86' lang='lat' dir='ltr'><strong>quendam</strong></span> <span class='ocrx_word' id='word_1_342' title='bbox 767 3821 1007 3876; x_wconf 84' lang='lat' dir='ltr'><strong>succrescentem</strong></span> <span class='ocrx_word' id='word_1_343' title='bbox 1032 3824 1063 3875; x_wconf 87' lang='lat' dir='ltr'><strong>et</strong></span> <span class='ocrx_word' id='word_1_344' title='bbox 1086 3814 1232 3892; x_wconf 90' lang='lat' dir='ltr'><strong>paulatim</strong></span> <span class='ocrx_word' id='word_1_345' title='bbox 1262 3820 1519 3874; x_wconf 82' lang='lat' dir='ltr'><strong>rnatrrrescentem&#39;</strong></span> <span class='ocrx_word' id='word_1_346' title='bbox 1533 3815 1688 3894; x_wconf 89' lang='lat' dir='ltr'><strong>puerulum</strong></span> <span class='ocrx_word' id='word_1_347' title='bbox 1713 3837 1837 3880; x_wconf 89' lang='lat' dir='ltr'><strong>succes-</strong></span> 
     </span>
     <span class='ocr_line' id='line_1_37' title="bbox 475 3900 1836 3986; baseline -0.001 -17"><span class='ocrx_word' id='word_1_348' title='bbox 475 3905 539 3969; x_wconf 89' lang='lat' dir='ltr'><strong>sive</strong></span> <span class='ocrx_word' id='word_1_349' title='bbox 554 3907 592 3967; x_wconf 90' lang='lat' dir='ltr'><strong>ab</strong></span> <span class='ocrx_word' id='word_1_350' title='bbox 608 3906 676 3967; x_wconf 92' lang='lat' dir='ltr'><strong>aliis</strong></span> <span class='ocrx_word' id='word_1_351' title='bbox 700 3906 739 3965; x_wconf 90' lang='lat' dir='ltr'><strong>ad</strong></span> <span class='ocrx_word' id='word_1_352' title='bbox 763 3903 824 3965; x_wconf 90' lang='lat' dir='ltr'><strong>alia</strong></span> <span class='ocrx_word' id='word_1_353' title='bbox 843 3905 1053 3980; x_wconf 85' lang='lat' dir='ltr'><strong>cognoscenda</strong></span> <span class='ocrx_word' id='word_1_354' title='bbox 1077 3904 1160 3963; x_wconf 88' lang='lat' dir='ltr'><strong>ducit</strong></span> <span class='ocrx_word' id='word_1_355' title='bbox 1184 3903 1242 3975; x_wconf 90' lang='lat' dir='ltr'><strong>(uti</strong></span> <span class='ocrx_word' id='word_1_356' title='bbox 1268 3902 1386 3981; x_wconf 83' lang='lat' dir='ltr'><strong>quidem</strong></span> <span class='ocrx_word' id='word_1_357' title='bbox 1410 3911 1529 3980; x_wconf 88' lang='lat' dir='ltr'><strong>tempus</strong></span> <span class='ocrx_word' id='word_1_358' title='bbox 1553 3912 1628 3977; x_wconf 90' lang='lat' dir='ltr'><strong>erat,</strong></span> <span class='ocrx_word' id='word_1_359' title='bbox 1655 3900 1732 3965; x_wconf 59' lang='lat' dir='ltr'><strong>cum&#39;</strong></span> <span class='ocrx_word' id='word_1_360' title='bbox 1747 3906 1836 3986; x_wconf 90' lang='lat' dir='ltr'><strong>igno·</strong></span> 
     </span>
     <span class='ocr_line' id='line_1_38' title="bbox 473 3992 1836 4076; baseline -0.001 -18"><span class='ocrx_word' id='word_1_361' title='bbox 473 4002 591 4058; x_wconf 86' lang='lat' dir='ltr'><strong>raretur</strong></span> <span class='ocrx_word' id='word_1_362' title='bbox 613 3995 803 4074; x_wconf 89' lang='lat' dir='ltr'><strong>planetarum</strong></span> <span class='ocrx_word' id='word_1_363' title='bbox 835 4014 854 4054; x_wconf 90' lang='lat' dir='ltr'><strong>a</strong></span> <span class='ocrx_word' id='word_1_364' title='bbox 886 3992 952 4051; x_wconf 87' lang='lat' dir='ltr'><strong>lixis</strong></span> <span class='ocrx_word' id='word_1_365' title='bbox 985 3992 1144 4053; x_wconf 88' lang='lat' dir='ltr'><strong>discrimen</strong></span> <span class='ocrx_word' id='word_1_366' title='bbox 1174 4000 1209 4076; x_wconf 70' lang='lat' dir='ltr'><strong>eq</strong></span> <span class='ocrx_word' id='word_1_367' title='bbox 1234 4011 1301 4051; x_wconf 88' lang='lat' dir='ltr'><strong>sero</strong></span> <span class='ocrx_word' id='word_1_368' title='bbox 1334 3993 1494 4051; x_wconf 87' lang='lat' dir='ltr'><strong>admodum</strong></span> <span class='ocrx_word' id='word_1_369' title='bbox 1524 3993 1745 4073; x_wconf 86' lang='lat' dir='ltr'><strong>aPythagora</strong></span> <span class='ocrx_word' id='word_1_370' title='bbox 1772 3996 1836 4057; x_wconf 87' lang='lat' dir='ltr'><strong>sire</strong></span> 
     </span>
     <span class='ocr_line' id='line_1_39' title="bbox 473 4081 1835 4159; baseline 0 -14"><span class='ocrx_word' id='word_1_371' title='bbox 473 4083 653 4145; x_wconf 89' lang='lat' dir='ltr'><strong>Parmenide</strong></span> <span class='ocrx_word' id='word_1_372' title='bbox 686 4083 944 4155; x_wconf 90' lang='lat' dir='ltr'><strong>animadversum,</strong></span> <span class='ocrx_word' id='word_1_373' title='bbox 977 4082 1103 4142; x_wconf 90' lang='lat' dir='ltr'><strong>eundem</strong></span> <span class='ocrx_word' id='word_1_374' title='bbox 1136 4100 1203 4141; x_wconf 87' lang='lat' dir='ltr'><strong>esse</strong></span> <span class='ocrx_word' id='word_1_375' title='bbox 1228 4081 1397 4159; x_wconf 88' lang='lat' dir='ltr'><strong>Vespemm</strong></span> <span class='ocrx_word' id='word_1_376' title='bbox 1429 4088 1460 4139; x_wconf 91' lang='lat' dir='ltr'><strong>et</strong></span> <span class='ocrx_word' id='word_1_377' title='bbox 1484 4081 1673 4156; x_wconf 81' lang='lat' dir='ltr'><strong>ercileruru3</strong></span> <span class='ocrx_word' id='word_1_378' title='bbox 1717 4104 1773 4146; x_wconf 88' lang='lat' dir='ltr'><strong>nec</strong></span> <span class='ocrx_word' id='word_1_379' title='bbox 1807 4084 1835 4145; x_wconf 92' lang='lat' dir='ltr'><strong>in</strong></span> 
     </span>
     <span class='ocr_line' id='line_1_40' title="bbox 473 4171 1834 4254; baseline 0.001 -21"><span class='ocrx_word' id='word_1_380' title='bbox 473 4171 570 4248; x_wconf 90' lang='lat' dir='ltr'><strong>Mose,</strong></span> <span class='ocrx_word' id='word_1_381' title='bbox 595 4172 673 4233; x_wconf 90' lang='lat' dir='ltr'><strong>Jobe</strong></span> <span class='ocrx_word' id='word_1_382' title='bbox 698 4179 751 4233; x_wconf 89' lang='lat' dir='ltr'><strong>aut</strong></span> <span class='ocrx_word' id='word_1_383' title='bbox 774 4171 904 4232; x_wconf 89' lang='lat' dir='ltr'><strong>Psalmis</strong></span> <span class='ocrx_word' id='word_1_384' title='bbox 929 4171 990 4230; x_wconf 92' lang='lat' dir='ltr'><strong>ulla</strong></span> <span class='ocrx_word' id='word_1_385' title='bbox 1014 4171 1123 4230; x_wconf 91' lang='lat' dir='ltr'><strong>mentio</strong></span> <span class='ocrx_word' id='word_1_386' title='bbox 1149 4171 1368 4249; x_wconf 88' lang='lat' dir='ltr'><strong>planetarnnr);</strong></span> <span class='ocrx_word' id='word_1_387' title='bbox 1394 4172 1561 4248; x_wconf 89' lang='lat' dir='ltr'><strong>perpendat</strong></span> <span class='ocrx_word' id='word_1_388' title='bbox 1584 4171 1677 4248; x_wconf 87' lang='lat' dir='ltr'><strong>igitur</strong></span> <span class='ocrx_word' id='word_1_389' title='bbox 1703 4182 1736 4234; x_wconf 89' lang='lat' dir='ltr'><strong>et</strong></span> <span class='ocrx_word' id='word_1_390' title='bbox 1759 4193 1834 4254; x_wconf 92' lang='lat' dir='ltr'><strong>quo·</strong></span> 
     </span>
     <span class='ocr_line' id='line_1_41' title="bbox 475 4259 1834 4342; baseline 0.001 -18"><span class='ocrx_word' id='word_1_391' title='bbox 475 4261 633 4324; x_wconf 90' lang='lat' dir='ltr'><strong>dammodo</strong></span> <span class='ocrx_word' id='word_1_392' title='bbox 657 4261 810 4341; x_wconf 87' lang='lat' dir='ltr'><strong>respiciat,</strong></span> <span class='ocrx_word' id='word_1_393' title='bbox 837 4278 989 4340; x_wconf 91' lang='lat' dir='ltr'><strong>quousque</strong></span> <span class='ocrx_word' id='word_1_394' title='bbox 1015 4278 1206 4338; x_wconf 88' lang='lat' dir='ltr'><strong>progressum</strong></span> <span class='ocrx_word' id='word_1_395' title='bbox 1231 4259 1270 4319; x_wconf 91' lang='lat' dir='ltr'><strong>sit</strong></span> <span class='ocrx_word' id='word_1_396' title='bbox 1295 4261 1322 4319; x_wconf 97' lang='lat' dir='ltr'><strong>in</strong></span> <span class='ocrx_word' id='word_1_397' title='bbox 1339 4260 1510 4337; x_wconf 86' lang='lat' dir='ltr'><strong>cognitione</strong></span> <span class='ocrx_word' id='word_1_398' title='bbox 1527 4267 1663 4335; x_wconf 89' lang='lat' dir='ltr'><strong>naturae,</strong></span> <span class='ocrx_word' id='word_1_399' title='bbox 1690 4268 1834 4342; x_wconf 86' lang='lat' dir='ltr'><strong>quantum</strong></span> 
     </span>
     <span class='ocr_line' id='line_1_42' title="bbox 473 4348 1359 4431; baseline -0.006 -19"><span class='ocrx_word' id='word_1_400' title='bbox 473 4359 572 4413; x_wconf 88' lang='lat' dir='ltr'><strong>restet</strong></span> <span class='ocrx_word' id='word_1_401' title='bbox 595 4351 719 4431; x_wconf 88' lang='lat' dir='ltr'><strong>etquid</strong></span> <span class='ocrx_word' id='word_1_402' title='bbox 743 4369 831 4430; x_wconf 87' lang='lat' dir='ltr'><strong>porro</strong></span> <span class='ocrx_word' id='word_1_403' title='bbox 857 4349 1090 4428; x_wconf 74' lang='lat' dir='ltr'><strong>exspectandum</strong></span> <span class='ocrx_word' id='word_1_404' title='bbox 1116 4349 1157 4408; x_wconf 92' lang='lat' dir='ltr'><strong>sit</strong></span> <span class='ocrx_word' id='word_1_405' title='bbox 1180 4348 1359 4409; x_wconf 89' lang='lat' dir='ltr'><strong>horninibus.</strong></span> 
     </span>
    </p>

    <p class='ocr_par' dir='ltr' id='par_1_6' title="bbox 435 4436 1833 5050">
     <span class='ocr_line' id='line_1_43' title="bbox 561 4436 1833 4516; baseline 0 -14"><span class='ocrx_word' id='word_1_406' title='bbox 561 4439 623 4502; x_wconf 89' lang='lat' dir='ltr'><strong>Sed</strong></span> <span class='ocrx_word' id='word_1_407' title='bbox 649 4441 686 4500; x_wconf 91' lang='lat' dir='ltr'><strong>ad</strong></span> <span class='ocrx_word' id='word_1_408' title='bbox 711 4439 882 4500; x_wconf 88' lang='lat' dir='ltr'><strong>humiliores</strong></span> <span class='ocrx_word' id='word_1_409' title='bbox 907 4437 1107 4515; x_wconf 80' lang='lat' dir='ltr'><strong>cogitationes</strong></span> <span class='ocrx_word' id='word_1_410' title='bbox 1132 4439 1290 4498; x_wconf 90' lang='lat' dir='ltr'><strong>redeamus</strong></span> <span class='ocrx_word' id='word_1_411' title='bbox 1314 4446 1345 4497; x_wconf 87' lang='lat' dir='ltr'><strong>et</strong></span> <span class='ocrx_word' id='word_1_412' title='bbox 1370 4437 1448 4516; x_wconf 90' lang='lat' dir='ltr'><strong>quod</strong></span> <span class='ocrx_word' id='word_1_413' title='bbox 1468 4444 1607 4514; x_wconf 88' lang='lat' dir='ltr'><strong>coeptum</strong></span> <span class='ocrx_word' id='word_1_414' title='bbox 1623 4436 1833 4501; x_wconf 76' lang='lat' dir='ltr'><strong>absolvamus</strong></span> 
     </span>
     <span class='ocr_line' id='line_1_44' title="bbox 472 4523 1831 4609; baseline -0.001 -17"><span class='ocrx_word' id='word_1_415' title='bbox 472 4528 507 4592; x_wconf 88' lang='lat' dir='ltr'><strong>Si</strong></span> <span class='ocrx_word' id='word_1_416' title='bbox 531 4530 610 4591; x_wconf 90' lang='lat' dir='ltr'><strong>enim</strong></span> <span class='ocrx_word' id='word_1_417' title='bbox 634 4523 655 4588; x_wconf 83' lang='grc'><strong>4</strong></span> <span class='ocrx_word' id='word_1_418' title='bbox 679 4528 820 4608; x_wconf 87' lang='lat' dir='ltr'><strong>planetae</strong></span> <span class='ocrx_word' id='word_1_419' title='bbox 843 4526 950 4587; x_wconf 86' lang='lat' dir='ltr'><strong>Jovem</strong></span> <span class='ocrx_word' id='word_1_420' title='bbox 975 4527 1236 4588; x_wconf 90' lang='lat' dir='ltr'><strong>circumcursitant</strong></span> <span class='ocrx_word' id='word_1_421' title='bbox 1261 4526 1431 4605; x_wconf 87' lang='lat' dir='ltr'><strong>disparibus</strong></span> <span class='ocrx_word' id='word_1_422' title='bbox 1462 4525 1630 4586; x_wconf 84' lang='lat' dir='ltr'><strong>intervallis</strong></span> <span class='ocrx_word' id='word_1_423' title='bbox 1656 4535 1688 4587; x_wconf 90' lang='lat' dir='ltr'><strong>et</strong></span> <span class='ocrx_word' id='word_1_424' title='bbox 1712 4535 1831 4609; x_wconf 88' lang='lat' dir='ltr'><strong>tempo-</strong></span> 
     </span>
     <span class='ocr_line' id='line_1_45' title="bbox 469 4615 1833 4698; baseline -0.001 -18"><span class='ocrx_word' id='word_1_425' title='bbox 469 4618 561 4694; x_wconf 88' lang='lat' dir='ltr'><strong>ribus,</strong></span> <span class='ocrx_word' id='word_1_426' title='bbox 588 4617 741 4698; x_wconf 89' lang='lat' dir='ltr'><strong>quaeritur</strong></span> <span class='ocrx_word' id='word_1_427' title='bbox 765 4617 811 4677; x_wconf 91' lang='lat' dir='ltr'><strong>cui</strong></span> <span class='ocrx_word' id='word_1_428' title='bbox 833 4617 920 4691; x_wconf 90' lang='lat' dir='ltr'><strong>bono,</strong></span> <span class='ocrx_word' id='word_1_429' title='bbox 946 4616 972 4675; x_wconf 90' lang='lat' dir='ltr'><strong>si</strong></span> <span class='ocrx_word' id='word_1_430' title='bbox 996 4616 1067 4677; x_wconf 92' lang='lat' dir='ltr'><strong>nulli</strong></span> <span class='ocrx_word' id='word_1_431' title='bbox 1092 4625 1160 4676; x_wconf 89' lang='lat' dir='ltr'><strong>sunt</strong></span> <span class='ocrx_word' id='word_1_432' title='bbox 1185 4617 1214 4676; x_wconf 91' lang='lat' dir='ltr'><strong>in</strong></span> <span class='ocrx_word' id='word_1_433' title='bbox 1230 4616 1316 4676; x_wconf 85' lang='lat' dir='ltr'><strong>Jovis</strong></span> <span class='ocrx_word' id='word_1_434' title='bbox 1332 4615 1432 4693; x_wconf 85' lang='lat' dir='ltr'><strong>globo,</strong></span> <span class='ocrx_word' id='word_1_435' title='bbox 1451 4615 1499 4695; x_wconf 86' lang='lat' dir='ltr'><strong>qui</strong></span> <span class='ocrx_word' id='word_1_436' title='bbox 1524 4615 1733 4678; x_wconf 88' lang='lat' dir='ltr'><strong>admirandam</strong></span> <span class='ocrx_word' id='word_1_437' title='bbox 1758 4618 1833 4680; x_wconf 91' lang='lat' dir='ltr'><strong>hanc</strong></span> 
     </span>
     <span class='ocr_line' id='line_1_46' title="bbox 435 4704 1831 4784; baseline 0.001 -18"><span class='ocrx_word' id='word_1_438' title='bbox 435 4775 437 4780; x_wconf 44' lang='grc'>,</span> <span class='ocrx_word' id='word_1_439' title='bbox 468 4709 650 4769; x_wconf 86' lang='lat' dir='ltr'><strong>varietatem</strong></span> <span class='ocrx_word' id='word_1_440' title='bbox 674 4706 735 4767; x_wconf 88' lang='lat' dir='ltr'><strong>suis</strong></span> <span class='ocrx_word' id='word_1_441' title='bbox 761 4714 865 4766; x_wconf 90' lang='lat' dir='ltr'><strong>notent</strong></span> <span class='ocrx_word' id='word_1_442' title='bbox 889 4705 1008 4765; x_wconf 82' lang='lat' dir='ltr'><strong>oculis?</strong></span> <span class='ocrx_word' id='word_1_443' title='bbox 1047 4706 1126 4765; x_wconf 79' lang='lat' dir='ltr'><strong>Nam</strong></span> <span class='ocrx_word' id='word_1_444' title='bbox 1152 4706 1230 4784; x_wconf 88' lang='lat' dir='ltr'><strong>quod</strong></span> <span class='ocrx_word' id='word_1_445' title='bbox 1254 4725 1308 4765; x_wconf 89' lang='lat' dir='ltr'><strong>nos</strong></span> <span class='ocrx_word' id='word_1_446' title='bbox 1333 4705 1362 4763; x_wconf 92' lang='lat' dir='ltr'><strong>iu</strong></span> <span class='ocrx_word' id='word_1_447' title='bbox 1387 4705 1443 4764; x_wconf 89' lang='lat' dir='ltr'><strong>hac</strong></span> <span class='ocrx_word' id='word_1_448' title='bbox 1464 4705 1557 4764; x_wconf 84' lang='lat' dir='ltr'><strong>Terra</strong></span> <span class='ocrx_word' id='word_1_449' title='bbox 1582 4704 1704 4780; x_wconf 89' lang='lat' dir='ltr'><strong>attinet,</strong></span> <span class='ocrx_word' id='word_1_450' title='bbox 1730 4708 1831 4771; x_wconf 87' lang='lat' dir='ltr'><strong>nescio</strong></span> 
     </span>
     <span class='ocr_line' id='line_1_47' title="bbox 469 4792 1831 4877; baseline 0.002 -21"><span class='ocrx_word' id='word_1_451' title='bbox 469 4796 576 4877; x_wconf 89' lang='lat' dir='ltr'><strong>quibus</strong></span> <span class='ocrx_word' id='word_1_452' title='bbox 599 4795 766 4857; x_wconf 89' lang='lat' dir='ltr'><strong>rationibus</strong></span> <span class='ocrx_word' id='word_1_453' title='bbox 791 4795 857 4873; x_wconf 92' lang='lat' dir='ltr'><strong>quis</strong></span> <span class='ocrx_word' id='word_1_454' title='bbox 882 4794 952 4855; x_wconf 91' lang='lat' dir='ltr'><strong>mihi</strong></span> <span class='ocrx_word' id='word_1_455' title='bbox 975 4793 1177 4873; x_wconf 87' lang='lat' dir='ltr'><strong>persuadeat,</strong></span> <span class='ocrx_word' id='word_1_456' title='bbox 1211 4803 1243 4854; x_wconf 93' lang='lat' dir='ltr'><strong>ut</strong></span> <span class='ocrx_word' id='word_1_457' title='bbox 1275 4794 1343 4854; x_wconf 89' lang='lat' dir='ltr'><strong>illos</strong></span> <span class='ocrx_word' id='word_1_458' title='bbox 1378 4792 1462 4853; x_wconf 88' lang='lat' dir='ltr'><strong>nobis</strong></span> <span class='ocrx_word' id='word_1_459' title='bbox 1495 4793 1689 4872; x_wconf 86' lang='lat' dir='ltr'><strong>potissimum</strong></span> <span class='ocrx_word' id='word_1_460' title='bbox 1718 4796 1831 4859; x_wconf 86' lang='lat' dir='ltr'><strong>servire</strong></span> 
     </span>
     <span class='ocr_line' id='line_1_48' title="bbox 467 4882 1830 4964; baseline 0.003 -20"><span class='ocrx_word' id='word_1_461' title='bbox 467 4884 606 4959; x_wconf 85' lang='lat' dir='ltr'><strong>credam,</strong></span> <span class='ocrx_word' id='word_1_462' title='bbox 642 4883 691 4964; x_wconf 92' lang='lat' dir='ltr'><strong>qui</strong></span> <span class='ocrx_word' id='word_1_463' title='bbox 722 4884 790 4944; x_wconf 91' lang='lat' dir='ltr'><strong>illos</strong></span> <span class='ocrx_word' id='word_1_464' title='bbox 813 4902 962 4961; x_wconf 89' lang='lat' dir='ltr'><strong>nunquam</strong></span> <span class='ocrx_word' id='word_1_465' title='bbox 987 4882 1201 4961; x_wconf 88' lang='lat' dir='ltr'><strong>conspicirnus;</strong></span> <span class='ocrx_word' id='word_1_466' title='bbox 1232 4903 1327 4962; x_wconf 89' lang='lat' dir='ltr'><strong>neque</strong></span> <span class='ocrx_word' id='word_1_467' title='bbox 1352 4889 1399 4941; x_wconf 88' lang='lat' dir='ltr'><strong>est</strong></span> <span class='ocrx_word' id='word_1_468' title='bbox 1423 4882 1675 4961; x_wconf 84' lang='lat' dir='ltr'><strong>exspectandum,</strong></span> <span class='ocrx_word' id='word_1_469' title='bbox 1709 4894 1745 4946; x_wconf 90' lang='lat' dir='ltr'><strong>ut</strong></span> <span class='ocrx_word' id='word_1_470' title='bbox 1774 4886 1830 4948; x_wconf 90' lang='lat' dir='ltr'><strong>tuis</strong></span> 
     </span>
     <span class='ocr_line' id='line_1_49' title="bbox 468 4968 1787 5050; baseline 0.003 -18"><span class='ocrx_word' id='word_1_471' title='bbox 468 4968 608 5035; x_wconf 87' lang='lat' dir='ltr'><strong>Galilaee</strong></span> <span class='ocrx_word' id='word_1_472' title='bbox 632 4972 802 5034; x_wconf 89' lang='lat' dir='ltr'><strong>ocularibus</strong></span> <span class='ocrx_word' id='word_1_473' title='bbox 827 4971 958 5031; x_wconf 90' lang='lat' dir='ltr'><strong>universi</strong></span> <span class='ocrx_word' id='word_1_474' title='bbox 981 4970 1120 5032; x_wconf 89' lang='lat' dir='ltr'><strong>instructi</strong></span> <span class='ocrx_word' id='word_1_475' title='bbox 1144 4971 1213 5031; x_wconf 89' lang='lat' dir='ltr'><strong>illos</strong></span> <span class='ocrx_word' id='word_1_476' title='bbox 1236 4991 1325 5050; x_wconf 90' lang='lat' dir='ltr'><strong>porro</strong></span> <span class='ocrx_word' id='word_1_477' title='bbox 1349 4971 1439 5050; x_wconf 86' lang='lat' dir='ltr'><strong>vulgo</strong></span> <span class='ocrx_word' id='word_1_478' title='bbox 1464 4971 1654 5032; x_wconf 88' lang='lat' dir='ltr'><strong>observaturi</strong></span> <span class='ocrx_word' id='word_1_479' title='bbox 1679 4973 1787 5036; x_wconf 89' lang='lat' dir='ltr'><strong>simus.</strong></span> 
     </span>
    </p>

    <p class='ocr_par' dir='ltr' id='par_1_7' title="bbox 465 5059 1829 5232">
     <span class='ocr_line' id='line_1_50' title="bbox 556 5059 1828 5143; baseline 0.003 -21"><span class='ocrx_word' id='word_1_480' title='bbox 556 5061 623 5123; x_wconf 91' lang='lat' dir='ltr'><strong>Uno</strong></span> <span class='ocrx_word' id='word_1_481' title='bbox 656 5061 722 5121; x_wconf 92' lang='lat' dir='ltr'><strong>loco</strong></span> <span class='ocrx_word' id='word_1_482' title='bbox 753 5069 919 5140; x_wconf 90' lang='lat' dir='ltr'><strong>opportune</strong></span> <span class='ocrx_word' id='word_1_483' title='bbox 949 5059 1164 5121; x_wconf 90' lang='lat' dir='ltr'><strong>occurrendum</strong></span> <span class='ocrx_word' id='word_1_484' title='bbox 1195 5061 1271 5121; x_wconf 90' lang='lat' dir='ltr'><strong>duco</strong></span> <span class='ocrx_word' id='word_1_485' title='bbox 1303 5060 1394 5120; x_wconf 90' lang='lat' dir='ltr'><strong>etiam</strong></span> <span class='ocrx_word' id='word_1_486' title='bbox 1424 5061 1475 5121; x_wconf 91' lang='lat' dir='ltr'><strong>alii</strong></span> <span class='ocrx_word' id='word_1_487' title='bbox 1505 5062 1622 5121; x_wconf 89' lang='lat' dir='ltr'><strong>cuidam</strong></span> <span class='ocrx_word' id='word_1_488' title='bbox 1651 5061 1828 5143; x_wconf 88' lang='lat' dir='ltr'><strong>suspicioni.</strong></span> 
     </span>
     <span class='ocr_line' id='line_1_51' title="bbox 465 5146 1829 5232; baseline 0.003 -23"><span class='ocrx_word' id='word_1_489' title='bbox 465 5146 564 5210; x_wconf 85' lang='lat' dir='ltr'><strong>Erunt</strong></span> <span class='ocrx_word' id='word_1_490' title='bbox 578 5150 665 5224; x_wconf 88' lang='lat' dir='ltr'><strong>enim,</strong></span> <span class='ocrx_word' id='word_1_491' title='bbox 691 5148 797 5227; x_wconf 87' lang='lat' dir='ltr'><strong>quibus</strong></span> <span class='ocrx_word' id='word_1_492' title='bbox 822 5167 899 5209; x_wconf 89' lang='lat' dir='ltr'><strong>vana</strong></span> <span class='ocrx_word' id='word_1_493' title='bbox 924 5147 1063 5209; x_wconf 87' lang='lat' dir='ltr'><strong>videatur</strong></span> <span class='ocrx_word' id='word_1_494' title='bbox 1086 5148 1253 5228; x_wconf 86' lang='lat' dir='ltr'><strong>astrologia</strong></span> <span class='ocrx_word' id='word_1_495' title='bbox 1277 5156 1384 5210; x_wconf 86' lang='lat' dir='ltr'><strong>nostra</strong></span> <span class='ocrx_word' id='word_1_496' title='bbox 1403 5150 1566 5224; x_wconf 89' lang='lat' dir='ltr'><strong>terrestris,</strong></span> <span class='ocrx_word' id='word_1_497' title='bbox 1592 5167 1646 5211; x_wconf 89' lang='lat' dir='ltr'><strong>seu</strong></span> <span class='ocrx_word' id='word_1_498' title='bbox 1670 5159 1705 5213; x_wconf 88' lang='lat' dir='ltr'><strong>ut</strong></span> <span class='ocrx_word' id='word_1_499' title='bbox 1728 5151 1829 5232; x_wconf 90' lang='lat' dir='ltr'><strong>philo·</strong></span> 
     </span>
    </p>
   </div>
   <div class='ocr_carea' id='block_1_3' title="bbox 0 0 2296 6192">
    <p class='ocr_par' dir='ltr' id='par_1_8' title="bbox 0 0 2296 6192">
     <span class='ocr_line' id='line_1_52' title="bbox 0 0 2296 6192; baseline 0 13"><span class='ocrx_word' id='word_1_500' title='bbox 0 0 2296 6192; x_wconf 95' lang='lat' dir='ltr'><strong> </strong></span> 
     </span>
    </p>
   </div>
  </div>
 </body>
</html>
