4584 6192
921 561 953 612 de
970 563 1043 612 11161
1063 563 1166 626 Optlcls.
1685 565 1727 630 67

456 734 496 784 ad
513 735 578 784 haec
591 747 642 784 uon
661 733 789 797 respoudit
800 734 933 798 neptem,
951 741 978 785 et
989 733 1048 785 hinc
1060 736 1118 786 inde
1137 737 1245 786 66663111
1263 704 1438 788 commercium
1456 739 1614 801 epistolarum
1625 740 1730 807 Keplerl

364 812 390 854 st
417 803 565 870 Breuggeri
610 803 686 854 Certe
713 807 823 855 neutrius
846 808 912 856 iuter
936 808 1106 870 manuscripta
1124 806 1227 871 Kepleri
1256 808 1461 872 deprehendimus
1489 810 1618 873 epistelam
1646 820 1728 877 poste·

345 877 453 960 Ι11611111
469 876 544 925 modo
562 877 712 939 praemissa
730 898 764 908 —

459 961 537 1013 Hand
557 964 640 1029 exigui
659 963 692 1012 ad
712 962 817 1027 Opticae
834 964 963 1014 historiam
982 965 1100 1013 momenti
1122 972 1181 1013 suut
1198 964 1285 1014 literae
1304 964 1406 1029 Kepleri
1433 967 1465 1016 ad
1484 966 1632 1019 'rhomam
1650 969 1726 1021 llar-

364 1035 485 1085 riotnm
503 1033 627 1099 huiusque
654 1037 841 1098 responsiones,
869 1049 930 1099 quas
949 1035 1048 1085 exhibet
1065 1032 1254 1084 Hauschius
1277 1037 1302 1083 iu
1329 1036 1475 1089 collectione
1497 1053 1544 1088 663
1571 1041 1727 1104 epistolarum

365 1103 480 1170 inpleri.
499 1119 576 1170 quam
589 1105 621 1155 ob
635 1119 689 1156 rem
707 1119 750 1155 saa
768 1105 887 1169 prioribus
906 1106 1079 1171 adjungendas
1098 1120 1227 1155 censemus
1246 1107 1364 1171 integras,
1384 1110 1524 1171 praemissis
1536 1109 1574 1159 his
1592 1114 1678 1175 paucis
1696 1112 1727 1162 de

366 1173 492 1228 moto.
530 1174 613 1226 Natus
632 1183 671 1226 est
687 1176 818 1226 Harriotus
832 1176 943 1226 Oxouiae
962 1190 1028 1226 anuo
1053 1174 1129 1233 1560,
1150 1177 1208 1226 inde
1227 1191 1243 1226 a
1261 1179 1339 1240 prima
1354 1181 1484 1239 juveutute
1503 1181 1606 1231 multum
1625 1182 1727 1246 proiecit

367 1247 391 1298 11
407 1245 606 1298 mathematicis.
631 1248 707 1298 Auno
728 1243 795 1296 1579
815 1247 912 1298 celeber
923 1247 965 1297 ille
984 1262 1058 1312 eques
1078 1247 1277 1298 Gualtherus
1296 1248 1437 1315 Raleigh
1454 1251 1605 1315 perspiciens
1623 1253 1727 1304 hominis

364 1319 492 1384 Meuium
511 1316 656 1367 Harriotum
674 1320 700 1367 in
718 1318 914 1368 familiaritatem
932 1332 1003 1367 snam
1024 1320 1128 1382 excepit,
1149 1333 1253 1383 eumque
1271 1317 1419 1367 66661561
1438 1322 1463 1370 irr
1483 1324 1624 1373 Americam
1641 1338 1727 1374 secum

367 1387 441 1439 tuit
481 1387 616 1438 Earriotus
634 1388 711 1438 redux
728 1388 835 1438 Londini
853 1389 931 1438 edidit
949 1389 1137 1453 descriptionem
1157 1389 1229 1451 hujus
1254 1390 1348 1439 11166111
1368 1404 1433 1440 auno
1455 1389 1530 1444 1566.
1551 1399 1577 1441 61
1594 1400 1646 1443 tum
1664 1402 1726 1444 tem·

368 1461 431 1526 porte
449 1457 562 1509 Haurico
581 1459 668 1509 Persio
686 1458 877 1510 Nerthumbriae
897 1460 979 1509 comiti
997 1460 1118 1513 innotuit.
1142 1461 1182 1523 qui
1201 1460 1371 1511 munificentia
1388 1463 1458 1526 regia
1481 1462 1599 1513 salarium
1617 1478 1727 1515 aunuum

364 1531 390 1582 d
405 1529 578 1594 suppeditarit
596 1527 649 1578 300
666 1530 746 1594 pondo
765 1531 888 1580 librarum.
915 1528 956 1579 Sic
974 1545 1024 1579 uon
1042 1532 1153 1595 agitatus
1170 1533 1237 1580 ritae
1256 1531 1319 1580 curis
1338 1538 1416 1581 totum
1435 1547 1462 1582 se
1475 1534 1544 1583 dedit
1562 1534 1647 1591 literis,
1666 1535 1727 1586 nihil

370 1607 452 1651 autem
472 1600 532 1651 dnm
550 1600 649 1650 virebat
673 1601 764 1664 publici
781 1603 840 1664 iuris
858 1601 918 1651 iecit
945 1607 1044 1665 praeter
1062 1601 1162 1659 libmm,
1191 1616 1263 1665 quem
1283 1602 1396 1651 diximus.
1433 1602 1538 1653 Moritur
1562 1603 1726 1663 36661621,

366 1671 478 1740 piurimis
497 1671 591 1722 relictis
609 1673 783 1735 manuscriptis
801 1673 993 1728 mathematicis,
1012 1686 1113 1736 quorum
1131 1674 1241 1721 maxima
1258 1686 1328 1736 pars,
1348 1674 1470 1724 referente
1489 1675 1520 1724 de
1539 1674 1641 1733 Zach,
1661 1669 1729 1726 circ'a

370 1741 443 1806 16611
461 1741 541 1793 ntuli
560 1742 637 1806 elapsi
660 1742 758 1792 demum
783 1750 882 1806 reperta
901 1749 945 1792 est.
984 1742 1112 1792 Decennio
1130 1749 1186 1807 post
1214 1750 1317 1792 mortem
1340 1743 1448 1793 Harrioti
1476 1752 1579 1795 curante
1597 1746 1725 1798 Walthero

367 1811 496 1868 Ι11111116,
516 1813 584 1862 socio
602 1812 725 1877 quondam
744 1814 878 1863 studiorum
896 1813 1013 1870 Hatrioti,
1034 1814 1123 1877 prodiit
1140 1814 1246 1862 Londini
1265 1828 1333 1878 opus,
1355 1828 1385 1873 ,e
1403 1816 1538 1879 posthumis
1556 1815 1636 1866 ’1.11.
1655 1818 1725 1868 sche-

370 1884 498 1938 meis
520 1883 705 1947 descnptum“:
734 1884 839 1942 ,Artis
867 1884 1058 1947 analyticae
1085 1887 1210 1947 praxis,
1230 1884 1263 1934 ed
1290 1886 1452 1949 aequatioues
1476 1887 1630 1951 sigebraicas
1652 1901 1726 1944 uore,

372 1956 489 2022 aptita
505 1961 534 2005 at
549 1955 661 2020 generali
679 1954 795 2004 methodo
813 1955 995 2014 resolvendas?
1016 1970 1063 2020 quo
1082 1954 1247 2008 inndsmenta
1259 1955 1389 2005 Harriotus
1403 1958 1468 2006 iuter
1486 1959 1575 2021 primos
1591 1960 1654 2020 jecit
1666 1962 1727 2022 clus,
1827 2007 1829 2011 .

371 2039 441 2092 psus
466 2039 537 2076 nunc
558 2027 697 2092 sequimur,
725 2028 750 2075 in
776 2025 872 2076 calculo
898 2025 1022 2089 analytice
1040 2027 1150 2075 rationis.
1188 2026 1304 2075 Cetemm
1326 2028 1415 2076 merita
1436 2027 1546 2078 llarrioti
1570 2028 1686 2095 leguntur
1703 2030 1727 2079 in

369 2095 475 2148 11111111
490 2095 652 2155 matheseosr
671 2111 735 2162 quae
753 2097 784 2147 de
804 2094 895 2161 Optica
912 2096 1026 2147 habuerit
1044 2111 1126 2155 sensa,
1146 2104 1278 2161 sequentes
1297 2098 1413 2147 exhibent
1430 2098 1525 2148 literae.

458 2184 584 2250 Epistola,
603 2199 653 2251 qua
671 2185 734 2235 adiit
752 2185 874 2250 Keplerus
893 2183 1044 2241 Harriotum,
1065 2185 1169 2234 datad.
1189 2183 1213 2233 2.
1234 2184 1290 2234 Oct.
1313 2182 1388 2246 1606,
1409 2186 1472 2235 haec
1491 2192 1536 2235 est.

458 2273 578 2355 Insigni
601 2294 649 2336 me
678 2274 788 2354 gaudio
811 2274 927 2346 affecit,
952 2274 1093 2336 Harriote
1119 2274 1399 2353 praestantissime,
1422 2273 1577 2337 Johanues
1600 2275 1728 2338 Erikseu

374 2373 459 2438 imp
480 2372 538 2423 vol.
556 2372 578 2423 1.
596 2388 621 2437 p.
641 2369 705 2434 165)
731 2364 811 2425 16161
834 2363 946 2436 harum,
972 2363 1041 2423 dum
1070 2363 1222 2424 recensuit
1246 2381 1312 2423 esse
1333 2361 1361 2422 iu
1377 2362 1535 2432 Britannia
1558 2362 1653 2425 virum
1676 2383 1730 2443 per

378 2454 474 2516 omnia
502 2461 631 2515 naturae
661 2470 773 2514 arcana
805 2450 1059 2525 versatissimum,
1089 2451 1138 2532 qui
1168 2470 1283 2512 mecum
1305 2469 1359 2529 per
1392 2451 1496 2512 literas
1520 2452 1649 2532 colloqui
1672 2453 1729 2520 uisi

376 2541 570 2624 impediretur
593 2539 802 2621 percupiisset,
828 2540 936 2620 quique
961 2540 1071 2601 habeat
1093 2539 1123 2601 in
1147 2539 1249 2618 optica
1276 2538 1436 2619 praecipue
1461 2539 1622 2619 disciplina
1644 2540 1729 2620 priu-

378 2629 451 2712 cipia
474 2648 557 2694 nora
581 2639 613 2692 et
635 2630 725 2710 vulgo
748 2629 870 2710 ignota,
895 2646 933 2689 ex
962 2627 1069 2707 quibus
1093 2636 1125 2689 et
1148 2647 1233 2690 meus
1256 2626 1382 2706 Optices
1412 2628 1486 2690 iiber
1510 2628 1729 2709 etquicunque

377 2728 463 2782 autea
485 2718 663 2801 prodierunt
686 2736 743 2779 nou
767 2726 885 2779 tantum
914 2716 1012 2778 manci
1034 2717 1202 2778 sedetiam
1226 2716 1402 2778 aberrantes
1424 2717 1729 2796 deprehenderentur.

458 2806 665 2872 Extimularit
687 2825 733 2868 me
756 2805 817 2868 1616
840 2804 988 2880 63113116,
1019 2813 1054 2866 ut
1078 2805 1183 2867 1116166
1213 2805 1267 2866 has
1291 2805 1320 2866 iu
1349 2804 1437 2883 hujus
1466 2815 1536 2866 tuae
1570 2806 1730 2880 amicitiae,

380 2895 443 2960 111111
467 2903 558 2960 16616
587 2913 654 2958 cnm
681 2894 892 2958 benevolentia
924 2893 1110 2967 destinatae,
1149 2912 1302 2955 occursum
1335 2893 1503 2956 emitterem
1535 2901 1624 2973 teque
1652 2895 1731 2956 ultro

383 2983 584 3059 obsecrarem,
608 2983 708 3046 nullas
731 3002 821 3065 porro
845 3001 945 3045 moras
972 2981 1123 3043 scribendi
1148 2981 1256 3043 adme
1280 2982 1488 3062 interponeres
1515 3002 1611 3062 neque
1635 3002 1731 3046 meum

380 3073 555 3137 desiderium
583 3071 739 3146 differrem
777 3083 807 3134 et
836 3070 972 3151 quamvis
1001 3071 1083 3131 absit
1112 3090 1200 3132 omen
1232 3079 1265 3131 ut
1293 3070 1457 3132 etiamnum
1490 3071 1732 3150 circumscriptus

380 3163 416 3226 sis
443 3169 583 3233 (1166116111
605 3168 708 3219 Parcius
732 3170 815 3220 tentor
831 3168 941 3218 Harrioti
966 3181 1031 3217 auno
1056 3165 1124 3217 1606
1142 3169 1168 3217 in
1192 3167 1292 3218 vincula
1316 3170 1444 3230 conjectus
1463 3175 1501 3218 est
1518 3168 1549 3218 ob
1567 3169 1731 3233 suspicionem

381 3251 538 3328 66613316πί6,
557 3249 735 3313 coniurationis
757 3249 838 3304 illius,
862 3249 902 3298 cui
927 3263 1017 3299 nomeu
1037 3254 1075 3298 est
1100 3249 1130 3297 de
1149 3249 1247 3313 puluere
1264 3249 1356 3298 6111316
1375 3247 1473 3312 (Gomp.
1497 3248 1553 3298 Vol.
1572 3247 1593 3299 1.
1613 3265 1638 3313 p.
1658 3245 1731 3323 aba),

380 3337 403 3381 tt
425 3345 472 3397 par
498 3330 640 3395 quindecim
669 3342 748 3380 anuos
776 3332 802 3380 16
828 3343 928 3380 carcero
956 3329 1080 3379 detentus.
1129 3328 1169 3378 De
1195 3328 1305 3378 Harrioti
1332 3344 1389 3379 reso
1417 3328 1559 3379 detentione
1583 3328 1644 3378 nihil
1671 3330 1732 3380 certi

380 3407 495 3471 6116111),
527 3411 631 3464 tamen
650 3400 676 3462 si
691 3402 736 3463 ita
754 3402 833 3463 forte
855 3399 1017 3480 contigerit
1035 3403 1084 3472 (ut
1098 3409 1169 3461 sunt
1184 3413 1287 3479 regum
1309 3399 1431 3480 negotia
1453 3399 1581 3480 privatis
1604 3419 1732 3462 onerosa

378 3501 409 3552 et
436 3490 558 3565 16613),
595 3490 645 3552 161
683 3499 820 3571 apertam
852 3489 891 3551 nd
924 3508 970 3551 rue
1004 3488 1110 3551 mittas
1143 3488 1302 3568 epistolam
1335 3490 1360 3550 si
1397 3488 1502 3550 clausa
1533 3488 1732 3569 suspicionem

377 3595 479 3660 parere
503 3578 614 3660 possit.

462 3667 562 3733 Lecto
589 3685 658 3742 meo
692 3668 768 3730 libro
800 3667 940 3747 ignorare
968 3684 1026 3728 non
1059 3673 1164 3747 potes,
1202 3665 1309 3746 quibus
1337 3664 1367 3726 in
1400 3664 1627 3746 quaestionibus
1655 3684 1675 3725 a
1702 3673 1732 3726 te

377 3756 494 3838 curiam
517 3755 638 3832 erudiri,
663 3756 739 3818 adeo
754 3756 926 3838 frequenter
940 3755 979 3816 ad
998 3753 1043 3817 tui
1061 3753 1202 3815 similium
1216 3754 1377 3833 provocavi
1397 3752 1562 3816 solertiam.
1588 3752 1696 3834 Capite
1709 3754 1730 3813 l.

378 3844 532 3926 principiis
556 3863 629 3907 usus
659 3864 727 3907 sum
755 3843 934 3924 theologicis
961 3843 1059 3921 magis
1089 3862 1178 3922 quam
1206 3842 1330 3921 opticis,
1363 3860 1511 3921 quaeres
1535 3842 1652 3922 arguit,
1685 3859 1732 3902 me

377 3941 562 3998 usturam
584 3932 681 3995 lucis
703 3933 824 4012 penitus
838 3934 987 4012 ignorare.
1025 3931 1078 3993 Sic
1097 3939 1129 3991 et
1152 3932 1313 3993 colorum
1335 3930 1512 4009 originem
1535 3939 1567 3991 et
1590 3930 1732 3990 differen-

377 4021 440 4086 tias
461 4021 648 4085 essentiales
672 4020 728 4083 abs
747 4030 788 4096 te,
813 4021 863 4101 qui
885 4020 1029 4104 chymicis
1047 4037 1170 4100 operam
1193 4019 1259 4095 das,
1284 4019 1399 4080 discere
1425 4037 1510 4080 aveo.
1548 4018 1613 4079 Hoc
1637 4018 1734 4079 solum

376 4109 474 4174 habeo
499 4109 539 4173 ab
562 4109 767 4191 experientia,
795 4110 826 4172 in
849 4108 1043 4172 conterminio
1071 4108 1270 4169 refractorum
1292 4116 1324 4169 et
1351 4107 1401 4189 qui
1423 4126 1444 4169 a
1466 4106 1564 4169 lucido
1588 4106 1693 4186 etqui
1716 4126 1735 4166 a

376 4197 475 4262 miuus
489 4198 591 4263 lucido
609 4198 750 4278 primitus
770 4197 897 4278 delapsi,
915 4196 1096 4260 refractione
1115 4195 1144 4258 in
1160 4196 1254 4257 denso
1270 4196 1361 4271 iacta,
1382 4197 1456 4257 fiunt
1469 4194 1554 4275 qussi
1573 4202 1735 4275 tangentes

375 4285 461 4350 1111116
482 4287 598 4350 densae
622 4286 809 4368 superficiei:
834 4287 917 4361 hinc,
940 4285 1079 4366 iuquam,
1104 4284 1176 4347 oriri
1200 4283 1316 4346 colores
1340 4285 1449 4346 ethos
1472 4282 1573 4344 radios
1596 4283 1734 4347 colorari.

378 4375 427 4440 at
449 4395 528 4458 quae
552 4374 595 4438 sit
616 4376 750 4438 colorum
769 4376 876 4448 forma,
900 4392 977 4455 quae
995 4373 1166 4435 differentia
1188 4372 1338 4453 specifica,
1362 4373 1451 4452 piane
1470 4371 1585 4449 ignoro.
1616 4372 1737 4435 Dixerit

371 4463 503 4545 aliquis,
524 4464 628 4527 inesse
652 4464 783 4526 colorem
806 4463 837 4525 iu
859 4463 988 4525 materia
1014 4462 1174 4542 pellucidi,
1202 4472 1273 4523 tunc
1297 4462 1334 4523 ob
1362 4462 1393 4522 id
1417 4460 1514 4540 ipsum
1538 4459 1609 4539 quia
1635 4461 1736 4541 pellu-

371 4551 561 4616 6111616666
584 4551 807 4627 animadverti;
831 4552 953 4614 611666
981 4558 1159 4613 transeunte
1183 4550 1294 4611 multos
1322 4549 1422 4612 radios
1445 4565 1500 4628 per
1526 4548 1651 4610 densum
1674 4549 1736 4611 late

371 4649 573 4706 11166616166
588 4642 738 4704 coarctari
758 4642 787 4703 in
806 4659 895 4702 unum
914 4648 1055 4720 puuctum
1075 4638 1171 4720 quasi,
1192 4638 1293 4717 itaque
1312 4639 1370 4703 hac
1394 4636 1556 4699 incidentia
1578 4638 1738 4699 multomm

375 4731 532 4794 radiorum
556 4729 587 4792 in
612 4747 703 4792 unum
724 4738 867 4811 puuctum
891 4728 1042 4809 praestari
1065 4726 1249 4789 evidentiam
1272 4727 1381 4788 coloris
1405 4723 1501 4800 densi,
1526 4742 1614 4805 quem
1636 4743 1738 4787 secum

376 4817 552 4883 detulerunt
570 4817 659 4893 radii,
690 4819 809 4898 quaudo
832 4817 957 4880 densum
979 4815 1230 4879 transmiserunt:
1259 4824 1294 4877 ut
1317 4814 1377 4891 ita,
1409 4831 1532 4895 quorum
1555 4813 1738 4893 singulorum

376 4909 542 4972 66161666
568 4916 753 4983 6616616161,
772 4906 947 4986 junctorum
966 4913 1118 4967 cernatur.
1156 4905 1240 4966 llaec
1261 4904 1304 4965 616
1328 4903 1533 4984 probabiliter,
1553 4910 1585 4964 et
1598 4920 1740 4963 mensura

377 4997 596 5061 1611361166611
619 5012 690 5057 6666
712 4995 923 5058 accommodat
943 4994 1011 5056 huic
1034 5001 1232 5072 argumeut03
1256 5001 1290 5054 at
1313 4994 1356 5055 sic
1380 5011 1438 5054 uon
1458 4990 1526 5069 pius
1546 5008 1605 5051 uuo
1628 4991 1739 5063 colore,

371 5085 513 5150 1111111161
543 5085 628 5148 16116
657 5083 813 5146 caemlsus
842 5082 1002 5146 obtinetur.
1051 5081 1160 5143 Adhuc
1196 5078 1288 5159 igitur
1316 5081 1484 5161 quaeritur,
1513 5078 1591 5140 unde
1622 5078 1741 5141 ceteri?

1491 5180 1529 5231 51
