4584 6192
796 611 884 662 literae
902 611 1170 680 Keplerialiorumqus
1188 618 1298 662 mutuae·
1571 592 1573 595 Υ
1656 571 1720 676 Til

380 804 448 887 cpur
470 784 523 847 illo
547 784 719 849 dissertare.
765 787 895 851 Primum
918 788 1076 863 admoneo,
1111 786 1214 849 videet
1245 808 1281 849 ne
1305 786 1375 867 quid
1398 785 1485 850 nimis
1509 785 1624 848 tribuat
1646 784 1724 849 visui

378 874 462 937 circa
482 867 671 957 qualitatem
702 883 734 937 et
765 878 895 939 colorem
927 879 1117 939 macularum
1167 875 1278 961 Optioa
1300 875 1378 938 ratio
1408 876 1511 948 docet,
1543 875 1571 936 si
1583 876 1724 942 Veneris
1777 916 1782 925 -

377 963 473 1044 ipsius
496 984 603 1045 corpus
626 965 655 1026 in
679 964 751 1028 Sole
783 966 887 1040 fuerit,
922 966 1110 1046 quantumvis
1140 986 1177 1027 ea
1199 968 1264 1027 luce
1297 967 1419 1034 ιιιιιιι,
1454 984 1512 1044 qua
1543 984 1636 1043 penes
1668 983 1723 1026 uos

377 1053 513 1115 umbram
536 1053 707 1134 corporibus
731 1055 956 1129 circumscribit
982 1065 1083 1117 tamen
1106 1056 1245 1135 quicquid
1264 1056 1369 1117 Venus
1388 1061 1524 1132 occupat,
1547 1054 1578 1114 id
1601 1063 1724 1135 propter

377 1141 552 1211 immensum
586 1143 731 1244 fulgorem
755 1144 836 1208 Solis
871 1161 984 1220 meratn
1016 1145 1150 1207 umbram
1181 1164 1350 1225 merumque
1383 1143 1530 1245 nigrorem
1553 1144 1649 1205 visum
1676 1143 1723 1208 iri.

376 1231 446 1293 Non
469 1234 604 1313 sequitur
627 1229 717 1310 igitur
740 1234 778 1295 ab
802 1255 836 1296 eo
861 1236 939 1315 quod
962 1234 1072 1297 accidit
1094 1235 1142 1296 hio
1174 1234 1251 1296 visui
1284 1235 1322 1294 ad
1355 1252 1416 1293 rem
1447 1232 1555 1310 ipsam,
1589 1234 1723 1295 maculas
1787 1313 1789 1322 Ι
1849 1295 1853 1308 ,

376 1314 495 1383 scilicet
517 1322 595 1385 istas
620 1342 687 1396 esse
701 1321 845 1403 nigriores
860 1344 891 1386 re
910 1343 983 1385 vera
1006 1342 1092 1404 quam
1107 1333 1179 1405 suut
1194 1324 1328 1385 maculae
1344 1321 1458 1383 Lunae.
1496 1320 1641 1383 ιιίιιιιιΙ
1627 1323 1725 1423 'igitur

368 1411 494 1473 ‘censeri
517 1410 607 1476 debet
629 1411 685 1474 hoc
709 1422 915 1492 argumentum
947 1422 1000 1474 aut
1030 1421 1112 1474 certe
1140 1398 1282 1492 pertenue
1316 1412 1353 1471 ad
1386 1410 1633 1481 vindicandum
1625 1430 1723 1490 ipsum
1782 1485 1786 1490 ⁵
1850 1479 1854 1488 ,

376 1496 459 1561 Solis
482 1518 589 1579 corpus
612 1502 651 1562 ab
673 1501 721 1564 his
744 1503 892 1565 maculis·
916 1505 963 1565 At
983 1502 1057 1564 illud
1080 1502 1208 1564 validius
1225 1510 1273 1563 est
1291 1508 1506 1579 argumentum,
1530 1517 1588 1561 non
1612 1501 1723 1563 revorti

376 1589 505 1652 easdem
522 1589 665 1665 maculas,
688 1600 849 1671 postquam
872 1611 979 1673 corpus
1002 1592 1083 1655 Solis
1104 1592 1310 1653 absolverunt.
1347 1590 1444 1651 Video
1468 1588 1584 1650 absolvi
1608 1589 1723 1654 discum

375 1676 459 1739 Solis
483 1679 586 1740 diebus
610 1680 728 1742 circiter
753 1680 803 1744 12.
841 1682 890 1743 Da
912 1701 983 1761 erge
1008 1690 1041 1743 ut
1059 1682 1088 1742 iri
1110 1672 1329 1760 hemisphaerio
1346 1677 1426 1741 Solis
1443 1697 1548 1739 averso
1571 1689 1724 1741 morentur

375 1767 442 1829 dies
466 1766 542 1829 alias
569 1765 618 1844 12,
642 1769 743 1849 itaque
765 1779 836 1851 post
859 1771 925 1832 dies
943 1766 986 1833 24
1006 1771 1096 1832 iidem
1116 1781 1257 1851 aspectus
1277 1769 1455 1848 eaedemque
1477 1768 1613 1829 maculae
1628 1768 1722 1830 debe-

374 1857 450 1920 bant
472 1856 587 1937 redire·
621 1860 699 1938 quod
730 1860 845 1923 factum
875 1880 934 1922 non
957 1867 1006 1921 ιιι
1028 1861 1055 1921 si
1078 1860 1258 1922 credendum
1280 1858 1392 1938 Apelli.
1423 1854 1615 1928 Quindecim
1640 1856 1719 1920 enim

375 1946 482 2008 diebus
506 1947 593 2025 longe
618 1948 695 2010 aliae
718 1950 853 2012 maculae
877 1959 1087 2014 successerunt
1109 1950 1215 2012 eodem
1238 1948 1379 2028 temporis
1408 1946 1507 2027 spatio
1531 1947 1724 2029 absolventes

375 2053 485 2125 corpus
508 2034 599 2098 Solis.
645 2040 710 2100 Aut
732 2038 822 2141 igitur
845 2040 939 2100 series
964 2039 1111 2120 quaedam
1133 2048 1280 2119 perpetua
1311 2045 1359 2097 est
1382 2037 1622 2117 corpusculorum
1644 2022 1723 2104 inter
1822 2090 1825 2094 .
1880 2073 1882 2075 -

375 2143 409 2186 ιι
434 2143 632 2188 connexorum
655 2127 749 2188 lere'
742 2149 771 2189 ιι
794 2129 912 2189 modum
936 2139 1076 2203 catenae,
1108 2147 1184 2208 quae
1215 2126 1360 2207 paulatim
1384 2126 1460 2187 inter
1483 2139 1538 2187 nos
1561 2134 1594 2186 ιι
1615 2143 1723 2228 porpus

374 2211 459 2276 Solis
482 2215 666 2277 traducitur:
692 2226 746 2278 aut
768 2217 794 2280 si
818 2218 886 2280 aliis
910 2218 1093 2297 argumentis
1115 2216 1308 2297 probabitur,
1335 2216 1470 2277 maculas
1493 2215 1580 2275 has
1572 2215 1630 2294 ipsi
1653 2233 1722 2277 cor·

373 2304 441 2384 pori
459 2301 575 2380 Solis
567 2323 676 2379 messe,
702 2316 852 2390 sequetur,
877 2308 946 2368 illas
970 2308 1053 2368 nasci
1077 2315 1108 2368 ιι
1130 2306 1251 2368 interire
1274 2324 1447 2385 rursumque
1470 2303 1563 2365 veluti
1587 2304 1723 2367 elllores-

374 2409 452 2467 cere,
479 2401 512 2455 ut
534 2393 564 2455 in
584 2395 724 2457 candenti
747 2399 836 2470 ferro,
862 2385 968 2478 quibus
991 2394 1128 2475 partibus
1143 2398 1180 2457 ab
1196 2395 1315 2456 humido
1339 2400 1408 2455 atre
1432 2394 1618 2471 adspiratur:
1645 2394 1723 2474 quod
1784 2456 1789 2478 ,

374 2482 508 2562 quotidie
549 2482 646 2544 minus
683 2485 865 2566 minusque
878 2485 1007 2547 absurde
1037 2486 1167 2560 dicetur,
1205 2503 1261 2564 quo
1295 2484 1390 2563 magis
1420 2484 1551 2586 quotidie
1572 2490 1723 2563 patescet

373 2591 473 2634 rerum
496 2572 672 2634 coelestium
695 2594 761 2635 curn
785 2576 978 2637 terrestribus
1002 2575 1153 2654 coguatio.
1198 2574 1278 2636 Nam
1301 2574 1392 2635 etiam
1422 2574 1452 2634 in
1476 2570 1587 2652 Optioa
1608 2574 1722 2635 Astro-

373 2661 492 2724 nomiae
512 2662 602 2723 Parte
622 2663 720 2743 capite
738 2663 796 2727 VL
811 2664 914 2727 Solem
938 2664 1110 2743 comparavi
1134 2663 1274 2725 candenti
1298 2662 1390 2742 lapidi
1412 2682 1465 2724 seu
1488 2662 1588 2742 potius
1611 2662 1722 2743 liquido
1818 2740 1823 2749 .

372 2751 498 2813 metullo
523 2770 655 2813 summae
687 2753 904 2833 pelluciditatis
928 2762 960 2815 et
983 2756 1070 2816 simul
1093 2753 1262 2815 densitatis.
1313 2753 1400 2814 Viam
1433 2752 1477 2813 ait
1509 2751 1652 2813 munitam
1684 2752 1723 2816 ud

375 2849 477 2902 motus
504 2839 630 2903 Veneris
662 2850 693 2903 et
715 2844 868 2914 Mercurii
886 2844 1084 2922 indagandos.
1131 2842 1297 2904 Mercurius
1329 2842 1447 2923 quidem
1479 2842 1583 2922 paucis
1615 2842 1723 2906 abhinc
1823 2838 1827 2844 ’

374 2928 463 2991 aunis
487 2931 579 2991 semel
603 2939 692 3012 atque
717 2932 824 2994 iterum
848 2934 877 2993 in
901 2933 1038 3015 clypeum
1061 2932 1182 2994 Solis
1174 2950 1321 2993 incurrere
1354 2931 1467 3009 poterit
1498 2930 1579 2992 circa
1609 2932 1721 3012 primos

372 3019 499 3082 trientes
517 3017 710 3082 Geminorum
733 3030 771 3083 et
778 3020 952 3100 Sagittarii.
978 3032 1011 3083 at
1035 3022 1070 3083 de
1090 3022 1205 3082 Venere
1229 3021 1302 3089 nihil
1324 3021 1417 3082 habet
1439 3022 1513 3082 haec
1537 3030 1624 3082 aetas
1642 3021 1721 3103 quod

373 3115 486 3190 speret.
535 3106 683 3210 Cuperem
706 3111 808 3192 Apelli
831 3120 934 3173 nostro
958 3112 1068 3172 lectum
1090 3130 1188 3172 meum
1213 3097 1464 3186 „Phaenomenob
1494 3110 1645 3191 singulare
1668 3130 1721 3172 seu
1781 3125 1783 3128 ·
1839 3122 1844 3133 ·

372 3195 586 3266 Mercurium'
578 3217 607 3259 ιι
631 3197 734 3266 Sole.“
781 3201 859 3263 lllud
882 3220 952 3263 vero
984 3201 1185 3280 maximopere
1218 3200 1341 3273 mirum,
1374 3200 1502 3303 aquilam
1534 3201 1616 3262 illam
1639 3198 1721 3261 Solis

372 3296 500 3367 aspectu
523 3288 579 3350 frui
603 3296 636 3348 ut
659 3289 773 3352 Lunae.
819 3290 886 3370 Ego
919 3292 974 3351 hoc
1004 3309 1095 3354 mane,
1121 3309 1194 3351 saue
1228 3309 1316 3370 quam
1348 3289 1465 3351 turbido
1491 3289 1721 3352 instrumentum
1786 3298 1792 3312 “

371 3375 403 3437 ιι
419 3373 521 3437 Solem
544 3376 647 3451 direxi,
673 3379 756 3459 cujus
782 3379 890 3441 vitr'um
913 3378 1050 3459 superius
1073 3398 1130 3440 non
1155 3380 1282 3460 amplius
1302 3380 1429 3459 patebat
1450 3380 1549 3460 capite
1572 3378 1720 3441 aciculae:

371 3476 407 3526 et
429 3484 498 3527 ecce
521 3467 632 3528 nullam
657 3468 774 3531 literam
794 3470 897 3540 ,scribo
920 3488 986 3530 oum
1004 3469 1071 3548 jam
1092 3468 1168 3530 hora
1190 3468 1313 3543 abierit,
1346 3488 1421 3550 quae
1445 3488 1504 3531 non
1527 3470 1664 3530 flammea
1688 3475 1721 3534 et

370 3554 538 3622 rubicunda
561 3556 615 3617 sit:
639 3559 759 3638 prurigo
783 3558 1034 3629 oculosincessit
1055 3558 1257 3634 urentissima,
1283 3560 1417 3639 quamvis
1437 3567 1468 3618 et
1486 3560 1622 3620 caeruleo
1642 3557 1720 3620 vitro

371 3663 421 3706 me
444 3645 618 3706 muniuerim
642 3657 673 3708 et
696 3648 747 3708 vix
770 3650 856 3709 unius
880 3648 977 3710 uictus
1010 3647 1087 3709 oculi
1120 3648 1219 3727 spatio
1243 3648 1388 3727 fulgorem
1412 3646 1494 3709 Solis
1517 3647 1719 3711 sustinuerim.

323 3730 325 3737 ’
369 3733 492 3813 Jupiter
514 3735 588 3814 ipse,
602 3735 723 3820 benigni
747 3745 778 3797 et
803 3737 905 3799 blandi
929 3737 1047 3799 luminis
1066 3736 1166 3811 stella,
1186 3756 1240 3797 nec
1256 3737 1426 3816 frequenter
1440 3736 1591 3815 inspectus
1607 3736 1721 3799 distor-

372 3831 447 3903 quet
469 3826 619 3908 oculorum
635 3828 795 3901 musculos,
820 3827 998 3907 crebrasque
1020 3826 1158 3906 experior
1172 3825 1270 3886 dextri
1285 3826 1362 3887 oculi
1378 3825 1601 3904 trepidationes.
1640 3826 1721 3889 Vale

373 3932 401 3973 o·
415 3912 501 3992 virgo
525 3922 654 3994 tuosque,
674 3917 767 3977 conde
792 3917 910 3991 vultus,
944 3937 981 3978 ne
1003 3934 1085 3978 meos
1108 3916 1227 3994 penitus
1251 3915 1382 3994 configas
1405 3915 1523 3981 oculos:
1549 3924 1602 3977 aut
1624 3915 1650 3978 si
1673 3936 1720 3978 me

370 4021 468 4073 auras,
492 4012 580 4065 noctu
602 4003 666 4065 redi
691 4005 849 4067 luminibus
874 4006 1031 4067 exstinctis
1057 4013 1249 4084 temporaque
1265 4013 1347 4066 tuum
1361 4004 1438 4065 inter
1456 4003 1598 4084 Apellem
1617 4000 1649 4067 ιι
1671 4024 1719 4074 me
1794 4005 1796 4008 ’

370 4091 495 4172 partire,
513 4092 649 4161 interdiu
672 4094 766 4174 ipsius
790 4096 900 4171 oculos,
926 4104 1133 4166 noctu'meam
1156 4103 1285 4155 mentem
1308 4094 1494 4156 exhilaratis.
1723 4161 1726 4166 ,

462 4182 581 4243 Altera
596 4182 725 4263 epistola
748 4185 895 4257 declarat,
919 4204 977 4247 nou
1000 4184 1106 4246 deesse
1131 4184 1256 4247 auctori
1267 4182 1433 4253 consilium,
1451 4183 1506 4264 qui
1526 4191 1558 4245 et
1573 4183 1718 4264 coujunc-

372 4269 448 4332 tioni
466 4270 594 4333 Veneris
614 4274 761 4376 corporali
779 4271 898 4335 ιιιιιιι
914 4273 1125 4335 insidiandum:
1152 4274 1206 4336 sed
1226 4293 1283 4335 non
1302 4282 1352 4334 sat
1374 4274 1457 4335 firmo
1476 4272 1591 4351 judicio
1615 4282 1718 4337 trans-

370 4361 444 4442 fuga
467 4360 591 4449 audivit,
617 4363 666 4441 qui
689 4361 846 4424 existimat
867 4355 1029 4465 propterea
1045 4364 1191 4445 quasdam
1206 4364 1428 4443 conjunctiones
1442 4362 1523 4425 Solis
1543 4373 1574 4426 et
1588 4363 1719 4427 Veneris

335 4526 337 4529 Ι
371 4439 505 4512 directae
530 4453 699 4531 corporales
724 4471 802 4526 esse,
828 4454 897 4532 quia
919 4453 1060 4532 Maginus
1084 4451 1313 4529 exReinholdo,
1337 4449 1523 4514 Reinholdus
1546 4472 1584 4515 ex
1599 4450 1717 4534 Cuper-
1782 4520 1785 4525 ,

370 4539 438 4601 uico
462 4539 531 4601 illas
554 4546 712 4621 praestant
729 4544 917 4621 corporales.
963 4543 1160 4623 Nequaquam
1183 4562 1262 4604 vero
1309 4543 1386 4605 Nam
1402 4542 1604 4617 Ptolemaeus,
1630 4561 1718 4623 quem

371 4626 556 4709 Cupernicus
589 4630 647 4692 sibi
680 4639 831 4693 sumserat
868 4632 1059 4709 imitandum,
1097 4631 1185 4713 plane
1217 4632 1329 4694 nullam
1362 4630 1499 4693 concedit
1531 4632 1716 4733 corporalem
1766 4644 1768 4650 ’

370 4718 500 4781 Veneris
524 4727 555 4780 et
578 4715 659 4782 Solis
682 4721 930 4822 conjunctionem.
978 4721 1102 4785 Scilicet
1132 4721 1394 4801 praestantissimo
1418 4721 1525 4783 artifici
1548 4721 1636 4783 unica
1658 4722 1715 4783 ob-

365 4809 460 4888 jectio
483 4808 627 4888 imposuit
649 4828 759 4884 eorum,
784 4809 844 4898 qui,
869 4821 902 4872 ut
917 4812 1065 4873 Venerem
1080 4810 1316 4891 Mercuriumque
1341 4810 1548 4891 supraSolem
1571 4811 1731 4901 locarent'
1789 4832 1791 4836 ’

368 4893 518 4978 negarunt
540 4894 654 4960 ullam
655 4918 784 4979 uuquam
806 4901 903 4961 visam
927 4899 1181 4966 subincursionem
1204 4900 1306 4963 horum
1327 4902 1514 4981 planetarum
1530 4899 1585 4962 sub
1600 4894 1713 4963 Solem.

368 4987 481 5070 Atqui
489 5007 544 5050 nec
569 4986 624 5067 ipsi
642 4989 843 5050 attenderunt
865 5010 920 5051 nec
944 5010 1045 5051 omnes
1070 4989 1199 5050 omnium
1221 4990 1386 5051 seculorum
1409 4999 1597 5052 astronomos
1626 4991 1713 5053 audi·
1728 4992 1732 5004 '

368 5085 490 5139 verant.
535 5076 665 5139 Exstitit
688 5077 839 5139 Αιιιιιιι
865 5082 933 5151 (ιιι
957 5080 1035 5160 quod
1058 5079 1196 5159 conjicio,
1219 5080 1411 5155 Avenrodan,
1436 5090 1469 5142 ut
1490 5071 1733 5147 Miraudolauue.

366 5168 613 5249 testaturopere
636 5175 741 5249 contra
764 5170 965 5258 astrologos),
990 5167 1108 5232 exstitit
1130 5176 1163 5231 ot
1183 5169 1330 5231 Adelmus
1352 5168 1531 5250 Monachus,
1556 5169 1606 5251 qni
1628 5170 1714 5240 Mer·
1800 5241 1819 5255 1,
