4584 6192
794 588 928 656 542
2028 587 2284 650 Dioptriee

974 764 1177 826 LXV.
1272 760 1726 840 PropositiO.
1824 761 2343 838 Convergentibus
2384 781 2733 842 quacunque
2794 768 3033 830 ratione
3076 772 3273 837 nnius
3326 781 3588 848 radiosi

794 853 999 936 puncti
1049 852 1235 913 radiis
1282 869 1492 911 versus
1541 850 1795 923 oculum,
1846 851 2213 928 impossibile
2262 857 2359 910 est
2406 851 2529 911 fieri
2580 853 2932 916 distinctam
2983 858 3332 926 visionem.

974 939 1186 1003 Omnis
1236 938 1392 1000 enim
1438 939 1645 998 oculus
1695 938 1890 998 factus
1939 946 2050 1011 est,
2100 946 2167 999 ut
2213 946 2320 998 aut
2356 947 2587 999 remota
2618 941 2905 1004 distincte
2956 947 3182 1010 videat
3234 962 3362 1017 aut,
3411 978 3580 1038 pro,

790 1031 1037 1114 pinqua.
1131 1029 1395 1090 Remota
1442 1026 1684 1087 radiant
1730 1027 1897 1105 quasi
1947 1029 2335 1104 παραλληλως
2369 1029 2506 1104 (per
2541 1028 2818 1104 XXIII).
2917 1034 3296 1119 Propinqua
3350 1046 3580 1112 diver,

792 1130 1010 1200 gentes
1058 1118 1308 1179 mittunt
1354 1114 1556 1177 radios
1606 1115 1665 1175 in
1717 1115 1948 1175 oculum
1998 1117 2132 1193 (per
2169 1116 2439 1185 XXIV).
2535 1115 2781 1178 Nullum
2831 1139 2975 1199 ergo
3028 1125 3352 1192 distincte
3406 1136 3578 1200 visi-

791 1210 910 1271 bile
957 1214 1243 1286 punctum
1293 1204 1493 1264 radiat
1541 1203 1649 1276 sic,
1703 1212 1770 1263 ut
1817 1204 1945 1280 ejus
1992 1204 2145 1264 radii
2196 1203 2293 1263 ubi
2346 1203 2577 1263 oculum
2630 1213 2889 1284 tangunt
2937 1229 3374 1294 convergant„

740 1354 763 1374 ‘
880 1350 1267 1410 Hactenus
1335 1346 1416 1404 de
1485 1343 1706 1403 oculo
1775 1351 1846 1402 et
1912 1342 2243 1403 visione:
2313 1343 2662 1421 sequitur
2723 1347 2805 1407 de
2866 1350 3141 1415 usibus
3213 1357 3478 1427 lentis

1854 1439 2199 1509 respectu
2250 1431 2467 1493 oculi

1451 1556 1685 1618 LXVI.
1778 1553 2093 1614 Axioma
2141 1553 2499 1633 Opticum.
2575 1555 2703 1617 Res
2745 1560 3030 1637 cognitae
3085 1565 3459 1637 distantiae
3509 1590 3578 1643 et

1277 1646 1622 1725 incognitae
1672 1642 2094 1720 magnitudinis
2126 1644 2235 1704 sub
2284 1661 2499 1721 magno
2538 1644 2792 1706 visionis
2842 1652 3068 1727 angulo
3104 1674 3184 1715 ex
3229 1659 3574 1741 inopinato

1278 1734 1712 1812 comprehensa
1758 1731 1994 1791 videtur
2041 1751 2277 1810 magna,
2331 1732 2440 1791 sub
2487 1752 2676 1812 parvo
2725 1753 2934 1813 parva.

1453 1822 1752 1884 Probatur
1798 1820 1856 1880 in
1905 1819 2107 1898 Optic.
2162 1840 2235 1879 ex
2281 1820 2454 1880 XIX.

1298 1968 1305 1976 .
1454 1908 1715 1972 LXVII.
1792 1908 2099 1970 Axioma
2146 1908 2513 1986 Opticnm.
2591 1911 2927 1973 Intervalla
2977 1915 3141 1979 inter
3193 1925 3460 1990 oculum
3507 1941 3574 1994 et

1278 2023 1403 2065 rem
1452 2000 1738 2060 minutam
1777 2006 1915 2058 sunt
1945 1998 2001 2058 in
2045 2017 2258 2059 eversa
2305 1998 2690 2075 proportione
2739 2002 3100 2079 angulorum
3142 2009 3568 2082 visoriorum:

1278 2093 1388 2153 hoc
1438 2100 1560 2160 est,
1613 2105 1726 2166 quo
1775 2086 2008 2166 longius
2055 2107 2151 2147 res
2201 2086 2508 2165 quaelibet
2554 2087 2817 2161 recedit,
2880 2090 2993 2152 hoc
3042 2095 3275 2160 minori
3330 2110 3568 2185 angulo

1426 2180 1562 2239 itur.

1281 2200 1420 2243 cem
1456 2264 1748 2327 LXVIII.
1841 2262 1969 2322 Res
2008 2262 2283 2340 cognitae
2335 2263 2765 2338 magnitudinis
2807 2275 2871 2325 et
2900 2267 3272 2349 incognitae
3305 2278 3563 2346 distan-

1279 2360 1422 2432 tiae,
1471 2364 1537 2415 ut
1584 2353 1770 2413 facies
1818 2351 2069 2412 hominis
2119 2350 2338 2422 adulti,
2390 2350 2559 2412 unico
2620 2353 2790 2414 oculo
2842 2356 2953 2416 sub
3004 2377 3244 2440 magno
3298 2367 3564 2435 visionis

1279 2446 1494 2524 angulo
1527 2462 1603 2503 ex
1640 2441 1947 2520 inopinato
1996 2440 2448 2519 comprehensa,
2498 2440 2732 2502 videtur
2779 2445 3145 2526 propinqua,
3198 2455 3561 2538 sub-parvo

1281 2541 1514 2598 remota
1560 2535 1697 2610 (per
1742 2531 2035 2602 LXVII).

974 2670 994 2702 Ι,
1063 2673 1071 2709 ,Ι
1199 2692 1202 2701 ¹
1453 2622 1881 2682 Estconversa
1911 2617 2342 2679 demonstratio
2363 2616 2596 2695 prioris.
2657 2618 2850 2679 Unico
2873 2639 3017 2682 vero
3042 2628 3229 2688 oculo
3250 2630 3557 2699 visionem

970 2705 990 2785 ’,ι’
1075 2753 1103 2801 '.'·
1171 2733 1207 2786 '1¹
1279 2718 1519 2792 oportet
1566 2729 1700 2770 esse
1748 2717 2083 2788 peractam;
2133 2705 2271 2784 quia
2311 2706 2571 2766 dualitas
2612 2714 2674 2766 et
2703 2707 2999 2771 distantia
3048 2716 3385 2784 oculorum
3417 2727 3558 2798 (nec

974 2797 1215 2889 'gg-²1
1281 2803 1472 2863 minus
1522 2807 1585 2858 et
1640 2807 1836 2858 motus
1903 2796 2159 2874 capitis,
2226 2795 2417 2855 vicem
2487 2797 2774 2874 supplens
2841 2798 3103 2875 plurium
3176 2807 3555 2877 distantium

1083 2879 1259 2973 fl-'ssifl
1280 2891 1434 2951 inter
1480 2908 1546 2948 se
1595 2888 1926 2960 oculorum)
1976 2885 2329 2946 distantiam
2369 2885 2474 2955 rei,
2522 2885 2573 2944 si
2623 2886 3088 2964 proportionata
3141 2904 3267 2971 est,
3325 2919 3411 2962 ex
3457 2904 3553 2964 in-

870 2977 878 3013 '¹
1071 2988 1083 3057 Ιι·
1175 2989 1207 3061 j:
1278 2979 1522 3058 cognita
1568 2976 1766 3037 reddit
1811 2975 2135 3053 cognitam.

1171 3065 1175 3077 '
1452 3066 1681 3127 LXIX.
1761 3063 1909 3126 Cum
1958 3064 2138 3141 igitur
2184 3068 2417 3123 remota
2453 3060 2651 3121 omnia
2699 3070 2987 3139 putentur
3042 3070 3273 3133 eodem
3328 3078 3552 3142 abesse

1131 3224 1135 3233 ¹
1283 3155 1628 3228 intervallo,
1682 3154 1896 3232 quippe
1943 3151 2286 3230 incognit0‚
2349 3150 2503 3229 quod
2556 3157 2756 3210 tamen
2806 3151 2882 3210 ob
2931 3152 3048 3215 hoc
3101 3157 3358 3240 ipsum,
3414 3171 3552 3248 quia

1175 3241 1179 3256 '
1280 3247 1455 3307 valde
1505 3250 1794 3303 remotum
1858 3241 2026 3321 quasi
2093 3239 2397 3318 cognitum
2458 3239 2790 3317 concipitur
2844 3241 3045 3311 (verbi
3107 3265 3315 3312 causa
3367 3275 3547 3319 unam

1014 3333 1018 3341 “
1091 3353 1103 3393 s
1163 3313 1171 3374 ¹¹
1279 3335 1429 3397 coeli
1480 3332 1843 3409 concipimus
1892 3329 2284 3408 superficiem,
2336 3328 2393 3388 in
2436 3346 2554 3406 qua
2600 3327 2788 3388 insint
2822 3347 3030 3392 omnes
3080 3338 3344 3410 stellae.
3397 3364 3547 3425 quo-

1278 3443 1505 3502 cunque
1555 3420 1857 3481 intervalli
1907 3418 2272 3488 discrimine)
2324 3423 2555 3479 remota
2593 3416 2776 3493 igitur
2816 3416 3171 3497 incognitae
3224 3436 3545 3511 maguitu-

1283 3512 1438 3574 dinis
1487 3510 1596 3570 sub
1646 3510 1857 3586 majori
1926 3510 2143 3586 angulo
2213 3508 2379 3580 visa,
2450 3506 2681 3585 majora
2744 3513 3076 3586 putantur,
3147 3518 3267 3578 sub
3332 3523 3544 3585 minori

1286 3601 1531 3671 minora,
1585 3600 1879 3660 absolute.
1974 3599 2067 3657 Ex
2117 3596 2346 3656 LXVI.
3254 3611 3262 3619 ’

1461 3690 1546 3750 Ut
1594 3689 1642 3749 si
1693 3708 1810 3765 qua
1855 3688 2087 3747 ratione
2137 3686 2423 3763 anguluS,
2476 3702 2588 3761 quo
2637 3684 2813 3743 Luna
2860 3684 3136 3762 videtur,
3191 3698 3525 3773 amplietur

1287 3782 1514 3840 Lunam
1592 3778 1785 3855 ipsam
1858 3776 2200 3855 putabimus
2275 3773 2563 3850 majorem
2633 3792 2767 3832 esse
2845 3774 3174 3852 effectam3
3261 3787 3410 3864 quia
3475 3751 3541 3850 dg

1283 3868 1574 3929 distantia
1616 3868 1822 3926 Lunae
1873 3864 2014 3925 nihil
2066 3863 2226 3923 aliud
2277 3861 2662 3939 concipimuS,
2714 3880 2888 3939 quam
2931 3862 3084 3924 hoc:
3138 3868 3338 3949 illam,
3394 3897 3536 3957 quo-

1284 3977 1510 4037 cunque
1561 3956 1836 4015 videatur
1885 3954 2121 4030 angul0,
2173 3951 2228 4011 in
2279 3952 2487 4010 eodem
2537 3951 2702 4009 coelo
2752 3969 3018 4013 manere.

1163 4105 1167 4110 ,
1458 4046 1655 4105 LXX.
1749 4041 2201 4120 PropositiO.
2298 4041 2415 4100 Per
2465 4039 2657 4099 lentes
2707 4057 3047 4114 convean,
3102 4049 3287 4109 oculo
3339 4054 3534 4131 posito

1071 4189 1103 4217 Ι,
1283 4139 1442 4197 intra
1486 4133 1994 4214 propinquitatem
2032 4130 2236 4209 puncti
2284 4148 2607 4189 concursus
2655 4128 2957 4189 radiorum
2988 4131 3068 4191 ab
3113 4154 3238 4196 uno
3282 4140 3533 4204 visibilis

1280 4233 1500 4305 puncto
1569 4222 1910 4289 fluentium,
1978 4220 2212 4280 visibile
2276 4224 2768 4296 repraesentatur
2836 4216 2895 4279 in
2958 4240 3068 4280 suo
3135 4223 3300 4301 situ,
3376 4250 3433 4293 v,
3478 4251 3529 4311 g,

1227 4337 1235 4357 ··
1282 4324 1562 4386 erectum,
1614 4312 1664 4372 si
1712 4311 1904 4388 ipsum
1952 4318 2046 4369 est
2094 4317 2393 4368 erectum:
2447 4314 2509 4366 et
2556 4314 2779 4367 cetera.

1459 4403 1559 4463 Sit
1604 4402 1736 4461 lens
1782 4401 1925 4471 AB,
1976 4398 2209 4459 visibile
2261 4396 2386 4469 GE,
2438 4415 2554 4456 non
2595 4396 2724 4473 jam
2773 4395 3007 4455 unicum
3078 4412 3386 4478 punctum
3429 4409 3528 4469 sed

1285 4492 1616 4573 quantitaS.
1711 4490 1944 4550 Puncta
1992 4487 2246 4548 visibilis
2297 4494 2566 4545 extrema
2614 4484 2661 4544 C
2712 4495 2772 4544 et
2818 4485 2890 4544 E.
2976 4486 3281 4554 Radiatio
3332 4498 3528 4573 puncti

1286 4583 1333 4645 G
1376 4584 1457 4643 sit
1497 4580 1672 4652 CBF,
1719 4576 1898 4652 CIIF,
1935 4578 2098 4638 CAF
2131 4578 2256 4648 δια,
2311 4581 2591 4652 punctum
2632 4593 2955 4634 concursus
2986 4576 3056 4636 F.
3124 4578 3236 4642 Sic
3269 4585 3525 4647 radiatio

1282 4672 1487 4752 puncti
1535 4671 1587 4730 E
1637 4670 1717 4729 sit
1764 4668 1968 4741 EssD,
2019 4667 2228 4739 EKD,
2278 4663 2449 4725 EAD
2510 4664 2653 4734 δια,
2720 4671 3005 4740 punctum
3069 4685 3410 4736 concursus
3455 4675 3522 4736 D.

1284 4762 1382 4822 Sit
1439 4762 1568 4839 jam
1637 4759 1839 4819 oculus
1904 4758 2063 4817 intra
2126 4762 2348 4831 puncta
2415 4771 2735 4813 concursus
2783 4752 2857 4825 D,
2909 4754 2958 4812 F
3008 4763 3072 4815 et
3137 4758 3373 4823 lentem
3420 4761 3522 4824 ΑΒ

1282 4853 1411 4911 loco
1462 4850 1659 4927 aliquo
1708 4846 2101 4918 intermediO,
2152 4852 2218 4904 ut
2266 4843 2322 4903 in
2374 4840 2497 4914 IG,
2558 4850 2620 4900 et
2669 4841 2977 4921 quantitas
3036 4846 3316 4925 pupillae
3370 4854 3522 4914 fora-

1283 4941 1458 5001 minis
1508 4938 1618 4999 IG.
1712 4937 1874 5015 Ergo
1924 4937 2009 4997 sic
2055 4934 2288 5013 positus
2348 4932 2551 4992 oculus
2599 4950 2711 4990 non
2763 4929 3032 4999 admittit
3087 4941 3299 5001 totum
3353 4941 3518 5021 peni·
3633 4955 3637 4964 '

1282 5029 1482 5089 cilluin
1525 5025 1808 5089 EADBE
1854 5024 2059 5103 puncti
2099 5022 2173 5094 E,
2223 5023 2330 5082 sed
2378 5021 2565 5081 solam
2612 5027 2848 5096 partem
2897 5017 3318 5101 EKIDGBE,
3366 5031 3518 5110 cujus

1271 5119 1558 5197 junctura
1604 5117 1665 5178 in
1711 5122 1885 5194 parte
1933 5112 2111 5173 lentis
2156 5110 2291 5173 KB.
2386 5109 2646 5170 Rursum
2694 5105 2785 5168 IG
2832 5126 2949 5169 non
3006 5110 3295 5180 admittit
3340 5126 3519 5183 totum

970 2365 986 2398 ΙΙΙ
1031 2386 1033 2391 y
1083 2381 1087 2389 1

886 2412 890 2430 Ι
954 2397 1010 2421 ΙΙΙΙ
1087 2397 1095 2421 “ι

886 2437 890 2462 h
990 2413 1006 2438 ιΙ

918 2556 922 2577 Ι
958 2549 998 2561 ΙΙ*
1043 2550 1047 2561 ι
1123 2546 1131 2569 “Ι
1191 2481 1195 2564 Ι

902 2601 938 2629 i·
962 2589 966 2601 Ι
998 2609 1002 2629 ι
1051 2593 1055 2613 ¹
1135 2590 1143 2616 ¹·
1195 2581 1199 2625 Ι

918 2624 934 2637 ιι
983 2638 986 2645 A
1055 2617 1059 2638 Ι
1143 2621 1151 2649 ε,
