4584 6192
993 560 1075 626 caat
1092 559 1113 611 1·
1213 513 1217 519 ’
1673 558 1740 626 ras-

376 736 502 817 subjecti
526 735 675 799 terminos
702 737 886 812 continetur,
912 748 943 799 ut
976 740 1039 811 lux,
1073 758 1150 818 quae
1185 740 1212 800 in
1243 737 1393 800 coloribus
1426 739 1515 812 latet,
1551 739 1692 818 quamdiu
1715 761 1735 800 a

375 825 445 889 Solo
469 844 531 888 nou
555 825 756 888 illustrantur.
796 826 925 889 Nescias
950 835 1062 899 tamen,
1087 848 1124 888 an
1149 848 1208 890 non
1228 836 1260 889 et
1283 828 1399 889 colores
1414 828 1451 889 de
1475 828 1622 906 profunda
1645 836 1734 891 nocte

377 915 489 977 locutas
523 922 674 995 spargant
705 934 787 978 suas.
845 914 907 977 Sed
941 917 1014 978 haec
1047 916 1176 978 materia
1211 916 1458 996 pbilosophorum
1491 916 1733 980 acutissimorum

375 1004 492 1083 ingenia
515 1002 600 1065 varie
624 1004 759 1066 exercuit
779 1012 812 1066 et
830 1012 937 1066 tantae
959 1014 1008 1066 est
1027 1004 1232 1079 obscuritatis,
1256 1014 1366 1065 utnon
1390 1005 1489 1083 possit
1507 1005 1536 1066 in
1561 1007 1733 1083 praesentia

374 1092 519 1172 expediri,
543 1112 618 1154 saue
642 1093 713 1172 quia
735 1112 790 1155 nec
813 1093 973 1173 praecipue
998 1094 1086 1172 hujus
1111 1095 1167 1155 loci
1191 1104 1250 1155 est.
1290 1092 1324 1154 Si
1348 1093 1475 1171 objicias
1499 1096 1641 1155 tenebras
1664 1113 1732 1157 esse

373 1182 584 1261 privationem,
609 1200 668 1242 non
687 1200 776 1261 posse
796 1201 868 1261 ergo
888 1183 950 1245 lieri
974 1183 1135 1260 positivum
1162 1182 1313 1262 quippiam
1338 1188 1369 1241 et
1393 1182 1569 1261 qualitatem
1590 1182 1731 1256 activam,
1750 1209 1755 1222 ·

372 1270 543 1331 radiantem
568 1271 686 1332 scilicet
708 1279 741 1331 et
762 1272 936 1351 pingentem
959 1272 1112 1350 parietes:
1140 1272 1280 1350 objiciam
1304 1280 1337 1331 et
1360 1287 1416 1349 ego
1441 1270 1550 1351 frigus,
1581 1273 1660 1352 quod
1683 1282 1733 1333 est

374 1378 453 1422 mera
476 1359 612 1438 privatio
635 1367 667 1419 et
690 1362 844 1422 tamenin
869 1362 995 1421 materia
1018 1361 1052 1421 tit
1076 1360 1177 1421 activa
1200 1360 1342 1439 qualitas.
1354 1352 1388 1430 *l

457 1448 554 1526 Prop.
579 1447 668 1509 XVI.
715 1449 790 1509 Lux
813 1468 876 1528 per
898 1449 1067 1510 colorata
1095 1447 1283 1510 transiens
1312 1447 1472 1527 undique
1500 1448 1671 1510 allicitur
1694 1458 1731 1510 et

374 1536 405 1598 in
429 1536 640 1615 superficie
663 1545 700 1597 et
723 1538 756 1598 in
790 1537 999 1611 soliditate,
1034 1547 1218 1616 qnatenus
1250 1556 1291 1597 ea
1320 1537 1496 1598 colorata
1528 1544 1596 1599 est.
1643 1537 1731 1607 Quae

373 1626 445 1686 enim
471 1633 547 1686 sunt
570 1626 628 1687 sub
661 1626 766 1687 eodem
798 1645 918 1706 genere,
950 1639 1023 1706 apta
1055 1635 1125 1687 suist
1147 1625 1177 1688 in
1201 1645 1234 1687 se
1264 1634 1365 1686 mutuo
1389 1644 1489 1704 agere.
1539 1624 1601 1686 Sed
1627 1627 1676 1687 lux
1700 1636 1732 1687 et

374 1715 449 1775 color
473 1714 532 1776 snb
556 1715 662 1775 eodem
686 1723 756 1776 suut
785 1734 894 1794 genere
917 1734 972 1793 per
999 1714 1047 1777 15.
1096 1713 1188 1777 Color
1212 1734 1282 1776 vero
1309 1733 1364 1792 per
1392 1714 1520 1776 eandem
1542 1713 1572 1775 in
1602 1715 1752 1777 materia·

373 1802 508 1882 pellucidi
534 1803 656 1871 haeret,
689 1812 720 1864 et
744 1805 873 1865 materia
901 1812 964 1865 tres
987 1804 1080 1865 habet
1110 1803 1333 1876 dimensiones;
1365 1822 1457 1883 quare
1489 1803 1546 1863 luci
1577 1804 1659 1865 actio
1683 1810 1731 1865 est
1772 1868 1782 1889 ·

376 1892 461 1954 etiam
486 1892 514 1953 in
541 1912 608 1953 eum
633 1892 774 1965 colorem,
799 1893 848 1973 qui
872 1893 900 1954 in
924 1894 1071 1973 profundo
1095 1893 1186 1953 medii
1211 1900 1269 1953 est.

457 1980 550 2060 Prop.
576 1980 699 2042 XV11.·
728 1979 887 2060 Opacum
921 1990 978 2043 est
1010 1992 1047 2042 et
1078 1981 1127 2054 id,
1163 1981 1255 2061 quod
1288 1979 1413 2041 multis
1450 1977 1730 2059 superficiebus

375 2069 634 2149 confragosum
658 2078 730 2142 est,
755 2080 793 2132 et
816 2071 864 2146 id,
889 2072 980 2151 quod
1005 2071 1153 2132 moltam
1182 2068 1331 2131 obtinet
1360 2068 1601 2139 densitatem,
1625 2075 1662 2130 et
1684 2067 1729 2143 id,

377 2159 464 2237 quod
493 2160 645 2220 multum
674 2159 829 2221 colorem
862 2161 919 2220 vel
950 2158 983 2220 in
1012 2158 1223 2239 quantitate
1258 2158 1314 2218 vel
1348 2156 1381 2216 in
1410 2158 1603 2236 qualitate
1632 2155 1731 2218 obti-

377 2255 437 2307 net.
496 2244 635 2327 Opacum
663 2247 741 2309 enim
775 2257 837 2317 ost,
869 2249 946 2328 qnod
975 2249 1051 2310 lucis
1080 2247 1182 2309 radios
1215 2265 1272 2308 non
1302 2245 1490 2309 transmittit.
1547 2245 1591 2306 At
1619 2246 1729 2307 multae

377 2336 545 2414 superficies
580 2338 705 2398 multum
734 2336 899 2417 impediunt
926 2338 1027 2399 radios
1054 2355 1108 2416 per
1140 2334 1190 2406 12,
1215 2336 1258 2396 sic
1283 2344 1315 2396 et
1338 2334 1462 2396 multum
1486 2336 1598 2395 densae
1621 2353 1730 2414 super-

377 2423 450 2487 ficies
483 2442 539 2504 per
577 2422 629 2498 14,
669 2425 713 2486 ita
745 2434 777 2487 et
804 2427 928 2488 multum
960 2427 1112 2488 coloratae
1145 2444 1199 2503 per
1232 2419 1287 2497 16,
1321 2442 1374 2483 seu
1406 2424 1607 2505 quantitatem
1638 2423 1730 2485 colori

341 2569 345 2580 ,
378 2512 463 2575 addat
493 2513 686 2592 profunditas
710 2515 801 2576 medii
824 2536 880 2582 sen
900 2516 982 2576 color
1013 2516 1077 2595 ipse
1108 2516 1234 2575 multum
1257 2511 1296 2574 ab
1328 2512 1465 2574 albedine
1495 2512 1619 2573 recedat
1640 2521 1728 2574 tene-

379 2600 550 2682 brarumque
575 2604 699 2664 multum
723 2604 765 2664 sit
786 2604 949 2684 particeps.

456 2690 537 2752 Esse
561 2710 633 2753 vero
658 2690 729 2753 nihil
754 2693 891 2755 absolute
917 2712 1052 2778 opacum,
1078 2690 1170 2752 etiam
1194 2688 1379 2751 Aristoteles
1404 2687 1477 2751 libro
1499 2687 1535 2750 de
1559 2685 1729 2752 Sensilibus

383 2779 495 2858 recepit.
1327 2802 1330 2806 ’

458 2866 708 2930 Corollarium
736 2869 778 2929 de
806 2869 986 2930 methodo.
1035 2867 1110 2930 Cum
1142 2884 1215 2945 ergo
1240 2868 1290 2927 lux
1318 2865 1392 2929 duos
1421 2866 1534 2928 habeat
1561 2874 1727 2946 respectus,

383 2956 589 3027 etesseutiae,
615 2976 675 3036 qna
700 2957 749 3017 lux
772 2966 829 3030 est,
855 2967 886 3017 et
909 2957 1127 3037 quantitatum,
1152 2974 1226 3033 quas
1250 2954 1371 3034 recipit,
1397 2956 1473 3017 duas
1497 2955 1588 3017 etiam
1612 2955 1730 3018 obtinet

383 3046 521 3125 energias,
545 3044 677 3125 priorem
701 3054 799 3107 motus
825 3046 930 3108 localis
954 3057 983 3107 et
1008 3046 1205 3126 posteriorem
1230 3044 1332 3105 ordine
1356 3053 1497 3116 naturae,
1520 3046 1569 3123 qui
1593 3045 1650 3105 fine
1674 3063 1728 3106 seu

383 3133 465 3196 iorma
496 3133 579 3213 prior
602 3142 667 3204 est,
701 3134 749 3212 qui
778 3143 827 3196 est
858 3135 1020 3196 illustratio
1054 3137 1158 3214 (quarn
1191 3134 1352 3194 comitatur
1386 3133 1571 3207 calefactio),
1605 3152 1727 3213 quorum

384 3222 474 3284 localis
508 3222 629 3303 quidem
655 3223 711 3284 luci
743 3234 867 3302 propter
900 3225 1087 3301 quantitates
1121 3222 1279 3300 competit,
1314 3222 1476 3284 illustratio
1506 3242 1576 3284 vero
1604 3230 1730 3302 propter

384 3330 455 3374 suam
487 3312 667 3384 essentiam,
700 3332 758 3392 qua
787 3314 837 3373 lux
870 3323 928 3374 est.
975 3312 1146 3374 Secundum
1181 3311 1256 3373 duas
1289 3310 1344 3372 has
1378 3310 1517 3390 energias
1545 3312 1603 3374 duo
1636 3311 1729 3373 etiam

384 3398 462 3463 habet
485 3400 622 3478 objecta,
657 3403 845 3480 quantitates
869 3410 901 3462 et
924 3402 1067 3475 colorem,
1103 3420 1191 3480 quem
1221 3400 1382 3461 comitatur·
1411 3400 1547 3462 materia.
1594 3400 1637 3462 Et
1659 3400 1730 3481 quia

386 3499 470 3551 notus
495 3490 601 3550 localis
636 3490 727 3550 etiam
751 3490 809 3550 duo
842 3510 955 3568 genera
988 3489 1082 3552 habet
1113 3490 1310 3568 objectorum,
1346 3499 1377 3549 et
1409 3489 1537 3550 medium
1569 3508 1622 3569 per
1651 3489 1728 3569 quod

387 3578 481 3640 transit
504 3586 537 3638 et
561 3597 623 3640 rem
646 3578 685 3637 ad
709 3598 797 3657 quam
821 3579 925 3652 fertur,
951 3580 1008 3640 duo
1029 3579 1121 3639 etiam
1145 3578 1280 3639 existunt
1301 3578 1388 3658 hujus
1408 3579 1548 3657 energiae
1571 3586 1728 3657 respectus

388 3665 408 3726 iu
427 3667 510 3739 luce;
536 3686 630 3728 causa
647 3668 736 3729 medii
761 3677 902 3748 penetrat
922 3671 972 3729 lux
994 3668 1123 3729 medium
1142 3667 1324 3728 stamedio
1348 3668 1531 3746 refringitur,
1557 3667 1581 3728 si
1606 3666 1728 3728 densius

387 3763 438 3817 ot:
470 3774 565 3817 cansa
589 3754 632 3815 rei
667 3756 735 3816 terit
761 3758 810 3817 lua
840 3758 1026 3836 superficiem
1057 3776 1146 3836 quarn
1180 3755 1305 3817 offendit
1332 3766 1364 3816 et
1387 3757 1425 3816 ab
1450 3775 1487 3816 ea
1519 3754 1727 3836 repercutitur.

388 3842 473 3907 llitsr
494 3844 525 3904 hi
549 3845 608 3905 duo
633 3853 789 3923 respectus
817 3855 979 3908 contrane
1008 3845 1241 3923 distinguuntur.
1288 3844 1367 3905 Nam
1398 3845 1447 3904 lux
1478 3853 1559 3905 motu
1584 3851 1616 3905 et
1639 3860 1728 3922 spar-

389 3930 453 4008 gitur
483 3951 539 4012 per
570 3931 701 3994 medium
729 3944 761 3994 et
792 3933 967 4014 impingitur
993 3934 1024 3996 iu
1058 3934 1250 4014 superficies:
1284 3932 1474 4011 vicissimque
1508 3942 1561 3993 aot
1589 3953 1608 3992 a
1640 3929 1729 3992 medii

388 4021 513 4097 pollucidi
537 4022 693 4102 superlicio
717 4022 869 4103 colligitur
892 4033 945 4085 aut
967 4045 986 4084 a
1009 4023 1129 4085 termini
1154 4022 1309 4102 superficie
1334 4019 1543 4101 repercutitur.
1591 4019 1728 4100 Denique

389 4110 451 4188 quod
473 4110 586 4173 attinet
609 4109 854 4184 illustrationem,
884 4114 962 4191 quod
987 4122 1036 4174 est
1058 4112 1233 4191 primarium
1262 4110 1336 4173 lucis
1361 4130 1449 4191 opus,
1480 4111 1597 4170 colores
1621 4128 1641 4170 a
1663 4109 1729 4170 luce

389 4196 532 4273 diluuntur,
558 4199 610 4259 lux
634 4201 826 4263 acoloribus
855 4201 981 4280 tingitur
1007 4210 1038 4263 et
1067 4201 1203 4263 inficitur.
1250 4200 1296 4260 De
1326 4200 1431 4280 quibus
1461 4197 1597 4259 omuibus
1626 4197 1730 4259 ordine

390 4284 411 4346 iu
429 4286 632 4367 sequentibus.

460 4380 548 4434 Notet
569 4396 635 4433 vero
657 4377 701 4431 bic
732 4380 819 4433 lector
849 4379 982 4450 originem
1014 4388 1132 4450 quartae
1169 4379 1236 4432 lucis
1272 4378 1388 4446 speciei,
1420 4394 1501 4448 quam
1533 4376 1618 4430 ceteri
1647 4375 1731 4447 optici

391 4454 473 4528 frigido
494 4464 629 4513 mactant.

462 4614 489 4684 ⁸)
509 4616 645 4670 Videntur
676 4618 756 4669 albus
779 4626 807 4670 et
838 4619 918 4690 niger
948 4620 1027 4689 opaci
1055 4621 1079 4672 in
1112 4637 1215 4673 summo
1246 4636 1295 4671 suo
1326 4619 1434 4690 gradu:
1467 4617 1564 4688 reliqui
1593 4615 1732 4685 pellucido

394 4693 631 4751 eliminamus
652 4699 742 4767 gradu
764 4698 854 4751 inesse
886 4710 1009 4768 possunt.
1052 4702 1172 4770 Cumque
1194 4700 1247 4752 hac
1273 4698 1379 4751 ratione
1409 4698 1489 4750 albus
1511 4704 1542 4750 et
1561 4696 1643 4767 niger
1663 4712 1731 4766 quo·

394 4771 513 4831 tiammo
535 4776 675 4830 materiati
691 4777 748 4829 sive
769 4780 907 4848 corporati
930 4779 985 4832 sint
1006 4781 1119 4842 colores,
1143 4780 1286 4832 discrimen
1309 4788 1401 4831 tamen
1415 4778 1468 4829 hoc
1482 4784 1533 4838 est,
1556 4777 1627 4847 quod
1649 4776 1730 4829 albus

395 4857 480 4925 orpori
500 4858 613 4920 lucenti,
636 4865 667 4910 ut·
688 4857 768 4920 Solis,
791 4858 871 4929 niger
892 4860 997 4928 corpori
1021 4862 1168 4914 tenebroso
1190 4859 1304 4912 similior
1324 4866 1374 4911 est.
1653 4907 1659 4927 ,

465 4938 645 5007 smaragdum
680 4937 772 4990 videre
800 4948 856 5001 est,
879 4949 908 4992 ot
929 4957 1064 5010 pyropum
1086 4950 1114 4992 et
1146 4939 1326 5009 hyacinthum
1346 4945 1376 4990 et
1396 4938 1542 4996 electrum,
1573 4935 1730 5005 pellucida;

396 5009 466 5079 vindi,
492 5019 593 5078 rubeo,
625 5018 695 5070 llaro
717 5019 869 5081 coloribus,
893 5020 996 5073 nullum
1019 5022 1076 5074 tale
1099 5036 1197 5089 corpus
1220 5035 1322 5071 summe
1344 5018 1437 5072 albuni
1458 5024 1488 5069 st
1509 5015 1631 5086 nigrum,
1660 5007 1737 5086 quod

396 5089 457 5149 lluul
476 5098 513 5152 ait
531 5096 707 5166 pellucidum.
722 5093 744 5155 ⁸)
