4584 6192
961 636 976 646 -·
1055 605 1139 672 capue
1155 605 1247 658 mli.
1763 604 1827 675 609

474 778 543 845 Soli
565 770 917 845 Lunaeveffircumiusa
939 782 1009 845 aliis
1037 781 1222 863 temporibus
1245 783 1336 845 aliter
1361 782 1491 865 babeat,
1518 783 1825 863 jamincrassescat,

473 890 545 933 mox
567 871 676 933 iterum
699 872 860 951 deputetur
882 879 914 933 ot
935 871 1138 935 discutiatur?
1660 868 1699 945 ,’
1743 930 1747 937 .
1810 947 1812 953 ,

563 961 603 1022 V.
649 961 753 1042 Neque
776 968 893 1023 tantum
915 960 1045 1042 eclipses
1067 962 1146 1034 hanc
1161 957 1225 1024 rem
1248 961 1433 1037 confirmant,
1458 961 1513 1023 sed
1536 961 1627 1025 etiam
1650 961 1727 1025 citra
1743 961 1826 1026 Solis

473 1049 625 1113 deiectum
645 1050 732 1111 Luna
759 1050 847 1112 nobis
875 1050 964 1129 hujus
990 1051 1034 1112 rei
1058 1051 1268 1113 documentum
1295 1050 1431 1130 praebet.
1477 1048 1825 1127 nuntiabantur
1915 1051 1920 1061 '

473 1138 578 1220 gravis
609 1158 645 1200 ac
674 1137 898 1202 literatissimus
928 1140 968 1201 ad
996 1159 1043 1202 me
1073 1140 1268 1220 perscripsit,
1299 1138 1367 1200 visa
1396 1146 1445 1201 est
1474 1140 1595 1220 Hispali
1621 1141 1710 1203 Luna
1735 1140 1825 1221 juxta

473 1228 578 1292 Solem
602 1236 687 1290 stans
710 1227 741 1289 in
763 1228 902 1291 Piscibus
925 1228 956 1291 in
980 1228 1045 1309 ipso
1069 1229 1147 1291 coeli
1170 1228 1279 1290 medio.
1298 1222 1340 1302 ⁸⁸)
1379 1229 1458 1290 Tota
1481 1228 1591 1290 civitas
1614 1231 1774 1310 spectabat
1795 1228 1826 1293 el

469 1317 653 1380 testabatur.
700 1316 828 1388 Quando
853 1336 925 1380 vero
948 1318 1046 1381 simile
1069 1318 1254 1381 novilunium
1276 1318 1343 1399 quis
1372 1317 1471 1379 vidit?
1506 1317 1658 1399 Numquid
1688 1311 1825 1382 veterum
1937 1331 1939 1335 '

473 1406 613 1469 doctrina
635 1406 756 1469 biduum
780 1406 962 1487 etamplius
984 1415 1056 1487 post
1085 1408 1223 1488 copulam
1244 1406 1341 1487 primo
1363 1407 1468 1469 Lunae
1497 1407 1633 1486 aspectui
1666 1407 1824 1471 vindicat?
1883 1424 1887 1430 ’

472 1496 570 1577 Igitur
591 1496 667 1558 haec
690 1496 795 1576 quinta
816 1496 990 1559 testificatio
1014 1505 1064 1569 est
1086 1497 1162 1577 ejus,
1186 1497 1266 1578 quod
1289 1496 1512 1566 contendimus,
1534 1514 1642 1575 nempe
1656 1497 1823 1560 materiam

472 1585 561 1659 coeli,
584 1604 651 1647 cum
674 1585 744 1646 aliis
768 1584 952 1665 temporibus
974 1586 1016 1649 sit
1038 1586 1114 1661 alia,
1138 1586 1307 1648 subtilitate
1331 1586 1457 1648 multum
1480 1605 1500 1645 a
1523 1602 1556 1647 se
1580 1585 1648 1665 ipsa
1670 1585 1824 1661 differens,

470 1674 541 1756 plus
558 1674 650 1736 etiam
674 1675 850 1755 quandoque
866 1674 1016 1737 claritatis
1035 1675 1179 1738 imbibere
1195 1695 1284 1756 quam
1302 1675 1372 1737 aliis
1392 1673 1596 1755 temporibusr
1621 1673 1723 1756 itaque
1746 1674 1825 1737 alias

470 1762 579 1844 magis,
603 1764 680 1824 alias
703 1761 801 1824 minus
824 1782 984 1827 occaecata
1008 1765 1112 1827 oculos
1126 1764 1288 1827 >homiuum
1311 1762 1502 1827 invidendis
1526 1763 1563 1824 de
1586 1763 1634 1825 die
1658 1763 1767 1827 stellis.

561 1851 648 1925 Quae
678 1861 854 1932 argumenta
883 1853 934 1915 ubi
963 1853 1062 1916 locum
1083 1853 1115 1916 in
1137 1854 1295 1916 academia
1316 1844 1499 1934 repererint,
1531 1859 1594 1914 tum
1620 1852 1739 1915 demum
1767 1871 1824 1933 ege

470 1942 646 2016 obsecrabo,
669 1950 703 2004 nt
718 1942 786 2003 huic
810 1942 902 2005 etiam
917 1944 1022 2005 Novae
1046 1942 1165 2019 stellae,
1188 1961 1322 2025 quaeque
1337 1942 1416 2004 hanc
1439 1936 1631 2022 anuolbllb.
1654 1941 1825 2023 praecessit

469 2050 566 2112 parva
588 2030 617 2091 in
643 2030 737 2105 Ceba,
771 2039 802 2092 et
824 2051 899 2113 qnae
928 2052 1006 2094 auno
1033 2030 1127 2094 1572.
1158 2032 1291 2094 maxima
1313 2032 1344 2093 iu
1367 2030 1564 2112 Cassiopeia,
1594 2031 1720 2134 denique
1744 2050 1821 2112 quae

469 2139 549 2182 anno
576 2116 669 2183 1600.
694 2122 725 2183 in
749 2119 873 2202 Cygno,
903 2140 978 2202 quae
1002 2120 1150 2202 hodieque
1178 2128 1349 2202 spectatur,
1381 2138 1573 2202 quaecunque
1596 2139 1633 2181 ea
1656 2129 1698 2182 sit
1720 2120 1822 2201 (cnjus

468 2209 633 2289 descriptio
658 2212 828 2291 sequetur),
851 2210 972 2285 uthis,
995 2209 1130 2291 inquam,
1154 2210 1241 2272 novis
1264 2210 1333 2271 fiais
1355 2219 1460 2272 sextus
1483 2210 1711 2289 argumentandi
1734 2211 1821 2280 loeas

469 2299 666 2380 relinquatur.
703 2300 739 2360 In
756 2317 901 2379 praesens
924 2307 1025 2360 autem
1047 2299 1176 2380 quinque
1194 2298 1343 2379 prioribus
1361 2297 1590 2379 probationibus
1614 2299 1742 2365 sufficiat
1763 2300 1821 2361 boc

468 2387 639 2451 reddidisse
656 2388 828 2462 verisimile,
852 2388 1011 2451 materiam
1032 2387 1109 2450 coeli
1127 2407 1196 2450 esse
1219 2388 1427 2450 alterabilem:
1451 2386 1576 2467 proinde
1599 2387 1674 2450 nibil
1697 2386 1822 2450 absurdi

469 2478 629 2558 consequi,
654 2478 681 2539 si
703 2476 771 2559 quis
794 2476 892 2551 dieat,
914 2478 1021 2539 Novae
1055 2477 1163 2540 stellae
1192 2476 1350 2540 materiam
1373 2496 1411 2538 ex
1439 2475 1506 2556 ipsa
1532 2478 1658 2539 marum
1691 2477 1821 2558 sphaera
1946 2496 1949 2504 ·

470 2573 618 2638 coactam,
641 2567 789 2649 stellaque
812 2566 964 2628 exstincta
987 2567 1017 2628 in
1041 2567 1168 2629 eandem
1190 2565 1325 2629 vicissim
1349 2584 1417 2628 esse
1440 2566 1580 2628 refusam.

1050 2854 1232 2866 ——n—-a———an

1000 3116 1120 3221 Caput
1145 3115 1288 3194 XXIV.

899 3298 959 3384 De
981 3300 1125 3383 effisos
1146 3243 1391 3364 Noa'seease.
1432 3263 1434 3267 ⁴

557 3461 590 3523 In
614 3479 646 3522 re
670 3460 761 3523 dubia
783 3479 842 3523 non
864 3460 990 3521 multum
1012 3460 1200 3524 conandum.
1247 3458 1412 3541 Theologi,
1436 3460 1539 3522 ebrum
1562 3458 1720 3536 contrarii,
1743 3480 1819 3544 quos

465 3570 561 3632 supra
582 3550 789 3625 refutavimus,
813 3550 918 3612 faciles
942 3556 1021 3623 sunt,
1045 3557 1079 3610 ut
1101 3555 1238 3613 statuant
1259 3550 1435 3613 miraculum
1455 3551 1554 3612 aDeo
1577 3549 1644 3629 ipso
1666 3557 1820 3630 patratum

466 3647 571 3704 creato
593 3659 672 3701 novo
696 3640 804 3701 sidere.
842 3641 907 3703 Nos
931 3658 1023 3720 supra
1045 3638 1177 3701 siderum
1199 3639 1305 3702 horum
1324 3637 1423 3719 magia
1446 3647 1538 3719 atque
1557 3638 1656 3718 magis
1679 3638 1818 3702 crebres-

466 3749 540 3792 cens
572 3729 740 3811 frequentia
769 3728 916 3790 curiosius
947 3726 1163 3789 exstimulavit.
1208 3730 1314 3809 Itaque
1343 3728 1370 3789 si
1397 3727 1466 3790 huic
1495 3726 1662 3790 sententiae
1695 3727 1819 3810 acquie-

465 3819 628 3892 vissemus,
653 3818 727 3881 nihil
751 3825 816 3879 erat
840 3836 914 3898 opus
937 3818 975 3879 de
997 3816 1126 3879 materia
1152 3816 1262 3879 dicere.
1308 3815 1367 3879 Dei
1389 3834 1517 3896 namque
1546 3816 1641 3879 solius
1670 3835 1759 3898 opus,
1783 3836 1822 3880 ex

466 3907 563 3970 nihilo
587 3927 699 3970 creare.
736 3907 807 3969 Jam
830 3906 952 3987 quiade
972 3906 1099 3968 materia
1121 3906 1261 3981 diximus,
1285 3924 1353 3967 eam
1362 3904 1532 3968 coelestem
1555 3924 1624 3967 esse
1640 3913 1820 3982 statuentes,

466 3997 614 4060 addamus
646 4007 678 4060 et
707 3997 743 4058 de
776 3996 921 4057 efficiente
951 4014 1005 4057 seu
1034 3995 1176 4075 gignente
1210 3994 1361 4070 naturali,
1398 3994 1425 4056 si
1457 4014 1516 4075 qua
1547 3994 1675 4075 reperiri
1692 4004 1819 4077 ‘potest

466 4087 584 4167 Spero,
611 4106 659 4148 me
686 4085 790 4166 aequis
819 4084 940 4147 auribus
970 4094 1129 4164 exceptum
1150 4084 1203 4161 iri,
1231 4086 1446 4165 aBrenggero
1473 4084 1654 4165 praesertim
1682 4083 1820 4167 aliisque,

466 4175 520 4258 qui
542 4183 733 4249 censuerunt,
756 4194 816 4237 non
838 4192 928 4253 posse
953 4172 1037 4234 sidus
1055 4173 1112 4235 boc
1134 4183 1260 4235 naturae
1282 4171 1471 4247 transscribi,
1494 4170 1554 4235 nisi
1572 4181 1604 4235 et
1617 4193 1726 4236 novam
1741 4174 1821 4256 phy-

466 4265 552 4328 sicen
579 4283 736 4345 corporum
767 4262 945 4325 coelestium
975 4260 1244 4326 comminiscamur.
1290 4262 1410 4326 Primus
1437 4261 1531 4341 igitur
1553 4279 1610 4343 ego
1638 4262 1820 4352 sententiam

465 4356 585 4418 dicam:
617 4364 652 4416 ut
673 4354 806 4416 babeant
827 4352 921 4415 ceteri
950 4350 1107 4413 materiam
1129 4350 1249 4434 dicendi
1277 4359 1363 4415 tanto
1392 4349 1601 4431 copiosiorem.
1646 4353 1695 4416 Ac
1718 4351 1821 4415 nescio

465 4444 540 4526 qnid
562 4443 636 4505 mihi
659 4443 861 4523 virgilianum
882 4440 932 4504 hic
956 4440 1074 4503 accinat
1096 4440 1308 4522 Pythagoreus
1331 4440 1460 4522 aliquis:

732 4550 870 4621 Principio
890 4549 997 4604 coslum
1018 4564 1052 4603 ac
1071 4548 1174 4603 Terras
1193 4564 1360 4619 camposque
1381 4548 1518 4618 liquentes

733 4634 937 4702 Lucentemque
957 4630 1072 4702 globum
1087 4628 1198 4694 ·Ltrnue,
1220 4628 1386 4700 'litterisque
1408 4633 1489 4683 astra

732 4712 946 4784 Spiritusintus
968 4711 1035 4773 alit;
1058 4716 1199 4779 totamque
1219 4710 1312 4763 infusa
1330 4726 1382 4778 per
1403 4715 1491 4774 artus,

731 4794 810 4851 Mens
831 4792 926 4864 agitat
945 4792 1045 4846 molem
1064 4796 1095 4843 et
1114 4806 1216 4862 magno
1237 4807 1267 4843 se
1288 4805 1403 4859 corpore
1423 4788 1529 4843 miscet.

555 4890 742 4954 Aristoteles
765 4909 836 4951 vero
861 4888 920 4951 sic:
944 4896 1114 4952 Proveniant
1133 4914 1170 4951 ex
1191 4897 1278 4964 ,Tarra
1300 4910 1391 4966 seque
1409 4908 1444 4947 ac
1463 4910 1501 4948 ex
1520 4892 1634 4947 humma
1654 4865 1820 4962 captantes

466 4990 498 5039 et
518 4982 698 5045 animalcula,
729 4988 891 5051 propterea,
912 4981 984 5051 quod
1011 4979 1082 5033 inest
1103 4979 1131 5033 in
1152 4978 1239 5031 Terra
1257 4975 1363 5039 humor,
1384 4973 1546 5034 inhumare
1566 4972 1689 5043 spiritus,
1710 4972 1739 5026 in
1758 4979 1819 5027 toto

464 5091 533 5129 vero
554 5073 716 5127 universo
739 5070 833 5134 calor
852 5067 1032 5125 animalis:
1051 5057 1158 5154 quibus
1180 5054 1282 5118 verbis
1302 5052 1441 5133 Scaliger
1464 5050 1651 5115 existimavit
1672 5050 1741 5133 dudi
1762 5071 1819 5155 nos

466 5154 499 5217 in
522 5152 628 5216 abdita
649 5158 775 5214 naturae
794 5148 949 5233 mysteria.
997 5158 999 5164 ’
