4584 6192
538 625 608 692 m
1011 617 1247 683 emm·-
1265 617 1432 667 vm

539 804 643 885 tycho
664 801 844 862 creberrime
876 798 1066 875 explorant,
1101 813 1133 856 ut
1161 795 1322 873 aliquando
1350 796 1487 873 patebit.
1512 796 1579 855 Deo
1607 796 1748 868 volente,
1773 814 1813 855 ex
1836 798 1903 874 ejus

539 891 785 954 obseruationum
810 888 904 949 libris.
950 885 1007 944 Est
1031 900 1131 945 autern
1156 899 1187 943 et
1211 884 1391 944 ,llaestlinus
1415 886 1454 944 ob
1476 886 1630 961 singulare
1661 887 1744 945 risus
1773 904 1902 946 acumen

539 982 571 1043 iu
595 980 717 1041 Venere
740 979 778 1038 de
802 978 850 1037 die
873 975 1064 1035 ausen-anda
1087 974 1368 1034 exercitatissimus.

1119 1422 1238 1518 Caput
1276 1421 1317 1489 Υ.

1053 1601 1107 1660 De
1131 1600 1223 1660 modo
1246 1600 1385 1659 ι’ἰείωιίε.

629 1764 708 1824 Dum
742 1759 882 1822 diametri
915 1758 1103 1818 luminarium
1133 1771 1163 1817 et
1193 1759 1380 1836 quantitates
1405 1756 1487 1817 Solis
1521 1758 1678 1835 eclipsium
1711 1760 1901 1821 fundamenti

542 1855 608 1916 loco
632 1863 815 1911 annotantur
839 1850 877 1908 ab
901 1848 1091 1919 astronomis,
1117 1847 1211 1906 «oritur
1235 1848 1335 1925 aliqua
1354 1848 1436 1906 risus
1461 1847 1599 1925 deceptio
1622 1849 1732 1925 partim
1757 1850 1798 1909 ab
1821 1850 1900 1909 arti·

541 1942 608 2003 ficio
633 1938 814 2000 observandi
838 1952 915 2008 orta,
941 1956 1030 2015 quam
1053 1955 1143 2013 supra
1168 1956 1235 2013 cap.
1251 1936 1292 1996 11.
1317 1936 1521 2006 discussimus,
1545 1937 1655 2015 partim
1679 1938 1717 1996 ab
1741 1937 1810 2015 ipso
1834 1939 1900 1998 risu

541 2031 690 2110 simplici:
725 2048 801 2108 fiuae
834 2026 932 2106 quoad
969 2045 1027 2086 non
1061 2025 1195 2095 tollitur,
1231 2025 1388 2102 plurimum
1425 2024 1540 2103 negotii
1572 2027 1698 2084 facessit
1731 2027 1900 2087 artificibus

542 2118 734 2197 detrabitque
759 2115 833 2176 artis
866 2113 1094 2174 existimationi.
1141 2113 1260 2173 Erroris
1294 2114 1394 2193 itaque
1419 2114 1446 2172 in
1477 2115 1544 2173 risu
1571 2115 1692 2174 occasio
1725 2116 1901 2193 quaerenda

544 2208 645 2269 estin
675 2206 769 2285 ipsius
801 2204 879 2264 oculi
911 2204 1146 2263 conforrnatione
1172 2213 1203 2261 et
1227 2203 1437 2263 functionibus.
1485 2201 1569 2271 Quas
1594 2205 1620 2262 si
1644 2204 1737 2281 optici
1759 2205 1900 2266 Alhazeu

543 2307 597 2358 aut
620 2295 746 2355 Vitellio
770 2305 821 2353 aut
846 2305 916 2371 pest
949 2292 1016 2351 illos
1049 2291 1212 2350 anatomici
1244 2292 1440 2350 tradidissent
1475 2295 1570 2363 clare,
1604 2292 1733 2351 dilucide
1762 2310 1793 2354 et
1824 2296 1902 2355 citra

543 2383 766 2446 incertitudinis
789 2383 898 2450 aleam,
924 2381 1105 2441 liberassent
1125 2400 1171 2439 me
1192 2380 1247 2439 hoc
1272 2380 1384 2446 labore,
1401 2380 1629 2458 Paralipomena
1648 2381 1687 2440 ad
1702 2381 1903 2444 Vitelliouem

542 2475 573 2535 in
607 2473 662 2533 hoc
696 2490 811 2551 qnoque
844 2469 945 2548 capite
981 2469 1184 2528 continuandi.
1240 2469 1283 2529 l't
1317 2482 1417 2528 autem
1450 2469 1505 2529 hoc
1538 2470 1691 2548 negotium
1728 2472 1902 2533 methodice

545 2562 723 2642 expediam:
755 2560 882 2638 primum
915 2557 1133 2635 descriptiones
1167 2558 1244 2616 oculi
1276 2559 1423 2635 partium,
1457 2578 1534 2637 qnae
1568 2558 1596 2617 in
1627 2559 1903 2621 considerationem

544 2650 676 2724 venient,
700 2668 738 2708 er
761 2647 1039 2726 probatissimorum
1069 2648 1305 2706 anatomicorum
1331 2648 1387 2706 fide
1412 2649 1496 2726 quasi
1522 2649 1550 2707 in
1578 2648 1791 2726 principiorum
1815 2660 1902 2729 parte

544 2738 719 2801 collocabo:
745 2757 813 2797 nam
837 2737 929 2795 infida
952 2747 983 2795 et
1006 2736 1130 2794 confusa
1156 2735 1329 2795 l'itellionis
1355 2748 1404 2795 est
1432 2737 1605 2815 descriptio.
1652 2736 1794 2799 Secundo
1818 2758 1903 2799 sum·

544 2828 640 2889 maria
664 2826 780 2887 ratione
804 2826 932 2897 modum,
958 2843 1014 2903 quo
1039 2825 1092 2883 fiat
1116 2823 1208 2893 visio,
1237 2824 1430 2884 adumbrabo.
1479 2826 1579 2885 Tertio
1604 2827 1705 2885 ornnia
1727 2837 1759 2888 et
1784 2827 1905 2907 singula

545 2915 769 2978 demonstrabo.
817 2912 944 2986 Quarto,
970 2913 1040 2991 quid
1065 2913 1174 2990 fugerit
1198 2913 1445 2973 ratiocinationes
1474 2917 1639 2993 opticorum
1664 2927 1696 2975 et
1718 2916 1903 2977 medicorum

545 3005 627 3067 circa
650 3005 726 3065 hanc
751 3003 943 3075 functionem,
969 3002 1118 3079 detegam.
1158 3002 1292 3080 Denique
1317 3002 1509 3081 deceptiones
1534 3006 1627 3076 risus,
1653 3005 1692 3064 ab
1712 3005 1904 3065 instrumenti

545 3094 715 3156 conditione
740 3103 833 3166 ortas,
859 3091 1015 3171 explicabo
1040 3103 1072 3151 et
1094 3092 1132 3150 ad
1157 3110 1241 3149 usum
1265 3091 1500 3152 astronomicum
1524 3094 1768 3155 accommodabo.

1039 3232 1066 3291 l.
1099 3229 1209 3292 Oculi
1233 3240 1412 3293 anatome.

637 3356 787 3419 Conducit
811 3356 850 3415 ad
873 3356 961 3415 fidem
984 3356 1249 3423 demonstrationi,
1279 3375 1367 3434 quam
1392 3378 1458 3418 sum
1483 3359 1643 3428 allaturus.
1675 3362 1905 3436 conciliandam,

547 3468 605 3511 non
639 3447 760 3528 propria
794 3443 847 3503 sed
881 3445 1210 3521 praestantissimorum
1244 3445 1425 3507 medicorum
1459 3448 1579 3526 publica
1610 3451 1647 3509 de
1680 3452 1766 3511 oculo
1800 3454 1906 3514 afferre

548 3536 763 3616 experimenta.
822 3531 928 3601 Quidsi
963 3553 1089 3612 namque
1119 3553 1165 3593 nie
1200 3534 1265 3612 quis
1304 3548 1356 3594 aut
1394 3537 1491 3596 nialae
1525 3538 1593 3597 fidei
1633 3540 1787 3618 arguerit,
1822 3541 1906 3621 quasi

498 3635 503 3645 ‘
548 3625 749 3687 stabiliendae
780 3622 919 3701 propriae
951 3622 1082 3701 opinioni
1113 3624 1276 3690 intentum,
1305 3637 1357 3683 aut
1381 3625 1548 3702 imperitiae
1573 3629 1756 3703 sectionum,
1782 3649 1908 3709 quarum

549 3733 698 3794 nunquam
724 3721 814 3772 antea
838 3731 933 3791 neque
958 3723 1114 3789 spectator
1139 3712 1243 3771 fuerim
1268 3731 1362 3790 neque
1387 3715 1587 3775 administer?
1615 3717 1795 3797 Loquantur
1819 3721 1909 3799 igitur

548 3823 603 3885 pro
620 3823 665 3864 me
682 3802 736 3860 viri
762 3811 901 3878 receptae
926 3800 1116 3861 auctoritatis
1137 3800 1173 3858 de
1199 3802 1325 3860 materia
1345 3803 1418 3881 ipsis
1443 3805 1611 3877 notissima,
1636 3808 1734 3885 quoad
1754 3810 1909 3887 negotium

549 3894 589 3955 ad
612 3890 918 3969 mene-professionis
949 3889 1057 3949 limites
1087 3890 1177 3949 fuerit
1208 3890 1389 3952 devolutum.
1439 3893 1520 3952 Tunc
1545 3895 1623 3954 enim
1648 3897 1727 3955 haud
1757 3899 1909 3975 grauatim

549 3992 581 4044 et
603 3981 674 4043 milii
699 3979 842 4057 lampada
865 3979 996 4051 tradent,
1022 3978 1120 4057 quoad
1145 3978 1227 4038 illam
1248 3980 1276 4039 in
1302 3982 1516 4042 mathematica
1542 3984 1673 4061 legitime
1693 4005 1760 4046 sum
1783 3988 1907 4066 praela·

548 4081 643 4142 turus,
669 4070 705 4130 de
730 4087 787 4148 quo
811 4067 975 4147 peritorum
1000 4068 1056 4127 erit
1076 4067 1231 4144 judicium.

639 4157 784 4221 Consului
818 4156 1006 4236 potissimum
1039 4157 1183 4216 Felicis
1216 4156 1361 4218 Platori
1396 4159 1516 4220 tabulas
1549 4161 1586 4219 de
1619 4161 1754 4240 corporis
1788 4162 1910 4225 humani

550 4255 703 4308 structura
723 4257 753 4306 et
774 4266 837 4318 usu,
864 4264 939 4324 quae
964 4264 1041 4304 anno
1066 4243 1159 4305 1583.
1186 4246 1285 4305 editae
1310 4258 1479 4307 meruerunt
1499 4246 1764 4312 liocann01603.
1787 4254 1909 4327 recudi3

552 4354 676 4416 quocum
702 4335 872 4414 comparavi
894 4334 932 4394 D.
959 4332 977 4392 J
985 4333 1113 4393 oannis
1137 4332 1307 4394 Jessenii
1331 4358 1350 4395 a
1373 4335 1394 4394 J
1401 4357 1508 4396 essen
1534 4338 1621 4399 antici
1640 4340 1697 4399 mei
1712 4340 1910 4403 Anatomiam

550 4424 755 4503 Pragensem:
781 4432 941 4501 propterea
965 4423 1043 4501 quod
1067 4422 1092 4482 is
1118 4442 1174 4482 non
1205 4434 1321 4483 tantum
1345 4426 1692 4505 Aquapendeutium
1716 4448 1750 4490 se
1779 4430 1908 4508 potissi-

549 4532 628 4574 mum
652 4514 736 4592 sequi
759 4514 943 4591 profiteatur,
970 4512 1023 4570 sed
1049 4518 1079 4571 et
1103 4524 1209 4589 suopte
1235 4514 1334 4572 Marte
1363 4516 1521 4593 plurimum
1551 4518 1731 4578 ariatomicis
1755 4518 1923 4582 laboribus·

550 4602 739 4682 impenderit.
788 4599 821 4661 Si
847 4620 920 4679 quos
945 4601 973 4660 in
999 4601 1054 4660 hoc
1079 4601 1182 4661 ordine
1208 4602 1322 4661 meliori
1351 4603 1457 4664 nierito
1480 4606 1545 4684 ipse
1574 4607 1762 4683 professione
1787 4610 1909 4671 mathe-

547 4692 663 4754 matica
687 4689 937 4768 occupatissimus
962 4691 1114 4767 praeterii,
1140 4690 1257 4750 veniam
1282 4692 1352 4752 mihi
1378 4693 1500 4753 dabunt.
1518 4691 1560 4765 Η)

639 4777 752 4842 Oculus
777 4800 795 4838 a
820 4777 938 4840 Graeco
963 4777 1032 4855 dnn,
1059 4779 1136 4839 unde
1162 4778 1325 4852 decaedat,
1351 4779 1437 4859 ὄψις,
1461 4781 1638 4859 bodotriae,
1663 4786 1742 4863 quod
1766 4786 1825 4849 hae
1850 4789 1912 4849 siut

548 4868 640 4931 rimae
665 4889 719 4929 seu
739 4876 846 4945 aperta
871 4868 1025 4942 foramina,
1051 4870 1242 4928 etenebroso
1263 4871 1363 4947 capite
1384 4871 1411 4930 in
1432 4872 1544 4933 clarum
1565 4879 1665 4934 aerem
1688 4874 1911 4955 pertingentia3

550 4966 582 5019 nt
606 4956 758 5021 contraria
782 4956 897 5017 ratione
922 4957 1009 5035 lupus
1034 4978 1052 5016 a
1076 4960 1162 5026 λυκος
1191 4958 1288 5019 dictus
1313 4978 1381 5019 esse
1409 4961 1547 5022 videtur:
1577 4982 1635 5023 non
1665 4962 1704 5022 ab
1733 4966 1910 5042 occulendo,

549 5068 617 5109 nam
642 5046 738 5109 clausi
762 5046 843 5105 nullo
867 5055 937 5106 sunt
960 5047 1035 5105 usui.
1073 5045 1141 5105 Biui
1163 5047 1281 5106 suntin
1306 5049 1484 5110 animalibus
1505 5060 1536 5111 et
1559 5050 1699 5130 paralleli
1723 5062 1756 5115 et
1779 5074 1912 5133 congruo

549 5136 721 5210 intervall0,
747 5144 779 5195 ut
802 5155 894 5213 supra
908 5155 934 5195 c.
951 5134 1005 5195 ΙΙΙ.
1026 5143 1057 5195 et
1081 5135 1159 5195 inlra
1174 5154 1198 5195 c.
1215 5135 1270 5196 IX.
1291 5136 1415 5210 dicetur,
1440 5139 1477 5199 ob
1497 5140 1662 5203 distantias
1676 5160 1777 5207 rerum
1795 5155 1912 5208 notan-
