4584 6192
1069 606 1153 677 (lapus
1169 606 1262 662 XVIII.

1020 893 1141 993 Caput
1167 892 1309 968 xvrn.

599 1069 656 1132 De
673 1070 818 1151 puritate
841 1066 985 1146 lamiam,
1009 1069 1166 1134 solmone
1188 1080 1218 1135 et
1239 1068 1467 1134 remantem
1488 1072 1574 1135 Novi
1597 1072 1733 1138 Sideris.

574 1228 683 1290 Placet
705 1247 776 1289 vero
800 1229 897 1291 locum
920 1230 997 1291 hunc
1021 1230 1195 1310 diligentius
1218 1238 1415 1309 pertractare.
1464 1228 1544 1300 Quid
1568 1232 1646 1294 euim
1675 1240 1740 1306 est,
1768 1233 1847 1313 quod

483 1316 574 1378 nobis
596 1317 686 1396 hujus
709 1318 778 1378 novi
802 1319 911 1379 sideris
934 1320 1073 1380 notitiam
1097 1319 1280 1394 conciliarit,
1305 1320 1362 1380 nisi
1386 1319 1442 1380 hoo
1461 1320 1558 1398 ipsum
1578 1320 1643 1399 ejus
1663 1321 1761 1383 lumen
1784 1331 1847 1384 tarn

484 1403 642 1484 fulgidum,
668 1414 730 1467 tarn
754 1406 950 1468 admirabile?
996 1409 1101 1487 ltaque
1125 1427 1266 1487 maguum
1289 1426 1398 1486 operae
1421 1408 1563 1488 pretium,
1588 1410 1624 1483 si,
1649 1411 1728 1489 quod
1751 1419 1846 1485 teuto,

482 1511 594 1555 causas
617 1494 706 1573 hujus
731 1495 855 1574 fulgoris
878 1515 917 1556 ex
939 1504 1065 1558 naturae
1087 1497 1293 1577 penetralibus
1315 1495 1429 1575 passim
1452 1516 1567 1559 eruero.

573 1581 603 1644 J.
629 1580 665 1644 Ο.
691 1580 830 1662 Scaliger
852 1584 1081 1647 Exotericsrum
1095 1584 1353 1646 Exercitationem
1377 1580 1429 1647 63.
1454 1604 1564 1646 causas
1586 1585 1674 1647 affert
1699 1584 1738 1646 ad
1762 1586 1845 1648 scin·

481 1668 676 1732 tillationem.
690 1682 902 1734 concurrentes
925 1675 1068 1753 quinque:
1100 1674 1350 1752 magnitudinem,
1381 1674 1564 1748 claritatem,
1588 1682 1702 1735 motum
1725 1674 1843 1749 sideris,

481 1759 612 1821 medium
636 1760 715 1821 aeris
739 1769 772 1821 et
793 1770 905 1822 motum
929 1762 1048 1823 luminis
1071 1762 1101 1824 iu
1126 1763 1235 1824 sidere.
1283 1760 1368 1832 Quas
1392 1782 1500 1824 causas
1519 1762 1569 1843 qui
1589 1762 1749 1843 diligenter
1770 1782 1845 1824 exa-

480 1848 657 1922 minaverit,
690 1849 879 1928 isprimam‚
914 1852 1074 1912 secundam
1108 1860 1140 1912 et
1173 1860 1311 1930 quartam
1345 1851 1421 1912 inter
1453 1852 1634 1931 adjuvantes
1666 1851 1844 1930 comperiet;

480 1937 604 1997 tertiam
629 1945 683 1998 ant
706 1938 841 2018 quintam
864 1958 918 2019 pro
941 1939 1104 2019 praecipua
1127 1939 1260 2000 habebit.
1307 1938 1428 2001 Etenim
1451 1940 1530 2019 quod
1543 1940 1626 2019 prius
1641 1959 1706 2001 cum
1721 1940 1844 2002 Aristo-

480 2025 544 2085 tele
567 2044 634 2088 sum
657 2036 887 2106 argumentatus
911 2048 948 2089 ex
971 2028 1188 2090 scintillatione
1213 2028 1253 2088 ad
1276 2027 1477 2101 altitudinem,
1502 2029 1559 2090 ieci
1583 2028 1623 2091 ad
1646 2029 1844 2090 convicendos

480 2112 707 2176 Aristotelicos.
754 2115 830 2176 Rern
854 2116 951 2195 ipsam
977 2116 1055 2198 quod
1078 2118 1206 2189 attinet,
1238 2115 1311 2177 nihil
1344 2116 1473 2177 altitudo
1505 2136 1559 2197 per
1583 2137 1615 2178 se
1639 2126 1755 2196 potest,
1786 2116 1843 2178 nisi

479 2201 585 2263 adsint
607 2221 718 2264 causae
742 2213 862 2266 ceterae
895 2213 948 2266 aut
977 2224 1030 2285 per
1053 2205 1243 2266 altitudinem
1272 2214 1473 2284 praestentur.
1520 2205 1643 2268 Dictum
1673 2215 1722 2268 est
1753 2206 1842 2281 enim,

478 2290 556 2370 ipsis
579 2290 670 2352 etiarn
694 2292 827 2371 planetis
850 2294 1069 2373 quodammodo
1093 2294 1251 2355 convenire
1271 2292 1527 2367 scintillationem,
1550 2294 1709 2374 praecipue
1730 2295 1843 2357 Veneri
1886 2335 1891 2344 ,

483 2387 517 2441 et
540 2379 704 2454 Mercurio,
729 2381 824 2442 Marti
848 2383 971 2444 obscure
996 2383 1173 2457 admodum,
1198 2381 1307 2443 ceteris
1331 2381 1461 2444 minime.
1508 2383 1550 2443 Et
1577 2391 1649 2444 suut
1679 2391 1780 2445 tamen
1813 2383 1843 2446 bi

482 2468 664 2547 superiores,
689 2468 734 2532 illi
756 2479 821 2532 tres
844 2471 983 2545 humiles,
1022 2480 1054 2532 et
1089 2471 1192 2532 Venus
1225 2470 1343 2550 quidem
1371 2470 1508 2532 humilior
1531 2470 1596 2550 ipso
1619 2471 1730 2535 Marte.
1777 2471 1843 2552 lgr-

476 2564 529 2618 tur
551 2556 580 2618 in
605 2576 643 2617 ea
664 2576 771 2619 maneo
794 2561 955 2634 sententia,
981 2579 1070 2641 quam
1094 2579 1161 2640 cap.
1179 2559 1237 2621 VI.
1258 2558 1436 2640 Opticorum
1459 2559 1581 2633 tradidi,
1606 2578 1696 2640 qnam
1717 2568 1749 2622 et
1762 2559 1842 2623 Soa-

476 2644 556 2724 lIger
580 2644 730 2714 defendit,
763 2666 884 2710 causam
918 2648 1144 2711 scintillationis
1169 2648 1243 2727 ipsis
1267 2649 1424 2710 stellarum
1447 2648 1621 2728 corporibus
1645 2648 1760 2725 inesse,
1789 2667 1841 2712 seu

476 2733 598 2795 luminis
622 2754 659 2796 ea
682 2735 723 2796 sit
745 2745 843 2798 motus
867 2757 921 2798 seu
944 2738 1087 2817 corporis.
1133 2737 1175 2798 Et
1197 2738 1280 2816 prius
1306 2738 1343 2798 de
1367 2737 1515 2799 luminis
1538 2745 1646 2800 motu.

567 2821 674 2884 Placet
697 2823 851 2901 Scaligero
876 2836 908 2886 et
931 2826 995 2904 lpse
1020 2826 1214 2887 vehementer
1236 2826 1385 2910 approbo,
1418 2836 1576 2891 naturalem
1599 2853 1662 2890 esre
1686 2836 1715 2889 in
1744 2835 1840 2892 sideris

477 2938 595 2993 corpore
615 2922 670 2977 rim
690 2923 800 2977 luminis
826 2941 888 2977 sese
909 2924 1070 2996 spargentis
1095 2942 1151 2979 nou
1171 2923 1230 2978 sine
1250 2932 1335 2981 motu.
1370 2914 1430 2976 Rei
1443 2914 1590 2977 obscurae
1605 2914 1766 2993 explicatio
1781 2934 1840 2978 non

477 3000 640 3062 admodum
663 3001 811 3064 dilucida:
845 3003 1006 3063 declarabo
1030 3002 1193 3081 exemplis,
1226 3002 1253 3064 si
1281 3003 1359 3064 lorte
1383 3022 1503 3065 sensum
1527 3002 1659 3066 auctoris
1683 3022 1839 3084 assequar,
1952 3059 1967 3084 ,

476 3090 549 3151 dnm
572 3107 669 3150 meum
692 3108 807 3169 promo.
853 3091 1032 3172 Exemplum
1055 3101 1129 3171 puto
1153 3090 1231 3152 satis
1251 3101 1355 3171 aptum
1374 3091 1403 3153 iu
1423 3101 1506 3154 motu
1527 3091 1627 3154 cordis
1646 3092 1839 3155 arteriarum·

473 3195 548 3257 que:
574 3179 686 3240 uthoc
710 3197 825 3258 quoque
849 3180 1022 3242 cordicum
1046 3180 1134 3255 Sole,
1168 3179 1250 3241 vitae
1283 3200 1351 3243 curn
1374 3181 1501 3255 lumine,
1531 3188 1654 3260 praeter
1677 3200 1729 3255 ea,
1762 3199 1839 3260 quse

473 3284 542 3345 cap.
560 3268 584 3329 1.
605 3276 636 3327 et
650 3267 705 3330 Vl.
726 3264 852 3347 Optices
877 3269 947 3343 dixi,
972 3287 1126 3331 commuue
1149 3269 1200 3330 sit.
1246 3268 1315 3330 Non
1339 3270 1396 3332 buc
1420 3271 1525 3331 trahas
1549 3270 1727 3349 exemplum,
1752 3269 1839 3349 quasi

471 3364 509 3417 ut
532 3373 583 3417 cor
606 3355 743 3435 spiritum
766 3358 988 3437 compressione
1012 3357 1099 3419 elidit
1121 3365 1153 3418 et
1176 3358 1362 3420 transfundit
1384 3357 1414 3419 iu
1437 3377 1555 3438 corpus,
1580 3358 1624 3419 aio
1643 3358 1752 3421 stellae
1766 3376 1837 3420 cor-

470 3462 531 3525 pus
554 3443 641 3523 quasi
664 3446 793 3526 quadam
817 3446 1022 3508 coarctatione
1052 3446 1098 3507 sui
1126 3447 1225 3507 lumen
1254 3449 1412 3526 exprimat.
1459 3446 1593 3526 Spiritus
1625 3447 1704 3508 enim
1734 3446 1838 3508 vitalis

472 3550 649 3612 corporeum
673 3533 824 3614 quippiam
846 3544 909 3595 est:
935 3536 1042 3608 lumen,
1067 3535 1272 3596 sincerissima
1292 3536 1435 3616 qualitas,
1460 3555 1567 3598 crassa
1584 3535 1645 3597 ista
1659 3534 1836 3614 impulsione

472 3639 533 3684 non
558 3621 682 3701 indiget.
729 3621 793 3686 Sed
816 3632 916 3684 tamen
941 3623 1086 3704 analogus
1111 3623 1220 3703 aliquis
1242 3624 1432 3702 intelligatur
1453 3625 1484 3686 iu
1507 3624 1600 3686 stella
1627 3633 1742 3695 motus,
1775 3640 1834 3684 uon

470 3709 581 3772 localis
604 3711 659 3772 sed
682 3711 886 3785 alterationis,
918 3714 1082 3774 secundum
1112 3731 1180 3773 eam
1203 3713 1395 3791 qualitatem,
1430 3729 1490 3790 qua
1520 3712 1612 3773 stella
1635 3710 1764 3773 lucidum
1787 3717 1837 3772 est
1953 3776 1957 3791 ,

472 3816 594 3877 corpus.
641 3801 705 3862 Imo
729 3818 801 3863 vero
825 3799 925 3862 vivum
948 3820 1082 3881 propono
1107 3800 1196 3879 hujus
1220 3800 1409 3862 alterationis
1433 3801 1600 3880 exemplum
1624 3798 1655 3861 iu
1673 3798 1750 3860 vivis
1765 3817 1835 3860 car·

472 3887 617 3960 boribus:
650 3889 701 3969 qui
724 3890 762 3951 ab
785 3888 842 3951 hoo
865 3888 932 3968 ipso
955 3900 1039 3952 motu
1061 3898 1094 3952 et
1116 3889 1202 3970 quasi
1224 3888 1327 3968 vigore
1358 3888 1529 3951 alternante
1561 3906 1667 3949 nornen
1699 3887 1835 3949 vivorum

471 3983 545 4038 runt
567 3977 681 4057 adepti.
727 3977 796 4041 Etsi
826 3978 883 4040 hoc
913 3980 1093 4059 exemplum,
1127 3978 1155 4039 si
1186 3986 1219 4039 et
1249 3977 1438 4040 celeritatem
1465 3976 1494 4039 ei
1520 3976 1663 4057 majorem
1693 3976 1833 4056 affingas,

470 4064 603 4126 Veneris
626 4066 834 4129 scintillationi
861 4066 957 4146 magis
981 4068 1151 4145 respondet.
1877 4081 1883 4093 ‘

561 4152 639 4216 Hem
662 4155 785 4218 hoccine
809 4163 858 4216 est
880 4154 1096 4235 philosophari,
1118 4174 1155 4216 eo
1178 4154 1369 4235 paupertatis
1392 4153 1503 4233 redigi:
1536 4160 1570 4216 ut
1591 4153 1777 4227 sententiae,
1801 4158 1835 4214 ut

470 4260 571 4305 rernm
595 4262 705 4305 musae
729 4264 748 4306 a
771 4244 861 4323 vulgo
884 4243 947 4305 siut
969 4243 1207 4305 mendicandae?
1243 4243 1323 4305 Nam
1346 4262 1393 4306 me
1408 4240 1540 4316 Christe,
1564 4240 1639 4305 nihil
1661 4248 1711 4304 est
1732 4240 1833 4320 aptius

468 4347 537 4416 pro¹
550 4334 695 4412 exemplo,
720 4351 811 4413 quam
833 4332 865 4393 id
889 4332 968 4413 quod
990 4351 1093 4394 omnes
1116 4331 1298 4410 concipiunt,
1325 4330 1460 4412 quodque
1483 4329 1634 4393 Patricius
1658 4334 1834 4403 (notter),

469 4418 654 4482 altissimum
678 4441 785 4503 sapere
799 4421 893 4496 visus,
917 4440 971 4483 sen
986 4440 1112 4483 censens
1129 4420 1176 4482 ita
1196 4439 1303 4482 senex
1321 4418 1482 4482 barbarica
1495 4418 1684 4501 philosophia
1700 4419 1834 4498 loquens,

468 4516 554 4571 certe
578 4508 712 4573 imitatus
736 4520 785 4573 est
813 4509 914 4585 unice,
947 4511 1054 4572 stellas
1086 4509 1287 4589 pronuncians
1319 4527 1388 4572 esse
1420 4508 1605 4584 flammulas:
1637 4506 1774 4570 nimirum
1804 4503 1835 4568 id

468 4597 551 4679 quod
574 4599 663 4677 volgo
686 4599 827 4662 videntur
850 4607 882 4660 et
904 4598 988 4677 cujus
1012 4598 1055 4659 rei
1085 4616 1262 4677 expressam
1294 4605 1403 4676 gerunt
1433 4596 1662 4659 similitudinem
1693 4603 1725 4657 et
1755 4593 1834 4656 unde

467 4686 552 4766 apud
574 4687 747 4767 plerosque,
781 4686 942 4767 praecipue
965 4694 1088 4766 potitae,
1122 4685 1365 4748 denominantur:
1399 4685 1479 4766 quod
1511 4704 1603 4765 snpra
1634 4691 1667 4746 et
1694 4684 1731 4745 de
1755 4699 1833 4744 noro

468 4782 577 4837 nostm
600 4776 698 4840 sidere
722 4776 939 4855 usurpavimus.

559 4865 610 4926 An
633 4883 705 4945 ergo
728 4865 803 4927 haec
827 4875 876 4927 est
898 4865 927 4925 in
950 4862 1017 4925 fixis
1041 4882 1135 4923 causa
1157 4861 1352 4934 scintillaudi,
1379 4880 1455 4942 quae
1478 4860 1591 4923 uostris
1612 4857 1720 4921 iaculis
1739 4877 1833 4922 causa

465 4952 628 5015 evomendi
651 4973 689 5016 ex
712 4953 879 5033 interrupto
909 4952 985 5014 alios
1015 4959 1106 5032 atque
1134 4952 1211 5014 alios
1244 4949 1368 5012 radios?
1399 4949 1522 5012 Nescio.
1567 4947 1611 5010 Et
1642 4945 1761 5028 quidem
1793 4947 1831 5008 de

466 5048 576 5104 nostra
597 5061 678 5105 nova
699 5042 793 5105 stella
816 5041 934 5104 facilins
958 5042 1014 5102 hoc
1044 5040 1163 5114 dixero,
1198 5040 1267 5121 quia
1290 5037 1455 5118 disparuit,
1488 5037 1560 5117 quia
1590 5035 1691 5100 subito
1723 5035 1830 5116 iugens

465 5128 589 5210 reluxit,
612 5130 703 5196 uubis
726 5130 905 5196 adolescens
926 5128 1135 5193 incrementis:
1161 5128 1289 5192 defixis
1311 5146 1398 5197 raro,
1427 5125 1478 5209 qui
1501 5124 1618 5189 aetemi
1640 5132 1711 5190 sunt
1732 5124 1829 5206 ignes,
