4584 6192
1072 563 1154 632 caque
1171 565 1204 619 11.
1753 547 1815 617 153

462 765 552 828 copus
587 743 838 820 Cameracensis,
872 744 996 806 aliorum
1029 742 1197 807 sententias
1229 750 1260 803 et
1296 741 1374 801 inter
1406 739 1462 799 has
1496 737 1594 818 ipsam
1628 733 1816 821 verissimam

463 854 594 907 causam,
621 834 701 914 qnod
720 833 821 896 mirari
843 833 953 912 possis,
976 833 1082 913 rejicit,
1107 834 1220 911 ipsese
1236 831 1265 891 iu
1287 826 1421 891 latebras
1441 844 1569 887 aroauae
1591 823 1666 885 lueis
1689 829 1816 883 naturae

463 943 528 986 cum
549 923 723 985 Vitellione
753 922 859 1001 recipit
883 921 948 995 (lib.
974 922 999 994 l,
1023 941 1107 1002 prop.
1133 920 1179 994 5).
1227 921 1447 987 Hartmannus,
1478 914 1527 995 qui
1549 912 1693 974 Pisanum
1722 910 1818 971 edidit

464 1024 494 1076 et
516 1010 810 1074 demonstrationum
834 1011 969 1071 defectus
985 1012 1090 1073 tollere
1115 1009 1297 1080 instituerat,
1322 1002 1553 1067 haesitationem
1573 1001 1665 1063 istam
1686 998 1816 1078 reliquit.

462 1101 530 1162 Etsi
553 1119 628 1162 vero
653 1099 782 1161 Pisanus
805 1100 899 1161 verba
922 1100 1009 1162 affert
1042 1100 1168 1160 aliorum
1196 1097 1301 1175 quibus
1325 1112 1399 1154 vera
1426 1111 1519 1153 causa
1551 1089 1737 1168 explicatur:
1761 1095 1818 1158 alii,

464 1189 612 1270 inquient,
637 1206 782 1253 assumunt
802 1206 834 1251 ut
855 1214 967 1253 eausam
987 1205 1120 1252 remotam
1141 1197 1212 1251 Solis
1233 1194 1439 1256 rotunditatem,
1462 1190 1598 1245 radiorum
1620 1193 1712 1241 antem
1734 1185 1818 1276 inter·

464 1291 614 1344 maenam
636 1296 669 1343 ιιι
692 1289 890 1357 propinquam:
920 1278 987 1356 ipsa
1010 1286 1111 1339 tumen
1136 1273 1363 1342 demonstratio,
1387 1288 1474 1351 quam
1497 1266 1632 1347 proxime
1656 1265 1819 1343 subjungit,

465 1387 502 1429 ex
535 1368 699 1429 eorundem
732 1366 836 1445 procul
861 1366 949 1427 dnbio
975 1373 1129 1428 auctorum
1157 1362 1308 1425 sententia
1340 1361 1499 1421 veritatem
1531 1373 1647 1417 rursum
1680 1351 1759 1431 tegit
1790 1355 1821 1409 et

469 1455 561 1517 alium
585 1455 687 1516 verbis
706 1454 794 1516 hisce
809 1474 928 1515 sensum
949 1453 1062 1527 tribuit,
1088 1469 1176 1533 qnam
1195 1452 1307 1513 habere
1330 1456 1464 1529 possunt.
1501 1446 1584 1507 Idem
1608 1439 1822 1521 propemodum

470 1544 619 1606 accidisse
634 1542 797 1605 Aristoteli
817 1542 895 1604 credi
915 1550 1026 1621 potest,
1052 1542 1099 1622 qui
1114 1549 1181 1604 cnm
1197 1542 1226 1602 in
1250 1538 1445 1619 problematis
1469 1534 1602 1595 sectione
1621 1528 1670 1602 15,
1687 1548 1754 1607 cap.
1773 1523 1822 1589 10.

446 1633 680 1712 'quaestionem
712 1632 870 1703 movisset,
895 1660 943 1695 cur
964 1644 987 1696 si
1017 1641 1168 1696 deficientis
1191 1639 1262 1694 Solis
1293 1638 1361 1692 radii
1389 1654 1440 1705 per
1468 1634 1536 1687 folia
1564 1629 1673 1701 platani
1699 1634 1749 1682 aut
1773 1640 1824 1695 per

470 1722 634 1793 compositos
656 1724 683 1775 in
704 1731 891 1776 transversum
911 1740 1008 1777 manns
1033 1722 1174 1792 utriusque
1196 1720 1297 1789 digitos
1319 1717 1477 1778 transirent,
1499 1713 1609 1767 lunulae
1624 1711 1652 1763 in
1666 1707 1822 1778 pavimento

471 1811 645 1882 effigiarent:
670 1819 773 1861 veram
797 1799 914 1880 quidem
938 1819 1061 1861 oausam
1084 1800 1188 1867 affert:
1213 1809 1315 1870 conos,
1340 1796 1485 1874 inquiens,
1515 1804 1582 1856 duos
1617 1797 1765 1852 verticibus
1794 1792 1824 1884 in

472 1890 606 1962 angustia
626 1890 756 1944 rimarum
778 1890 862 1952 coire,
886 1908 997 1960 quorum
1020 1890 1135 1944 alterins
1157 1889 1231 1943 basis
1252 1889 1280 1941 in
1300 1888 1379 1949 Sole,
1406 1883 1521 1938 alterins
1543 1881 1571 1934 in
1599 1878 1756 1949 pavimento
1778 1877 1823 1934 srt,

474 1971 568 2041 itaque
591 1988 704 2023 necesse
726 1988 788 2023 esse
802 1977 834 2023 ιιι
848 1970 911 2023 Sole
927 1987 945 2024 a
958 1971 1100 2040 superiore
1122 1977 1202 2038 parte
1217 1968 1378 2036 inspeciem
1398 1963 1537 2019 nascentis
1551 1962 1648 2017 Lunae
1670 1960 1825 2015 attenuato,

474 2047 568 2116 raditis
591 2048 665 2114 irifra
685 2077 703 2113 a
724 2067 805 2128 parte
827 2058 967 2112 contraria
987 2058 1057 2111 idom
1081 2058 1214 2127 patiatur.
1250 2049 1295 2109 At
1318 2063 1384 2124 cap.
1408 2042 1437 2104 5.
1462 2061 1528 2102 cum
1550 2042 1606 2102 hoc
1630 2058 1667 2100 cx
1680 2034 1826 2116 'pr0f0880

473 2139 600 2219 quaerit,
625 2139 703 2218 quod
728 2157 794 2216 cap.
824 2134 873 2198 10.
898 2137 964 2198 looo
988 2136 1317 2220 principii‘snmseram
1340 2161 1388 2197 eur
1422 2142 1514 2196 radius
1546 2157 1596 2210 per
1632 2130 1826 2226 quadrangula

472 2237 615 2309 ingressus
636 2254 691 2290 non
712 2237 906 2307 quadrangula
926 2238 974 2290 sed
996 2235 1141 2288 circularia
1162 2234 1314 2288 constituat
1335 2233 1486 2294 schemata,
1514 2237 1635 2281 causam
1663 2223 1774 2295 partim
1797 2227 1826 2270 ln

474 2315 554 2377 visus
579 2314 820 2376 imbecillitatem
847 2315 980 2387 confert,
1005 2332 1036 2377 ut
1057 2325 1102 2395 qni
1122 2325 1214 2378 radios
1236 2342 1299 2387 eos,
1322 2324 1415 2394 quiin
1437 2321 1555 2392 angulos
1586 2318 1725 2372 fenestrae
1753 2330 1827 2367 sece-

474 2407 548 2467 dunt,
570 2420 643 2474 prae
658 2405 788 2458 claritate
804 2422 905 2467 eorum,
927 2405 973 2475 qui
988 2404 1104 2458 mediam
1119 2406 1268 2459 fenestram
1283 2410 1436 2466 transeunt,
1454 2399 1683 2469 comprehendere
1697 2398 1827 2464 nequeat,

474 2483 584 2563 partim
608 2482 649 2543 ad
671 2482 768 2563 ipsam
792 2482 916 2544 visionis
942 2483 1067 2544 formam
1091 2490 1246 2561 provocat,
1271 2495 1342 2563 quod
1356 2493 1406 2545 fiat
1419 2490 1487 2544 visio
1502 2494 1624 2542 exeunte
1638 2502 1705 2539 euno
1719 2481 1828 2538 rediero

476 2599 511 2636 ex
531 2582 623 2644 oculo,
647 2580 726 2649 cnjus
748 2581 822 2634 basis
844 2589 888 2634 est
909 2581 1035 2635 circulus.
1082 2570 1152 2642 Qua
1184 2571 1402 2651 impertinentia
1435 2586 1489 2630 nec
1519 2566 1550 2627 in
1579 2562 1686 2643 cpticis
1718 2577 1830 2660 apprc-

476 2659 565 2721 batae
590 2677 702 2720 causae
727 2659 909 2739 allegatione
933 2658 1075 2721 tenebras
1100 2679 1217 2722 mrsum
1241 2660 1356 2721 inducit
1369 2658 1439 2731 illis,
1465 2673 1540 2736 qnae
1562 2672 1628 2733 cap.
1648 2649 1698 2714 10.
1723 2669 1761 2711 ex
1782 2648 1830 2708 his

477 2747 598 2810 deducit
606 2766 615 2821 ;
640 2746 716 2808 adeo
741 2755 774 2807 nt
792 2748 991 2809 Aristotelem
1016 2767 1070 2809 nec
1092 2748 1219 2810 Vitellio
1243 2768 1297 2809 nee
1312 2747 1441 2808 Pisanus
1464 2763 1518 2805 nec
1543 2743 1700 2822 quisquam
1723 2744 1830 2836 poste:

478 2836 585 2897 riomm
618 2835 698 2915 qnod
731 2836 822 2897 sciam
860 2836 1053 2897 intellexerit.
1111 2836 1187 2897 Mihi
1220 2845 1291 2897 ante
1329 2854 1424 2897 annos
1457 2832 1624 2912 complures
1657 2848 1694 2890 ex
1727 2826 1831 2888 Pisani

478 2923 610 2985 tenebris
641 2923 742 3003 aliqua
765 2924 816 2985 lux
844 2924 968 2986 affulsit.
1016 2923 1092 2986 Cum
1123 2926 1202 2986 enim
1232 2944 1352 2986 sensum
1385 2923 1541 2984 verborum
1565 2920 1640 2981 adeo
1674 2915 1832 2978 obscurum

479 3031 513 3073 ex
527 3013 683 3073 schemate
700 3012 729 3072 in
744 3012 834 3089 plano
850 3013 1100 3092 comprehendere
1120 3014 1294 3093 nequirem:
1320 3012 1440 3091 confugi
1460 3011 1497 3072 ad
1513 3008 1653 3081 αὐτοψιαν
1675 3005 1705 3067 in
1721 3002 1832 3066 solido.

483 3100 606 3162 Librum
628 3099 659 3161 in
683 3100 801 3161 sublimi
836 3101 942 3174 locavi,
975 3102 1130 3181 quiesset
1159 3102 1223 3163 loco
1258 3101 1385 3163 lucentis
1414 3099 1566 3179 corporis:
1599 3098 1676 3158 hunc
1699 3094 1778 3156 iuter
1802 3097 1834 3151 et

480 3189 683 3268 pavimentum
716 3189 864 3266 figebatur
895 3189 1010 3251 tabella
1044 3190 1190 3251 foramine
1224 3189 1429 3269 multangolo;
1462 3189 1542 3250 filum
1576 3185 1682 3247 deinde
1711 3200 1749 3243 ex
1776 3196 1833 3241 uno

483 3277 544 3339 libri
569 3275 680 3356 angulo
703 3295 757 3355 per
781 3277 914 3340 foramen
938 3277 968 3338 in
997 3279 1203 3357 pavimentum
1234 3278 1394 3340 demissum
1419 3279 1463 3339 ita
1494 3275 1654 3338 incedebat
1681 3272 1711 3333 in
1743 3268 1833 3349 pavi-

483 3373 593 3437 mento,
623 3373 657 3425 ιιι
678 3365 823 3426 terminos
848 3365 1004 3427 foraminis
1028 3366 1167 3441 raderet,
1201 3368 1286 3445 cujus
1310 3367 1440 3446 vestigia
1467 3373 1551 3426 creta
1583 3360 1742 3434 imitabar;
1776 3378 1836 3439 qua

484 3453 596 3515 ratione
627 3452 787 3515 creabatur
819 3454 915 3534 figura
948 3454 979 3515 in
1011 3454 1186 3535 pavimento
1219 3455 1326 3517 similis
1360 3455 1508 3518 foramini.
1561 3453 1643 3515 Idem
1677 3448 1834 3512 accidebat

485 3560 595 3602 aunexo
619 3541 669 3602 tilo
694 3560 731 3602 ex
755 3542 861 3615 altero,
887 3544 995 3614 tertio,
1019 3550 1125 3623 quarto
1150 3543 1217 3604 libri
1251 3543 1360 3623 angnlb
1385 3544 1518 3623 adeoque
1544 3561 1580 3604 ex
1604 3538 1728 3602 infinitis
1750 3554 1833 3597 mar-

485 3629 578 3707 ginum
601 3629 731 3709 punctis.
770 3630 877 3711 Itaque
900 3631 1082 3692 infinitarum
1102 3630 1130 3691 in
1155 3632 1328 3711 pavimento
1354 3632 1506 3693 foraminis
1530 3632 1690 3710 figurarum
1715 3624 1835 3687 exilium

487 3716 572 3778 series
603 3718 805 3779 adumbrabat
837 3737 977 3798 magnam
1001 3727 1032 3780 et
1056 3721 1292 3799 quadrangulam
1326 3721 1392 3783 libri
1422 3721 1558 3800 liguram.
1605 3716 1711 3778 Patuit
1733 3714 1835 3790 itaque

488 3823 654 3867 concurrere
679 3806 718 3866 ad
741 3807 897 3885 problema
921 3808 1186 3869 demonstrandum
1211 3809 1427 3870 rotunditatem
1451 3827 1508 3870 non
1533 3806 1609 3868 radii
1638 3801 1758 3877 visorii,
1775 3799 1836 3861 'sed

491 3892 573 3971 ipsius
596 3891 691 3966 Solis,
716 3913 774 3955 non
799 3895 869 3974 qnia
891 3896 966 3957 haec
989 3896 1212 3975 perfectissima
1235 3897 1276 3958 sit
1300 3897 1408 3976 figura,
1435 3897 1488 3958 scd
1512 3895 1582 3976 quia
1610 3894 1685 3955 haec
1710 3890 1837 3952 lucentis

493 3981 617 4062 corporis
650 3982 747 4060 figora
775 3983 816 4043 eit
846 3981 874 4043 in
908 4002 1029 4060 genere.
1075 3984 1133 4046 Hie
1166 3985 1278 4063 primns
1312 3994 1360 4046 est
1382 3986 1411 4045 in
1444 3986 1501 4046 hoc
1534 3984 1635 4045 labore
1669 3997 1837 4041 successus.

494 4065 623 4131 ceterum
654 4080 686 4129 et
707 4070 891 4132 Aristoteles
916 4080 948 4133 et
972 4072 997 4132 is
1022 4091 1107 4152 quem
1132 4073 1192 4134 dini
1221 4072 1349 4135 Pisanus
1374 4073 1413 4134 ad
1436 4073 1646 4134 enodationem
1670 4067 1839 4146 argumenti

496 4157 714 4232 pulcherrimum
746 4159 983 4239 experimentum
1016 4162 1162 4234 afferens,
1197 4162 1234 4221 de
1269 4161 1352 4223 Solis
1386 4160 1552 4223 deficientis
1585 4159 1669 4222 radio
1703 4157 1842 4220 similiter

498 4242 658 4313 deficiente,
683 4265 749 4307 cum
774 4248 800 4307 is
823 4266 877 4326 per
901 4256 1062 4326 angustum
1088 4249 1221 4309 foramen
1252 4249 1412 4328 recipitur,
1447 4250 1635 4311 occasionem
1659 4247 1839 4322 Rcinholdo,

499 4327 625 4395 Gemmrm
659 4341 692 4395 et
723 4335 888 4396 Maestlino
921 4336 1116 4415 Praeceptori
1150 4356 1216 4398 meo
1251 4337 1508 4412 subministravit,
1528 4333 1569 4410 ¹²)
1595 4335 1840 4399 accommodandi

501 4417 636 4484 theorema
659 4421 699 4483 ad
723 4442 808 4484 usum
840 4443 897 4484 uon
929 4424 1025 4486 minus
1054 4425 1195 4487 nobilem.
1242 4426 1321 4488 Nam
1346 4425 1375 4486 hi
1399 4446 1418 4486 a
1441 4445 1488 4487 me
1522 4425 1668 4488 nominati
1700 4432 1841 4485 auctores

502 4503 645 4571 durarunt
673 4519 879 4585 astronomos,
915 4512 1070 4591 eclipsium
1095 4511 1246 4575 Solarium
1280 4514 1485 4594 quantitates,
1521 4513 1735 4575 diametrorum
1759 4509 1841 4573 Solis

504 4600 526 4687 tt
542 4594 640 4659 Lunae
663 4600 874 4677 proportiones
898 4608 931 4660 et
953 4600 1054 4663 circuli
1078 4619 1132 4679 per
1156 4601 1298 4663 luminum
1322 4608 1428 4662 centra
1457 4602 1578 4682 trajecti
1603 4602 1642 4661 ad
1666 4598 1842 4662 verticalem

506 4681 710 4760 oclinationes,
745 4686 822 4747 citra
857 4688 1008 4750 oculorum
1041 4688 1182 4750 damnum
1215 4691 1351 4769 citraque
1384 4709 1533 4766 errorem,
1568 4690 1617 4769 qni
1650 4688 1729 4751 solet
1761 4688 1842 4750 nuda

507 4772 691 4836 estmarioue
725 4775 888 4850 committi,
923 4776 1032 4838 circino
1066 4777 1207 4839 dimetiri.
1259 4777 1309 4839 Ab
1338 4796 1373 4839 eo
1403 4777 1494 4859 igitur
1524 4788 1660 4858 tempore
1695 4784 1841 4857 quotquot

509 4848 607 4923 Solares
630 4862 760 4942 eclipses
784 4883 804 4924 a
831 4864 1058 4944 praestantibus
1092 4865 1316 4928 mathematicis
1350 4875 1514 4929 annotatae
1543 4878 1627 4939 sunt,
1661 4865 1749 4928 modo
1776 4865 1841 4945 jam

509 4938 567 5008 dicto
586 4949 767 5014 observatas
786 4970 855 5013 esse
878 4953 1042 5016 verisimile
1063 4962 1130 5016 est:
1156 4973 1222 5016 eum
1245 4963 1368 5033 praeter
1389 4953 1467 5017 hanc
1485 4957 1569 5019 nulla
1595 4953 1657 5018 alia
1680 4961 1766 5017 certa
1788 4952 1840 5030 rei,

511 5036 613 5103 loeis
635 5039 721 5101 coelo
743 5039 787 5114 lit,
811 5041 981 5104 metiendae
1004 5041 1083 5104 ratio
1106 5042 1205 5121 possit
1228 5041 1357 5104 institui.
1837 5035 1840 5042 ’

480 5179 499 5238 b
