4584 6192
1929 556 2255 606 cxl-cxx.
3317 549 3447 618 559

736 731 935 792 Detur
981 731 1275 811 utrimque
1346 753 1461 793 una
1524 734 1651 794 lens
1718 754 1870 795 cava
1928 732 2047 795 GH
2103 735 2198 795 vel
2257 734 2380 808 IK,
2446 754 2597 814 quae

737 818 1008 899 proxime
1071 820 1300 880 oculum
1366 821 1567 900 posita
1631 832 1799 883 certa
1864 823 1954 884 sui
2036 821 2309 901 portione
2378 831 2603 884 certam

740 908 1168 988 parallelorum
1197 909 1496 971 radiorum
1530 911 1966 990 divergentiam
2000 920 2299 973 causetur.
2372 910 2601 973 Cavum

738 997 924 1077 igitur
982 1017 1114 1058 cum
1178 998 1259 1057 sit
1319 1018 1497 1059 unum
1547 1009 1608 1060 et
1654 1000 1812 1060 idem
1881 1001 2253 1080 propositum
2306 998 2443 1074 Gn,
2491 1002 2599 1073 IK,

739 1086 852 1148 erit
885 1084 940 1145 in
977 1086 1185 1146 eodem
1230 1087 1347 1147 situ
1380 1108 1417 1147 a
1448 1086 1517 1159 C,
1550 1089 1598 1148 F
1642 1088 1884 1167 punctis
1933 1108 2255 1150 concursus
2298 1109 2403 1168 per
2435 1087 2599 1151 CXI.

738 1173 967 1236 Oculus
1016 1194 1157 1235 vero
1216 1184 1311 1235 est
1366 1176 1634 1255 proxime
1693 1178 1910 1238 lentem
1968 1177 2263 1257 utrimque
2315 1198 2389 1238 ex
2455 1197 2599 1256 sup-

736 1263 960 1343 posito.
1039 1264 1414 1342 Aequalibus
1455 1265 1637 1342 igitur
1686 1266 2050 1327 acuminibus
2085 1265 2217 1341 GC,
2254 1268 2334 1327 IF
2383 1266 2601 1328 ablatis

739 1352 816 1412 ab
882 1352 1294 1432 inaequalibus
1350 1351 1486 1421 AC,
1537 1355 1662 1428 DF,
1725 1374 1874 1433 quae
1941 1365 2263 1434 supersunt
2323 1353 2464 1428 AG,
2515 1355 2603 1415 DI

743 1440 801 1500 in
870 1440 1080 1519 majori
1149 1449 1323 1502 erunt
1382 1443 1788 1521 proportione.
1913 1444 2061 1504 Plus
2126 1444 2306 1522 igitur
2371 1443 2426 1503 in
2494 1464 2606 1504 sua

739 1530 1125 1608 proportione
1172 1540 1514 1591 removetur
1558 1532 1672 1593 AB
1721 1551 2049 1592 convexum
2100 1553 2137 1591 a
2178 1531 2299 1593 GH
2346 1552 2494 1592 cavo
2544 1539 2608 1592 et
2722 1559 2726 1566 ·

740 1619 932 1691 oculO,
986 1637 1161 1698 quarn
1209 1618 1321 1679 DE
1372 1638 1697 1680 convexum
1748 1621 1824 1681 ab
1873 1621 1963 1681 IK
2012 1640 2159 1680 cavo
2209 1629 2271 1680 et
2329 1620 2498 1680 oculo
2547 1621 2603 1680 in

741 1727 852 1767 sua
900 1706 1309 1787 proportione.
1387 1707 1469 1767 Et
1501 1706 1621 1768 GH
1667 1729 1797 1769 cum
1847 1710 2016 1769 oculo
2059 1718 2153 1770 est
2199 1709 2442 1788 propior
2475 1708 2604 1787 ,ipsi

742 1794 791 1857 C
843 1794 899 1855 in
950 1795 1334 1873 proportione
1384 1796 1570 1873 ipsius
1625 1797 1793 1859 ABG
1855 1817 2029 1875 quam
2093 1799 2183 1858 IK
2245 1817 2377 1858 cum
2437 1797 2606 1857 oculo
2676 1785 2812 1837 ⁰¹
2880 1802 2907 1828 ¹·

740 1883 857 1963 ipsi
905 1885 956 1944 F
1006 1883 1061 1943 in
1111 1884 1491 1963 proportione
1540 1884 1722 1946 DEF.
1816 1886 2056 1964 Majora
2102 1886 2285 1965 igitur
2345 1884 2607 1945 visibilia
2806 1888 2809 1909 '

738 1981 1277 2050 repraesentantur
1322 1992 1430 2052 per
1459 1975 1591 2047 AB,
1647 1971 1767 2034 GII
1814 1993 1989 2053 quam
2036 1994 2144 2054 per
2189 1974 2321 2048 DE,
2368 1974 2454 2034 IK
2499 1992 2609 2052 per

668 2059 685 2076 ⁸
740 2061 1107 2123 LXXXIII.
1173 2060 1255 2121 Et
1304 2062 1537 2140 quidem
1588 2062 1897 2123 levissima
1944 2064 2303 2125 alteratione
2351 2082 2606 2141 propor-

744 2149 927 2209 tionis
975 2150 1150 2209 valde
1201 2150 1431 2227 majora
1478 2171 1584 2230 per
1625 2150 1853 2213 CXIV.

926 2235 1097 2298 Haec
1174 2237 1457 2319 capitalis
1531 2240 1862 2319 propositio
1943 2238 2401 2300 abstrusissima
2477 2238 2607 2313 fuit,

748 2325 928 2406 idque
979 2326 1132 2396 ideo,
1186 2329 1341 2406 quia,
1393 2328 1441 2387 si
1496 2347 1658 2405 quae.
1694 2336 1788 2388 est
1832 2328 2136 2407 proportio
2186 2327 2298 2391 AC
2350 2328 2424 2388 ad
2477 2324 2612 2399 OG,

747 2415 960 2475 eadem
1024 2415 1239 2477 fuisset
1295 2416 1481 2494 ipsius
1528 2417 1638 2478 DF
1686 2418 1760 2477 ad
1810 2418 1910 2490 FI,
1972 2427 2112 2476 tunc
2169 2416 2315 2477 nihil
2367 2415 2615 2476 fecisset
3232 2474 3233 2477 ,

745 2501 871 2566 AG
924 2504 1157 2582 longior
1206 2524 1380 2585 quam
1426 2506 1518 2566 DI
1566 2506 1639 2566 ad
1691 2506 1967 2583 augenda
2024 2505 2302 2566 visibilia.
2396 2504 2616 2565 Omnia
2799 2516 2837 2557 Ρ
3207 2523 3242 2568 c

741 2592 901 2652 enim
952 2593 1206 2654 fuissent
1254 2593 1547 2675 utrimque
1598 2595 1873 2673 aequalia
1920 2614 2026 2673 per
2074 2594 2436 2656 LXXXIII.

924 2679 1156 2742 CXVI.
1252 2683 1662 2743 Problema.
1759 2683 2043 2744 Visibilia
2090 2703 2196 2762 pro
2246 2682 2438 2744 lubitu
2487 2700 2706 2759 magna
2753 2684 3232 2758 repraesentare.

920 2770 1075 2830 Nam
1125 2772 1260 2850 (per
1307 2769 1537 2833 CXIII.
1591 2769 1820 2840 CXV.)
1868 2781 2060 2852 patet,
2113 2779 2292 2833 aucta
2338 2769 2720 2849 proportione
2771 2768 3121 2828 circulorum
3169 2762 3457 2826 cavitatis

738 2865 804 2919 et
853 2859 1254 2919 convexitatis
1301 2861 1506 2939 augeri
1554 2860 1835 2920 visibilia.

921 2945 1183 3010 CXVII.
1274 2948 1697 3010 Problema.
1796 2950 2102 3028 Inaequali
2154 2948 2399 3010 lentium
2449 2944 2774 3018 distantia,
2847 2944 2957 3003 hoc
3014 2947 3112 3001 est
3159 2935 3502 3020 inaequa-¹

738 3035 898 3096 libus
950 3035 1109 3096 tubis
1158 3046 1617 3115 repraesentare
1666 3037 1929 3099 visibilia
1977 3037 2212 3118 aequali
2264 3043 2586 3115 augmento
2635 3030 3087 3112 magnitudinis

920 3124 1040 3184 Fac
1099 3126 1235 3204 (per
1284 3124 1513 3188 CXIII.
1569 3125 1787 3199 CXV.)
1856 3137 1919 3187 ut
1984 3128 2064 3187 sit
2131 3128 2341 3187 eadem
2401 3123 2709 3205 proportio
2778 3130 2841 3181 et
2905 3119 3237 3180 cavitatum
3302 3115 3460 3176 inter

735 3233 806 3273 se
857 3220 920 3273 et
966 3214 1411 3276 convexitatum
1480 3224 1541 3275 et
1608 3215 2029 3277 distantiarum
2097 3216 2252 3276 iuter
2318 3217 2553 3287 lentes,
2621 3209 2905 3273 convexis
2971 3206 3121 3287 ipsis
3187 3204 3344 3267 inter
3391 3221 3459 3264 se

736 3301 1149 3363 dissimilibus.

921 3387 1213 3451 CXVIII.
1308 3390 1650 3452 Problem
1671 3412 1725 3452 a.
1823 3392 2208 3454 Brevioribus
2257 3390 2419 3452 tubis
2467 3394 2927 3469 repraesentare
2974 3385 3225 3463 majora.

920 3477 987 3539 Si
1038 3498 1302 3540 convexo
1353 3479 1558 3540 minori
1609 3480 1904 3541 existente
1955 3481 2146 3559 major
2194 3482 2309 3541 erit
2355 3479 2662 3558 proportio
2711 3477 2867 3537 inter
2896 3473 3344 3535 convexitatem
3394 3475 3457 3529 et

736 3566 1089 3639 cavitatem,
1141 3588 1314 3647 quam
1362 3570 1419 3630 in
1470 3568 1864 3630 instrumento
1899 3570 2171 3649 longiori,
2223 3570 2450 3646 majora
2488 3566 2744 3628 breviori
2774 3564 3170 3625 instrumento
3200 3575 3449 3636 reprae-

736 3657 1138 3718 sentabuntur
1187 3659 1323 3736 (per
1371 3657 1600 3719 CXIII.
1655 3667 1717 3718 et
1766 3657 1993 3731 CXV).

922 3742 1148 3805 CXIX.
1243 3745 1693 3824 Propositi0.
1790 3748 2000 3808 Posito
2050 3765 2348 3814 concavo,
2406 3742 2626 3803 clarius
2676 3760 2779 3802 seu
2831 3737 3048 3799 fortius
3097 3750 3454 3813 repraesen-

737 3841 951 3895 tantur
998 3833 1278 3908 visibilia,
1332 3834 1540 3913 majori
1590 3855 1696 3895 seu
1744 3835 1943 3896 latiori
1993 3855 2257 3897 convexo
2308 3853 2481 3913 quam
2531 3829 2766 3892 minori.

927 3922 1070 3981 Plus
1138 3924 1288 3983 enim
1359 3925 1505 3984 lucis
1569 3924 1873 4002 spargitur
1934 3925 2009 3985 ab
2070 3944 2183 3985 uno
2243 3930 2461 4001 puncto
2513 3920 2597 3992 (in
2647 3916 2917 3997 proximo
2966 3911 3304 3981 schemate)
3346 3925 3461 4009 per

738 4009 1197 4088 amplitudinem
1238 4012 1351 4071 AB
1403 4013 1683 4090 majorem
1735 4031 1909 4090 quam
1960 4032 2063 4090 per
2102 4013 2213 4073 DE
2262 4012 2566 4072 minorem.
2661 4007 2754 4067 Ea
2800 4021 2940 4063 vero
2990 4000 3180 4061 omnis
3228 4006 3464 4074 cogitur

745 4101 807 4160 in
859 4117 1035 4157 unum
1084 4109 1367 4177 punctum
1419 4099 1467 4161 C
1517 4102 1609 4160 vel
1662 4101 1730 4160 F.
1828 4102 1892 4162 In
1947 4099 1994 4163 C
2047 4101 2226 4178 igitur
2289 4098 2500 4159 sortior
2549 4105 2645 4157 est
2690 4094 2927 4175 pictura
2973 4108 3151 4169 quam
3197 4087 3255 4147 in
3305 4086 3353 4146 F
3401 4091 3464 4144 et

739 4187 948 4248 oculus
1000 4187 1054 4247 in
1109 4185 1228 4248 GH
1276 4189 1628 4267 stipatiores
1677 4189 1899 4268 excipit
1948 4190 2147 4249 radios
2187 4208 2364 4267 quam
2413 4187 2471 4248 in
2522 4187 2632 4247 IK,
3392 4260 3406 4274 ·

920 4274 1400 4355 Magnitudinem
1452 4286 1653 4338 autem
1701 4279 1949 4338 convexi
2001 4278 2270 4356 intellige
2321 4276 2414 4337 bic
2465 4295 2536 4335 ex
2583 4273 2791 4334 XXX.
2846 4270 2918 4329 de
2968 4283 3210 4345 corpore
3260 4263 3486 4356 lentis,⁵

738 4386 857 4428 non
909 4366 982 4425 de
1030 4364 1234 4443 figura.
3079 4365 3104 4374 ‘
3374 4436 3387 4449 ⁸

925 4452 1123 4514 CXX.
1218 4455 1354 4515 Pro
1370 4452 1670 4534 positi0.
1766 4453 1974 4514 Posito
2023 4471 2308 4526 convexo,
2361 4451 2619 4512 visibilia
2667 4449 3194 4527 repraesentantur
3241 4440 3463 4500 clarius

739 4564 846 4604 seu
898 4543 1112 4603 fortius
1160 4563 1267 4622 per
1314 4561 1522 4603 cavum
1573 4542 1817 4620 majoris
1867 4541 2095 4609 circuli,
2146 4560 2322 4621 quam
2370 4560 2478 4619 per
2525 4537 2770 4601 minoris
2818 4553 3050 4595 cavum.

922 4632 1121 4691 Parva
1189 4632 1343 4691 enim
1411 4632 1538 4690 lens
1605 4631 1870 4710 proxime
1940 4631 2170 4690 oculum
2236 4648 2425 4708 parva
2497 4629 2587 4689 sui
2653 4633 2825 4705 parte
2884 4623 3115 4701 justam
3182 4622 3465 4717 causatur

740 4717 1042 4781 radiorum
1095 4720 1552 4798 divergentiam.
1630 4720 1767 4779 Etsi
1816 4717 1999 4796 igitur
2027 4718 2199 4778 multi
2247 4718 2402 4778 radii
2450 4716 2620 4777 unius
2668 4711 2874 4792 puncti
2919 4711 2978 4771 in
3029 4709 3190 4769 illam
3222 4704 3466 4805 rad-iant

739 4816 807 4868 et
854 4828 893 4867 a
939 4827 1161 4886 magna
1207 4809 1481 4887 portione
1531 4826 1835 4867 convexae
1888 4805 2062 4866 lentis
2112 4806 2383 4877 radiant,
2450 4805 2717 4884 plerique
2780 4810 2980 4862 tamen
3032 4814 3231 4896 eorum
3281 4811 3466 4893 mima

741 4896 1140 4969 refractione,
1211 4915 1384 4975 quam
1452 4897 1647 4956 latera
1726 4914 1831 4956 seu
1897 4894 2111 4954 limbus
2178 4914 2368 4955 cavae
2437 4893 2617 4953 lentis
2693 4898 3016 4958 causatur,
3083 4898 3466 4945 circumcirca

740 4985 1032 5046 aberrant
1097 4985 1174 5045 ab
1240 4985 1409 5045 oculo
1478 4987 1574 5056 (ut
1640 4984 1695 5043 in
1764 4983 2069 5043 schemate
2119 4980 2224 5046 25.
2288 4981 2401 5043 FG
2450 4981 2526 5041 ab
2593 4981 2683 5041 HI
2747 4974 3065 5039 latitudine
3128 4969 3462 5070 puplll³0){

737 5073 1160 5154 ingrediuntur
1231 5092 1375 5134 vero
1443 5074 1672 5134 oculum
1737 5070 2103 5132 radiationes
2172 5089 2288 5131 non
2356 5070 2467 5130 nisi
2543 5086 2775 5149 paucae
2849 5072 2914 5127 et
2983 5056 3465 5142 perpendiculari
