4584 6192
473 597 538 666 622
952 599 992 649 Dc
1011 597 1091 649 Stella
1108 596 1181 649 Nora
1199 593 1351 661 Serpentem

441 818 447 825 ·
474 778 626 858 signabat,
651 775 767 855 aliquot
789 777 935 855 graduum
958 777 1069 838 habere
1094 775 1301 847 altitudinem,
1330 792 1406 853 quae
1436 780 1470 834 ut
1494 770 1658 851 plurimum
1681 772 1837 835 1616116111

472 868 539 930 1666
564 864 744 944 crepusculi,
771 864 996 926 scintillationis
1020 874 1121 926 tamen
1145 863 1313 942 fulgoribus
1337 860 1462 923 subinde
1478 861 1739 941 promicantibus,
1766 881 1836 923 ocu·

472 957 569 1018 lorum
592 953 688 1013 aciem
711 953 890 1032 perstrinxit
912 954 1091 1027 identidem,
1116 954 1192 1013 adeo
1215 961 1249 1012 ut
1272 971 1309 1011 ex
1332 953 1454 1011 Venere
1476 969 1531 1029 per
1553 950 1652 1028 ipsam
1676 950 1836 1030 imaginari

471 1062 593 1125 possem
616 1042 737 1114 lineam,
762 1059 837 1121 qnae
854 1042 1014 1103 videbatur
1031 1042 1097 1103 duci
1121 1041 1153 1102 in
1177 1042 1274 1101 locum
1290 1038 1467 1114 horizontis,
1483 1057 1550 1119 ,quo
1567 1038 1660 1101 stella
1675 1038 1734 1101 illa
1750 1037 1837 1101 dubia

474 1132 522 1194 die
547 1123 631 1213 9l19.
657 1129 728 1190 oriri
753 1129 819 1189 visa
843 1139 898 1190 est.

426 1280 428 1283 ,
558 1220 648 1282 Anno
676 1212 770 1279 1605.
797 1214 848 1279 24.
873 1219 947 1279 Dec.
972 1217 1020 1278 vel
1045 1213 1075 1278 3.
1098 1218 1167 1278 Jan.
1192 1224 1264 1296 post
1286 1216 1432 1277 diutinam
1457 1215 1675 1277 obscuritatem
1700 1216 1834 1295 depulsis

476 1308 604 1371 nubibus
620 1326 698 1367 11616
715 1306 806 1367 616116
822 1306 899 1367 61116
915 1308 1036 1368 dubium
1060 1305 1152 1365 ullum
1168 1305 1327 1367 manifeste
1352 1302 1470 1365 ru'rsum
1490 1305 1641 1384 appamit,
1663 1304 1836 1366 scintillans

471 1396 675 1477 rapidissime,
700 1396 755 1455 sed
779 1395 935 1456 imminuta
951 1395 1074 1455 multum
1092 1394 1130 1454 ab
1147 1394 1201 1454 illa
1218 1394 1348 1473 pristina
1363 1393 1585 1471 magnitudine:
1610 1393 1714 1472 major
1737 1402 1835 1456 tameo

472 1486 562 1547 corde
587 1482 763 1563 Scorpionis
785 1483 899 1561 primae
923 1483 1156 1561 magnitudinis,
1188 1482 1324 1562 quamvis
1349 1491 1433 1542 esset
1455 1482 1523 1561 ipsa
1546 1482 1630 1543 Solis
1655 1481 1756 1543 radiis
1781 1482 1833 1543 ob-

469 1581 538 1636 ruta
560 1572 738 1652 plusquam
762 1591 814 1631 cor
845 1571 1031 1652 Scorpionis.
1078 1570 1229 1631 Arcturus
1259 1578 1377 1642 tamen,
1408 1571 1511 1632 nescio
1542 1591 1580 1632 611
1610 1569 1649 1631 611
1673 1570 1726 1644 id,
1760 1570 1833 1651 quod

470 1670 556 1724 extra
580 1660 663 1723 Solis
694 1660 813 1733 radios,
843 1659 936 1721 multo
968 1659 1126 1720 videbatur
1157 1659 1261 1737 major.
1309 1659 1367 1720 Dic
1395 1668 1497 1720 tamen
1529 1652 1614 1739 3113.
1640 1660 1715 1721 Jan.
1740 1658 1833 1737 major

468 1751 601 1813 Arcturo
626 1757 657 1810 61
673 1749 805 1811 Saturno
828 1749 1000 1827 putabatur,
1026 1747 1195 1808 nullodum
1216 1747 1384 1826 crepusculi
1408 1748 1547 1825 vestigio.
1587 1746 1745 1809 Saturnus
1767 1755 1834 1809 16116

470 1861 489 1901 a
511 1837 610 1899 triduo
635 1845 703 1898 erat
726 1845 810 1897 ortus
834 1836 959 1897 heliace.
1007 1837 1086 1897 Nam
1110 1845 1180 1896 ante
1204 1835 1269 1896 dies
1297 1833 1337 1897 10
1361 1838 1491 1896 nondum
1514 1836 1681 1915 prodierat.

557 1927 607 1987 Ex
631 1946 665 1986 eo
690 1933 824 2004 tempore
842 1926 939 2003 magis
955 1925 1111 2004 magisque
1128 1924 1358 1985 diminuebatur.
1399 1924 1474 1986 Cum
1492 1924 1571 1984 enim
1590 1922 1713 1987 (11620.
1731 1923 1833 1986 Μ61111

470 2013 675 2077 6116611611οηὶ
699 2033 799 2075 6666111
822 2014 971 2087 1111611116,
998 2013 1157 2074 videbatur
1181 2013 1264 2074 sidus
1288 2013 1382 2073 multo
1406 2014 1504 2073 minus
1528 2032 1596 2073 esse
1621 2012 1758 2075 Saturno
1781 2031 1834 2073 uec

472 2105 598 2166 multum
628 2103 791 2182 superabat
821 2103 1025 2181 magnitudine
1059 2101 1167 2162 stellas
1190 2102 1221 2162 in
1244 2102 1378 2179 genubus
1403 2101 1552 2179 Ophiuchi
1584 2101 1668 2162 tertii
1692 2101 1831 2163 honoris.

471 2192 531 2256 Die
556 2189 608 2253 21.
632 2191 892 2272 Apu-videbatur
922 2210 1052 2270 aequare
1083 2189 1196 2250 claram
1229 2190 1259 2250 in
1283 2191 1390 2249 dextro
1414 2209 1491 2268 genu
1516 2190 1680 2269 Ophiuchi.
1728 2191 1777 2252 Ex
1799 2209 1832 2251 eo

470 2280 689 2363 quodammodo
714 2280 901 2341 consistebat
923 2281 980 2340 hoc
1005 2280 1070 2357 ejus
1094 2279 1317 2339 decrementum
1338 2297 1392 2357 per
1408 2279 1524 2357 Majum
1549 2286 1580 2338 et
1602 2278 1739 2340 Junium.
1778 2279 1831 2341 Die

474 2367 522 2430 12.
549 2377 580 2430 61
606 2363 655 2429 tt.
672 2369 752 2447 Aug.
778 2368 941 2447 diligenter
964 2368 1185 2447 contemplatus
1210 2367 1436 2428 circumstantia
1453 2367 1567 2440 sidera,
1593 2368 1698 2437 censui
1714 2368 1831 2429 Novam

467 2458 624 2539 aequalem
659 2476 727 2519 esse
757 2457 867 2518 stellae
897 2457 928 2518 in
952 2456 1027 2518 tibia
1052 2456 1202 2534 Ophiuchi
1226 2456 1398 2535 proximae,
1432 2476 1507 2535 quae
1537 2456 1622 2516 tertii
1654 2456 1779 2535 quidem
1802 2464 1830 2517 et

467 2548 535 2628 ipsa
559 2547 682 2607 honoris
706 2553 860 2607 censetur:
890 2545 987 2607 minor
1015 2554 1115 2605 tamen
1141 2553 1189 2605 est
1213 2544 1304 2604 stella
1335 2544 1366 2605 in
1389 2564 1475 2622 genu.
1523 2544 1725 2607 Scintillabat
1746 2545 1831 2607 Nora

468 2636 631 2697 etiamnum
653 2633 845 2695 manifestius
870 2635 988 2694 ceteris.
1035 2633 1093 2695 Die
1118 2630 1169 2695 29.
1194 2634 1274 2711 Aug.
1299 2632 1444 2710 majorem
1468 2633 1587 2713 quidem
1602 2634 1726 2695 Nouam
1746 2652 1830 2714 quam

467 2724 574 2787 tibiam
596 2722 795 2802 pronunciare
819 2742 878 2783 non
901 2723 985 2802 potui
1009 2722 1046 2782 ob
1066 2721 1238 2782 claritatem
1262 2720 1446 2782 aestivamm
1469 2721 1618 2795 noctium;
1652 2723 1828 2784 1116116611-

467 2832 536 2874 men
559 2810 656 2886 videri
679 2810 778 2889 potuit
801 2831 889 2890 quam
913 2810 988 2871 tibia
1016 2809 1233 2872 scintillatione
1262 2810 1375 2888 adjuta.
1422 2810 1480 2871 Die
1508 2806 1557 2873 13.
1583 2810 1672 2891 Sept
1699 2811 1768 2873 visa
1786 2811 1829 2872 cst

468 2900 564 2962 minor
588 2919 624 2960 ea
648 2918 723 2979 quae
747 2899 776 2960 in
800 2900 885 2959 tibia.
925 2900 982 2961 Die
1007 2896 1036 2960 8.
1055 2899 1134 2971 Oct,
1160 2917 1238 2959 anno
1258 2898 1322 2977 jam
1347 2905 1455 2958 exacto
1479 2898 1618 2979 aprima
1641 2899 1711 2978 ejus
1735 2919 1827 2980 appa-

467 2987 591 3061 ritione,
617 2988 701 3049 coelo
725 2988 918 3049 serenissimo
941 2988 1009 3048 visu
1033 2987 1246 3066 comprehendi
1271 2986 1429 3047 difficulter
1451 2987 1564 3067 potuit;
1597 2987 1710 3049 melius
1732 2997 1827 3049 tamen

469 3096 558 3157 quam
581 3076 670 3150 tibia,
699 3095 755 3137 nec
784 3096 911 3155 semper,
937 3076 991 3137 sed
1016 3096 1082 3138 cum
1107 3074 1237 3136 emicuit.
1283 3076 1353 3136 Jam
1377 3074 1456 3136 enim
1480 3076 1563 3136 locus
1587 3076 1640 3135 ille
1666 3076 1826 3156 vespertini

468 3164 635 3244 crepusculi
660 3165 725 3226 luce
742 3164 904 3238 albicabat,
928 3163 999 3226 Sole
1024 3165 1062 3225 ad
1077 3164 1174 3224 locum
1198 3165 1369 3224 accedente.
1409 3164 1456 3224 Ex
1479 3164 1537 3224 hoc
1552 3172 1693 3243 tempore
1714 3183 1827 3227 rursum

469 3253 580 3315 occidit
602 3253 733 3327 heliace,
766 3253 968 3332 quadraginta
992 3252 1097 3313 diebus
1121 3252 1211 3313 citius
1235 3271 1323 3333 quam
1347 3260 1417 3313 aute
1441 3272 1565 3313 anuum:
1602 3272 1640 3313 ex
1661 3273 1720 3334 quo
1745 3255 1826 3316 datur

468 3342 608 3421 intelligi,
634 3348 746 3420 quanta
769 3341 860 3402 fuerit
884 3341 949 3420 ejus
973 3341 1099 3402 claritas
1124 3350 1155 3401 et
1178 3341 1352 3420 magnitudo
1376 3342 1407 3401 in
1430 3340 1585 3420 principio.

557 3431 646 3492 Anno
675 3425 768 3492 1606.
794 3449 896 3490 mense
919 3430 1065 3491 Januario
1089 3448 1157 3490 raro
1182 3429 1238 3491 fuit
1261 3430 1470 3509 opportunitas
1499 3430 1575 3490 coeli
1600 3432 1752 3492 matutino
1774 3431 1823 3490 de-

467 3520 577 3580 foecati
601 3518 784 3597 praesertim
814 3519 894 3578 circa
924 3518 1126 3590 horizontem,
1162 3519 1220 3578 etsi
1251 3519 1347 3578 hiems
1380 3519 1437 3578 11111
1460 3518 1582 3597 egregia
1607 3528 1640 3578 et
1662 3520 1734 3597 gelu
1758 3539 1823 3579 cou-

467 3608 591 3670 tinuum.
631 3607 690 3668 Die
713 3614 815 3667 tamen
842 3601 1031 3680 16126166.
1058 3607 1185 3684 contigit
1207 3607 1280 3667 mihi
1304 3607 1399 3666 locum
1416 3606 1533 3667 videre:
1559 3609 1732 3686 apparebat
1754 3627 1822 3686 genu

467 3698 615 3769 dextrum,
640 3697 735 3756 flexus
761 3696 860 3776 spirae
877 3695 1076 3775 Serpentinae
1102 3704 1133 3755 61
1157 3695 1240 3755 61616
1263 3696 1294 3756 111
1316 3695 1418 3773 palma
1441 3696 1539 3755 dextri
1562 3697 1651 3774 pedis
1669 3696 1821 3776 Ophiuchi,

470 3805 595 3864 quarum
620 3784 690 3845 illae
716 3787 791 3845 duae
815 3784 951 3863 proxime
976 3804 1067 3863 supra
1082 3785 1211 3857 Novam,
1236 3784 1297 3844 ista
1319 3784 1453 3862 proxime
1478 3784 1556 3843 infra
1579 3785 1666 3845 illam
1691 3794 1821 3847 steterat

469 3876 574 3954 Neque
589 3876 707 3934 Novam
729 3881 831 3934 tamen
854 3892 949 3952 neque
974 3892 1051 3946 earn,
1075 3892 1151 3953 quae
1176 3872 1206 3932 in
1223 3872 1308 3945 tibia,
1325 3891 1421 3932 116166
1436 3872 1604 3950 proximam
1624 3875 1665 3934 ad
1682 3875 1822 3943 dextram,

469 3962 572 4023 videre
596 3963 658 4022 ullo
681 3971 769 4041 pacto
792 3961 891 4041 potui:
918 3957 1005 4021 simul
1030 3960 1198 4040 crepusculi
1222 3961 1362 4021 matutini
1386 3961 1437 4020 lux
1461 3980 1590 4021 accensa
1613 3970 1673 4024 est.
1723 3964 1823 4025 Sabu-

469 4071 525 4112 nus
550 4060 617 4111 crat
642 4061 725 4111 ortus
749 4051 876 4111 11611666.
919 4048 976 4110 1116
1001 4047 1053 4111 25.
1078 4052 1147 4110 Jan.
1173 4050 1221 4109 161
1245 4046 1275 4110 4.
1293 4049 1381 4110 Febr.
1406 4069 1493 4109 mane
1510 4049 1572 4109 vidi
1596 4051 1699 4112 locum
1715 4052 1821 4120 Novae,

472 4138 546 4198 nihil
571 4138 608 4198 de
632 4141 736 4212 Nova,
770 4140 824 4200 sed
847 4140 935 4199 Luna
965 4146 1031 4198 6161
1060 4157 1206 4218 praesens
1237 4139 1368 4198 nondum
1398 4138 1557 4215 conjuncta
1581 4139 1728 4200 Saturno.
1773 4141 1822 4201 Die

469 4224 522 4287 27.
547 4227 617 4287 Jan.
650 4228 708 4287 vel.
735 4223 763 4289 6.
788 4229 876 4289 Febr.
909 4228 1042 4287 incertus
1072 4247 1110 4286 on
1141 4227 1273 4286 emicans
1303 4226 1464 4304 vestigium
1494 4227 1601 4288 Novae
1633 4229 1764 4290 viderim
1792 4244 1821 4287 er

422 4321 426 4328 '
472 4315 679 4377 observatorio
704 4316 842 4377 discessi.
883 4318 988 4395 Itaque
1004 4315 1148 4375 minorem
1172 4316 1284 4375 factam
1308 4316 1449 4395 apparuit
1464 4335 1551 4395 quam
1575 4324 1609 4377 ut
1630 4318 1689 4377 hac
1706 4333 1821 4379 aurorae

469 4403 619 4475 claritate,
645 4404 703 4465 etsi
721 4414 905 4485 superesset,
929 4404 1025 4464 videri
1048 4413 1163 4482 posset.
1204 4406 1310 4464 Mense
1327 4424 1398 4465 1616
1414 4405 1536 4477 Μ61116,
1560 4414 1726 4487 postquam
1748 4408 1820 4467 locus

468 4500 586 4553 tantum
618 4513 636 4552 a
660 4493 732 4555 Sole
763 4494 892 4554 nudatus
916 4501 1015 4565 esset,
1046 4501 1079 4553 ut
1102 4494 1232 4553 nondum
1257 4502 1323 4553 orto
1348 4494 1523 4571 crepusculo
1548 4493 1626 4553 satis
1651 4495 1716 4555 alte
1742 4512 1821 4574 supra

468 4580 654 4641 horizontem
678 4582 883 4656 attolleretur,
913 4582 1026 4642 nullum
1051 4582 1180 4660 amplius
1204 4582 1366 4659 vestigium
1390 4582 1426 4641 de
1452 4581 1541 4642 stella
1565 4583 1646 4661 quod
1670 4583 1703 4644 in
1729 4584 1820 4645 oculos

468 4668 636 4729 incurreret
667 4670 822 4748 superfuit.
871 4672 1020 4731 Incertum
1044 4671 1151 4748 igitur,
1184 4690 1241 4750 qno
1273 4671 1320 4730 die
1345 4670 1422 4730 inter
1447 4670 1611 4731 Octobrem
1636 4673 1709 4733 anni
1738 4669 1819 4735 1605.

468 4765 500 4818 61
521 4757 718 4819 Februarium
742 4760 811 4819 anni
839 4755 930 4821 1606.
957 4760 1048 4819 1116111
1071 4760 1231 4819 exstincta.

555 4847 755 4908 Memorabile
779 4854 836 4921 est,
860 4848 973 4908 aditam
997 4848 1090 4907 fuisse
1116 4870 1134 4907 6
1157 4848 1289 4925 planetis
1306 4847 1451 4907 omnibus.
1490 4846 1592 4907 Primo
1616 4854 1727 4910 exortu
1742 4864 1820 4929 quam

467 4934 603 5013 proxime
629 4936 813 5014 jungebatur
835 4936 905 4997 Jovi
937 4943 968 4996 et
991 4937 1084 4996 Marti
1116 4936 1145 4996 in
1176 4936 1330 4996 meridiem
1360 4934 1529 5013 depressis,
1562 4936 1661 4997 forma
1685 4934 1819 5016 trianguli

469 5021 583 5096 obtusi,
614 5025 693 5104 quod
717 5025 766 5084 die
793 5021 842 5084 12.
869 5032 901 5082 61
927 5021 975 5084 13.
1002 5025 1070 5086 061.
1095 5044 1149 5103 per
1172 5034 1284 5085 motum
1307 5025 1499 5103 planetarum
1522 5023 1551 5083 in
1577 5033 1697 5087 rectam
1721 5028 1819 5089 lineam

469 5108 552 5171 abiit.
600 5112 743 5174 Octobris
768 5109 819 5173 25.
844 5113 931 5172 Luna
955 5132 1046 5190 supra
1073 5112 1170 5191 ipsam
1199 5112 1357 5184 transivit,
1389 5112 1476 5191 idque
1506 5113 1671 5191 repetitum
1704 5111 1819 5193 singulis
