4584 6192
464 609 531 680 680
952 609 991 662 De
1009 609 1089 662 Stella
1105 608 1179 660 llere
1196 607 1347 674 Sapenuffl

466 798 645 864 causaest,
679 807 731 850 cnr
762 807 820 848 uon
841 788 955 866 possim
983 787 1041 848 hoc
1064 787 1226 848 affirmare.
1272 786 1352 848 Nam
1375 785 1401 846 si
1425 803 1554 866 quaeras
1577 783 1745 855 rationem.
1777 803 1829 848 car

465 879 562 943 nostri
584 879 670 957 ignes
694 878 740 938 ita
764 877 924 954 fulgurent,
948 876 1064 937 tamin
1089 876 1155 937 foco
1180 893 1268 955 quarn
1292 874 1321 935 iu
1345 873 1480 935 candelis
1498 884 1531 935 et
1544 874 1674 935 maxime
1690 873 1719 934 in
1736 874 1828 937 furnis

466 968 667 1051 chymicornm
691 966 760 1027 dom
783 965 908 1027 metalla
931 975 1029 1039 urunt,
1058 964 1192 1025 invenies
1215 962 1247 1024 id
1270 963 1348 1043 quod
1372 964 1401 1025 in
1424 963 1491 1024 fixis
1511 961 1636 1024 inveniri
1652 982 1713 1024 non
1729 962 1826 1039 debet,

467 1077 505 1120 ne
528 1057 597 1117 illas
621 1055 691 1116 olim
716 1073 781 1115 com
811 1054 924 1116 uostris
953 1054 1074 1133 ignibus
1102 1052 1321 1132 extinguamus.
1368 1052 1474 1131 Pugna
1505 1070 1612 1131 nempe
1636 1050 1747 1114 existit
1768 1051 1827 1114 eir·

467 1144 647 1208 cnmstantis
670 1143 781 1205 humidi
806 1145 885 1204 aeris
910 1153 962 1204 ant
985 1142 1082 1203 efl'lati
1105 1161 1142 1201 ex
1166 1142 1287 1203 metallo
1311 1140 1436 1221 spiritns
1464 1160 1530 1204 cum
1558 1142 1629 1221 igne
1661 1140 1827 1203 sincinnium

466 1242 500 1296 et
521 1232 707 1294 tenuissimo.
764 1230 907 1311 Semper,
935 1232 985 1311 qui
1017 1232 1100 1291 locus
1133 1230 1202 1308 igne
1233 1240 1410 1310 occupatur,
1444 1250 1511 1291 enm
1535 1230 1574 1291 ab
1597 1230 1669 1308 igue
1691 1247 1748 1309 per
1771 1230 1827 1292 rim

468 1330 658 1392 extenuetur,
682 1321 926 1382 circumstantem
940 1326 1041 1381 aerem
1064 1338 1188 1398 gravem
1211 1320 1269 1380 levi
1292 1338 1347 1399 per
1369 1338 1436 1381 sese
1459 1319 1684 1381 incumbentem
1708 1320 1739 1381 iu
1762 1337 1827 1381 sese

466 1411 562 1490 rapit;
586 1426 706 1487 semper
729 1410 806 1487 ignis
830 1429 924 1470 novas
948 1431 967 1469 a
989 1409 1119 1469 materia
1142 1408 1222 1469 vires
1246 1408 1384 1486 adeptus,
1409 1409 1496 1489 eopia
1511 1407 1677 1470 subvectus
1692 1405 1827 1487 dispellit

466 1505 577 1560 aerem.
624 1497 721 1574 Igitur
744 1507 776 1558 et
798 1497 908 1577 pabulo
932 1498 1062 1559 nutritur
1086 1496 1261 1577 quantisper
1284 1498 1373 1559 durat
1396 1505 1427 1558 et
1450 1518 1469 1559 a
1491 1498 1711 1559 circumstante
1731 1496 1826 1560 medie

465 1587 666 1665 impugnatur.
713 1587 798 1648 Haec
821 1606 892 1647 rere
923 1585 1070 1666 quomodo
1104 1586 1140 1645 de
1173 1585 1240 1646 fixis
1274 1586 1331 1646 dici
1364 1585 1528 1666 poterunt?
1555 1594 1611 1648 snt
1643 1586 1727 1665 quod
1758 1585 1827 1665 ipsis

465 1674 626 1755 pabulum?
650 1674 716 1753 quis
739 1682 792 1735 aer
815 1674 973 1737 inimicus?
997 1693 1073 1753 quae
1096 1673 1203 1735 aetas?
1227 1675 1346 1753 qnando
1369 1676 1461 1736 ullam
1485 1673 1523 1735 ab
1546 1674 1595 1735 bis
1621 1674 1728 1736 sexies
1751 1674 1826 1736 mille

467 1763 555 1825 aunis
578 1763 838 1826 desideravimus?
875 1765 980 1843 ltaque
1003 1763 1065 1823 sint
1088 1763 1149 1823 ista
1173 1764 1310 1843 exempla
1334 1782 1391 1824 noo
1407 1762 1596 1825 substantiae
1614 1761 1823 1826 sedluminie:

466 1854 503 1913 de
535 1851 603 1913 lixis
636 1869 706 1912 vero
740 1860 863 1913 maneat
895 1852 1047 1913 sententia
1071 1849 1234 1930 Scaligeri,
1268 1852 1328 1912 vim
1359 1852 1458 1913 inesse
1491 1852 1529 1913 in·
1545 1869 1671 1930 corpore
1694 1850 1825 1931 pereuni.

467 1940 545 2002 adde
570 1949 602 2001 et
622 1940 788 2018 pellucido,
823 1941 942 2003 luminis
965 1940 1197 2020 reciprocantis,
1231 1941 1379 2020 analogon
1414 1940 1626 2020 deflagrationi
1656 1950 1827 2004 nostrarum

465 2029 664 2092 flammarum.
710 2029 824 2091 Nostro
856 2048 927 2090 vero
960 2028 1051 2090 sideri
1082 2030 1130 2089 rel
1153 2029 1233 2089 idern
1257 2048 1365 2108 corpus
1398 2031 1444 2092 vel
1469 2030 1595 2091 eandem
1620 2031 1683 2092 rim
1709 2029 1825 2094 laminir

465 2118 640 2191 tribuemus,
664 2127 754 2196 prout
776 2126 884 2196 postea
906 2117 1066 2179 videbitur.

554 2204 769 2284 Expeudamus
791 2224 862 2269 vero
895 2215 928 2267 et
955 2207 1083 2268 alteram
1110 2223 1235 2267 causam
1262 2204 1489 2268 scintillationis
1513 2225 1533 2267 a
1554 2214 1659 2268 motu
1691 2206 1825 2269 ductam:

465 2302 549 2357 motu
573 2312 645 2356 vcro
668 2312 727 2355 uon
752 2294 969 2369 translationis,
994 2313 1081 2375 quern
1105 2292 1244 2373 Scaliger
1267 2295 1390 2374 allegat,
1420 2294 1475 2356 sed
1498 2314 1585 2375 quem
1610 2296 1640 2357 in
1663 2296 1825 2358 adamante

465 2382 598 2457 ostendi,
624 2383 844 2459 conversionis,
869 2403 928 2463 qua
950 2384 1079 2463 partium
1102 2391 1133 2443 et
1157 2384 1332 2461 angulorum
1356 2384 1443 2463 politi
1465 2384 1670 2464 pellucidique
1694 2383 1825 2464 corporis

465 2471 528 2533 alia
549 2478 619 2550 post
642 2471 733 2533 aliam
757 2473 933 2552 explicetur.
980 2472 1041 2534 Ubi
1071 2472 1170 2552 prima
1202 2471 1319 2552 quidem
1353 2491 1446 2534 causa
1478 2492 1536 2534 non
1570 2474 1693 2536 tollitur
1716 2473 1825 2547 (lucen

465 2560 545 2622 enim
567 2559 660 2621 sideri
682 2560 766 2622 nulla
787 2562 899 2622 rotatio
924 2561 1081 2634 conciliat)
1111 2561 1165 2621 sed
1195 2560 1352 2622 instruitur
1380 2562 1437 2623 hac
1460 2563 1594 2623 secunda
1618 2582 1674 2625 ceo
1700 2561 1824 2643 quodam

464 2648 673 2721 instrumento,
696 2656 784 2710 utet
807 2650 925 2728 fulgura
948 2658 981 2711 et
1002 2650 1118 2711 colores
1143 2649 1252 2722 varios,
1278 2649 1346 2729 ipsa
1368 2670 1437 2712 sese
1458 2651 1557 2730 quiete
1573 2651 1745 2724 continens,
1770 2668 1823 2713 ex·

464 2737 577 2815 plicare
600 2737 716 2815 possit:
749 2737 776 2799 si
805 2738 935 2800 fortasse
966 2738 1049 2818 prius
1081 2744 1170 2798 tanta
1193 2745 1291 2800 motus
1316 2738 1449 2800 varietas
1473 2740 1502 2801 iu
1526 2740 1669 2818 perennis
1694 2739 1823 2820 corposie

463 2824 588 2905 perenni
611 2825 757 2887 facultate
790 2846 848 2888 non
881 2826 957 2889 satis
988 2826 1091 2907 aequis
1121 2827 1365 2906 philosophorum
1388 2828 1546 2889 sententiis
1570 2836 1704 2908 excepta
1726 2827 1821 2891 fuerit

463 2912 507 2974 Et
530 2913 740 2976 translationis
763 2915 882 2996 quidem
906 2925 1027 2989 motum,
1052 2914 1101 2995 qui
1120 2915 1277 2994 Scaligero
1301 2916 1420 2978 eratin
1445 2917 1554 2990 animo,
1579 2918 1654 2979 nibil
1680 2918 1721 2979 ad
1744 2916 1822 2981 rein-

466 3000 647 3063 tillstinnem
670 3020 769 3081 posse,
795 3003 910 3066 ratione
933 3012 1020 3083 patet
1049 3011 1081 3064 et
1109 3003 1324 3084 experimento.
1370 3005 1449 3066 Nam
1482 3005 1553 3086 qnid
1583 3006 1704 3068 officiat
1733 3004 1822 3069 radiis

468 3098 569 3153 motos
592 3090 724 3166 diurnus,
751 3092 777 3153 si
800 3093 826 3153 is
849 3094 898 3153 vel
921 3111 977 3154 non
1002 3099 1050 3153 est
1073 3093 1197 3152 fixarum
1222 3092 1275 3164 (de
1299 3091 1460 3172 Gopernici
1483 3095 1653 3168 sententia)
1678 3096 1729 3159 vel
1751 3095 1822 3157 fixa

468 3178 498 3240 in
521 3180 684 3258 tranquillo
716 3180 856 3261 relinquit
886 3189 917 3242 et
946 3181 1032 3260 quasi
1062 3181 1091 3241 in
1123 3199 1219 3260 capsa
1250 3181 1383 3243 inclusas
1415 3183 1624 3258 circumducit,
1659 3184 1699 3245 de
1730 3180 1821 3245 reteri

467 3276 592 3347 recepta
614 3270 777 3330 sententia.
815 3270 893 3331 Nam
917 3269 996 3350 quod
1019 3275 1072 3330 aer
1095 3279 1199 3331 noster
1220 3289 1274 3349 per
1288 3270 1366 3333 hunc
1390 3280 1503 3333 motum
1526 3290 1546 3331 a
1562 3273 1650 3334 coelo
1674 3271 1821 3344 atteritur,

466 3355 496 3418 id
519 3357 555 3417 lit
577 3356 656 3419 infra
669 3357 797 3418 Lunam.
836 3359 941 3437 ltaque
961 3358 1073 3437 siquid
1095 3366 1203 3437 posset
1225 3358 1282 3420 hoc
1300 3360 1340 3421 ad
1363 3360 1620 3437 scintillationem,
1645 3362 1823 3425 scintillaret

464 3444 557 3507 etiarn
581 3443 731 3508 Saturnus
755 3455 787 3507 et
809 3446 938 3527 Jupiter.
976 3448 1050 3507 Tum
1074 3455 1184 3522 autern,
1210 3465 1286 3526 qnae
1309 3450 1525 3528 consequentia
1548 3450 1586 3511 ab
1611 3450 1723 3512 attritu
1747 3447 1821 3512 aeris

464 3533 503 3595 ad
527 3534 799 3597 scintillationem?
823 3536 953 3596 Videtur
976 3536 1013 3595 de
1037 3535 1129 3596 soleis
1154 3555 1294 3615 equorum
1320 3537 1425 3599 ferreis
1445 3538 1534 3619 loqui,
1559 3559 1626 3601 cum
1651 3539 1683 3601 in
1707 3538 1819 3619 lapidee

464 3631 518 3684 aut
540 3622 731 3685 durissimam
763 3624 892 3704 glaciem
925 3632 1105 3684 atteruntur.
1152 3624 1369 3703 Experimeuta
1402 3646 1473 3689 vero
1505 3636 1661 3690 testantur
1693 3629 1819 3708 insuper,

463 3730 521 3772 nnn
554 3730 657 3774 omnes
689 3713 765 3774 fixas
796 3713 963 3792 aequaliter
995 3713 1178 3786 scintillare,
1211 3715 1347 3792 quamvis
1380 3715 1548 3778 elevatione
1579 3717 1703 3796 aequali
1737 3732 1820 3795 super

464 3799 657 3874 horizontem,
683 3801 802 3881 aequali
826 3803 918 3862 etiam
943 3801 1159 3880 magnitudine.
1198 3802 1303 3882 ltaque
1327 3823 1394 3864 cum
1418 3805 1540 3866 diurnus
1562 3812 1665 3868 motus
1689 3806 1819 3869 omnibu

464 3907 559 3969 aeque
583 3891 747 3952 communis
771 3891 820 3963 sit,
845 3910 902 3952 non
927 3901 975 3953 est
998 3891 1121 3950 idoneus
1145 3891 1184 3951 ad
1208 3892 1396 3954 efficiendam
1419 3894 1679 3958 scintillationem.

552 3977 597 4039 Ar
619 3979 682 4052 illa,
706 3998 795 4059 qnam
818 3998 874 4058 ego
899 3979 971 4052 dixi,
995 3979 1178 4057 singularum
1203 3980 1329 4042 lixarum
1353 3984 1464 4044 rotatio
1488 3983 1535 4044 his
1559 3984 1700 4046 omnibus
1726 3981 1815 4046 noni·

464 4065 551 4127 nibus
576 4075 623 4128 est
645 4068 753 4147 potior.
801 4070 880 4130 Nam
903 4078 935 4129 et
958 4068 1076 4128 modum
1107 4068 1223 4129 iudicat
1253 4070 1479 4133 scintillationis
1503 4080 1536 4135 et
1558 4075 1716 4148 colorum,
1750 4087 1816 4153 quae

463 4161 537 4215 sunt
558 4156 717 4235 pellucidis
751 4157 933 4230 familiares,
963 4165 997 4218 ut
1021 4156 1048 4215 iu
1073 4154 1193 4235 Opticis
1222 4159 1340 4220 ostendi
1350 4178 1360 4233 ;
1394 4180 1519 4240 eumque
1548 4162 1671 4224 modum
1695 4182 1736 4224 ex
1759 4163 1817 4241 ipss

464 4242 662 4322 dispositione
686 4265 842 4327 corporum
866 4246 1022 4307 stellarum
1046 4244 1168 4306 deducit
1177 4264 1186 4319 ;
1211 4256 1296 4308 tauto
1320 4248 1520 4324 verisimilius,
1546 4251 1627 4331 qnod
1651 4260 1684 4312 et
1709 4252 1816 4313 coloret

464 4340 627 4411 perpetuos
651 4333 733 4409 illos,
763 4335 811 4416 qui
836 4344 906 4396 sunt
929 4334 998 4396 aliis
1021 4333 1119 4395 stellis
1143 4335 1207 4409 alii,
1234 4336 1262 4396 in
1286 4336 1343 4398 bac
1366 4337 1435 4417 ipsa
1462 4339 1662 4418 dispositione
1688 4337 1816 4421 corporis

465 4421 573 4483 stellas
602 4420 701 4485 inesse
731 4444 857 4486 neeesse
886 4432 951 4497 est,
984 4423 1070 4483 utin
1094 4420 1213 4502 Opticis
1246 4425 1379 4503 probavi.
1427 4425 1529 4498 Quare
1553 4448 1612 4490 uon
1637 4438 1762 4502 metuo,
1789 4432 1817 4488 ut

462 4520 610 4590 perpetua
643 4530 710 4573 esse
743 4532 802 4574 non
833 4512 952 4593 possint
984 4530 1109 4590 corpora
1145 4513 1318 4588 stellarum,
1356 4515 1382 4575 si
1417 4517 1564 4596 angulosa
1596 4526 1652 4578 aut
1683 4519 1713 4580 si
1745 4518 1817 4580 iotae

464 4599 664 4679 inaequaliter
687 4601 782 4663 densa
805 4610 893 4676 sunt,
926 4609 960 4662 ut
983 4600 1083 4661 solent
1114 4601 1256 4673 uniones,
1287 4602 1425 4682 partibus
1454 4606 1522 4667 aliis
1553 4606 1645 4668 aliter
1671 4601 1817 4689 pellucidi.

466 4686 547 4749 Nam
570 4696 603 4749 et
626 4688 722 4751 bostis
745 4691 827 4751 illinc
851 4690 952 4765 abest,
987 4689 1035 4769 qui
1059 4689 1120 4751 vim
1144 4688 1273 4763 inferat,
1307 4699 1338 4752 et
1361 4702 1432 4753 sunt
1455 4695 1542 4757 nobis
1565 4695 1594 4756 in
1622 4695 1681 4757 bac
1706 4696 1818 4759 Tellure

464 4792 611 4854 gemmae,
633 4777 660 4838 si
684 4778 744 4840 vim
767 4780 898 4852 auferas,
923 4786 1085 4852 aeternae;
1110 4786 1141 4839 et
1165 4798 1219 4839 eae
1243 4791 1345 4842 tamen
1367 4781 1478 4862 partim
1501 4783 1689 4860 maculosae,
1715 4782 1818 4866 partim

464 4864 565 4941 fissae,
587 4866 698 4946 partim
721 4866 851 4929 nubilae.

552 4954 629 5016 'lbra
657 4965 758 5016 autem
790 4955 857 5035 ipsa
879 4973 933 5034 per
956 4975 989 5017 se
1012 4953 1125 5017 rotatio
1156 4956 1280 5017 fixarum
1303 4975 1414 5036 magna
1436 4961 1675 5042 probabilitate,
1710 4961 1819 5043 magn'e

462 5042 608 5121 exemplis
640 5044 756 5108 nititur.
812 5043 876 5106 Sed
907 5044 1077 5123 exemplum
1113 5044 1196 5105 solus
1231 5042 1415 5124 Cepernicus
1452 5050 1537 5112 dedit
1573 5050 1654 5114 banc
1693 5065 1821 5117 uosmet!

463 5127 613 5192 Tellurem
621 5148 632 5207 ς
666 5151 742 5212 quae
766 5141 800 5196 ut
822 5133 1010 5213 undiquaque
1034 5131 1116 5194 Solis
1150 5143 1313 5213 conspectu
1338 5135 1393 5197 frui
1416 5139 1530 5222 possit,
1562 5150 1687 5206 rotatur
1711 5143 1741 5206 in
1763 5141 1821 5204 dier
