4584 6192
3366 558 3495 626 251

772 3331 903 3374 vero
947 3312 1216 3392 genuina
1261 3313 1361 3370 est
1405 3303 1709 3366 successio
1757 3304 2080 3366 radiorum.
2175 3308 2533 3369 Inter-sectis
2582 3311 2739 3372 enim
2785 3312 2847 3373 in
2897 3331 3011 3374 axe
3058 3321 3124 3375 et
3169 3312 3487 3393 dispersis,

770 3401 860 3481 qui
903 3400 1072 3481 prius
1119 3400 1374 3461 limitem
1420 3394 1884 3454 efformaverant
1929 3394 1987 3453 in
2036 3419 2094 3467 α,
2143 3396 2201 3470 β,
2250 3420 2295 3474 y,
2346 3402 2382 3457 δ
2427 3397 2797 3473 exteriores,
2857 3402 3191 3465 succedunt
3244 3420 3490 3483 semper

772 3489 1084 3552 interiores
1139 3487 1201 3549 in
1249 3511 1296 3560 a,
1346 3482 1394 3558 ζ,
1443 3503 1495 3558 η,
1544 3485 1614 3541 θ.
1709 3478 1885 3552 Quod
1951 3483 2003 3543 si
2069 3502 2252 3544 conus
2320 3485 2437 3547 iste
2496 3488 2897 3551 radiationum
2963 3490 3369 3554 refractarum
3424 3502 3491 3554 et

769 3597 899 3639 sese
946 3575 1446 3640 intersecantium
1492 3571 1729 3649 integer
1776 3571 2142 3633 consisteret
2189 3573 2244 3633 in
2295 3581 2457 3649 aere,
2506 3583 2650 3638 tuuc
2697 3577 2946 3656 figuram
2994 3590 3483 3659 repraesentaret

770 3674 1118 3745 generatam
1164 3684 1240 3725 ex
1286 3682 1448 3735 arcu,
1497 3660 1902 3721 circumducto
1952 3661 2146 3722 altero
2193 3663 2447 3723 termino
2494 3664 2891 3740 circulariter,
2957 3676 3239 3728 manente
3286 3669 3486 3730 altero

773 3756 824 3817 in
871 3753 1150 3829 sublimi,
1218 3772 1361 3814 arcu
1407 3749 1564 3810 intro
1630 3758 1953 3827 vergente;
2018 3767 2204 3811 conus
2269 3770 2480 3830 nempe
2547 3754 2791 3831 gracilis
2852 3763 3021 3817 esset
3066 3755 3125 3815 in
3173 3756 3372 3818 medio
3421 3764 3488 3818 et

770 3843 936 3904 valde
1005 3851 1242 3903 acutus·
1352 3838 1473 3902 Ubi
1554 3854 1819 3919 papyrus
1884 3839 1960 3899 ad
2023 3857 2271 3900 acumen
2339 3842 2573 3902 venerit
2638 3842 2769 3903 coni
2830 3856 2921 3923 ψ,
2988 3843 3319 3905 fortissima
3383 3852 3482 3906 est

770 3931 1125 4004 illustratio,
1191 3930 1344 3991 adeo
1393 3934 1460 3989 ut
1503 3926 1810 4004 pulverem
1874 3925 2107 4008 pyrium
2174 3926 2397 4007 frigida
2442 3949 2600 4010 aqua
2665 3930 2949 3992 incendat
2994 3929 3137 3993 Sole
3188 3932 3481 3995 fervente.

769 4020 917 4081 Nam
964 4038 1076 4105 per
1132 4014 1233 4081 15.
1289 4015 1688 4096 praemissam
1734 4014 1818 4076 ibi
1865 4032 1979 4075 non
2049 4015 2287 4095 quidem
2352 4017 2650 4092 omnium,
2717 4019 2824 4081 sed
2890 4019 3208 4080 multorum
3275 4029 3481 4082 tamen

766 4109 1062 4171 radiorum
1125 4104 1480 4168 intersectio
1546 4104 1614 4164 fit
1675 4104 1731 4165 in
1800 4112 2008 4165 centro
2075 4123 2230 4165 uuo:
2300 4105 2513 4184 reliqui
2566 4129 2616 4180 r,
2668 4128 2732 4185 φ,
2777 4132 2831 4190 χ,
2880 4130 2918 4169 v
2972 4109 3099 4188 jam
3168 4107 3485 4171 intersecti

770 4206 1139 4277 sparguntur
1182 4195 1364 4264 circa,
1413 4202 1476 4254 et
1521 4192 1724 4254 radios
1771 4192 2061 4272 quosdam
2107 4191 2164 4252 in
2213 4211 2392 4254 unum
2449 4204 2717 4257 centrum
2765 4197 3081 4258 tendentes
3147 4198 3483 4260 efformant.

766 4284 1003 4367 Papyro
1051 4284 1216 4346 ultra
1259 4282 1580 4345 terminum
1627 4280 1899 4343 ultimum
1945 4295 2000 4360 ψ
2045 4289 2308 4354 remota,
2376 4284 2653 4345 vanescit
2714 4287 2905 4365 figura
2952 4284 3221 4364 penitus,
3289 4287 3484 4348 inter-

766 4374 948 4435 sectis
997 4372 1186 4435 radiis
1232 4371 1527 4433 omnibus.
1618 4369 1773 4430 Hinc
1824 4369 2210 4448 intelligitur,
2280 4377 2509 4450 quanta
2554 4371 2636 4432 sit
2685 4373 2773 4433 vis
2833 4372 3196 4435 incensionis
3261 4375 3480 4449 futura,

767 4462 809 4523 si
856 4469 1082 4523 coeant
1128 4478 1337 4521 omues
1383 4456 1557 4532 radii,
1607 4457 1702 4539 qui
1752 4457 2007 4519 transire
2057 4458 2303 4537 globum
2349 4468 2626 4538 possunt.

927 4547 1364 4629 Propositio
1409 4546 1553 4609 XX.
1647 4546 1787 4608 Per
1833 4545 2122 4626 globum
2171 4547 2542 4608 densioris
2599 4548 2816 4610 medii
2859 4555 3210 4629 punctum
3257 4549 3478 4629 quod-

768 4636 975 4713 libet,
1041 4636 1401 4700 remotius
1447 4634 2131 4696 intersectionibus
2197 4635 2763 4714 parallelorum,
2812 4636 3055 4718 pingit
3100 4655 3269 4698 sese
3318 4635 3479 4698 for-

767 4726 937 4790 titer
1000 4744 1221 4807 super
1283 4742 1566 4806 papyro
1633 4723 2009 4786 collocata
2072 4723 2139 4784 in
2201 4726 2516 4787 termino
2580 4725 2835 4789 ultimo
2904 4723 3481 4787 intersectionis

768 4833 1052 4879 suarum
1117 4812 1656 4877 radiationum:
1725 4833 1859 4875 non
1909 4822 2108 4886 ante,
2175 4832 2309 4873 non
2359 4819 2533 4894 post
2589 4815 2720 4877 hoc
2783 4823 3160 4894 punctum,
3211 4821 3283 4876 et
3327 4812 3479 4893 pic-

770 4911 928 4965 tura
989 4923 1077 4965 ex
1140 4900 1482 4964 omnibus
1546 4913 1915 4963 constans
1980 4901 2276 4981 punctis
2345 4921 2616 4964 eversa
2678 4913 3092 4982 spectatur.
3188 4899 3367 4973 Quod
3411 4920 3481 4968 se

773 4991 1000 5056 fortiter
1044 4992 1360 5071 depingat,
1408 5009 1594 5052 causa
1634 4999 1750 5066 est,
1800 4991 1940 5071 quia
1981 4990 2197 5069 globus
2226 4991 2452 5054 multos
2497 4990 2699 5053 radios
2743 4990 3225 5071 perpendiculari
3268 4988 3481 5071 proxi-

774 5097 890 5144 mos
934 5102 973 5143 a
1019 5088 1242 5162 puncto
1308 5080 1618 5160 profectos
1669 5078 1725 5141 in
1773 5098 1952 5143 unum
1998 5087 2282 5163 punctum
2351 5078 2581 5161 colligit
2627 5098 2735 5161 per
2792 5098 2977 5159 supra
3040 5079 3480 5143 demonstrata.
