<?xml version="1.0" encoding="UTF-8"?>
<!DOCTYPE html PUBLIC "-//W3C//DTD XHTML 1.0 Transitional//EN"
    "http://www.w3.org/TR/xhtml1/DTD/xhtml1-transitional.dtd">
<html xmlns="http://www.w3.org/1999/xhtml" xml:lang="en" lang="en">
 <head>
  <title>
</title>
<meta http-equiv="Content-Type" content="text/html;charset=utf-8" />
  <meta name='ocr-system' content='tesseract 3.04.00' />
  <meta name='ocr-capabilities' content='ocr_page ocr_carea ocr_par ocr_line ocrx_word'/>
</head>
<body>
  <div class='ocr_page' id='page_1' title='image "./joanniskepleria02frisgoog_0746.png"; bbox 0 0 4584 6192; ppageno 0'>
   <div class='ocr_carea' id='block_1_1' title="bbox 477 603 1410 694">
    <p class='ocr_par' dir='ltr' id='par_1_1' title="bbox 477 603 1410 694">
     <span class='ocr_line' id='line_1_1' title="bbox 477 603 1410 694; baseline 0.006 -20"><span class='ocrx_word' id='word_1_1' title='bbox 477 603 543 674; x_wconf 75' lang='lat' dir='ltr'><strong>ldd</strong></span> <span class='ocrx_word' id='word_1_2' title='bbox 952 609 993 694; x_wconf 63' lang='lat'><strong>⁰9</strong></span> <span class='ocrx_word' id='word_1_3' title='bbox 1011 607 1092 662; x_wconf 73' lang='lat' dir='ltr'><strong>eoru</strong></span> <span class='ocrx_word' id='word_1_4' title='bbox 1107 609 1181 662; x_wconf 78' lang='lat' dir='ltr'><strong>um</strong></span> <span class='ocrx_word' id='word_1_5' title='bbox 1197 609 1348 676; x_wconf 59' lang='lat' dir='ltr'><strong>mant</strong></span> <span class='ocrx_word' id='word_1_6' title='bbox 1406 672 1410 682; x_wconf 89' lang='lat'>.</span> 
     </span>
    </p>
   </div>
   <div class='ocr_carea' id='block_1_2' title="bbox 478 784 1842 870">
    <p class='ocr_par' dir='ltr' id='par_1_2' title="bbox 478 784 1842 870">
     <span class='ocr_line' id='line_1_2' title="bbox 478 784 1842 870; baseline 0 -23"><span class='ocrx_word' id='word_1_7' title='bbox 478 785 590 860; x_wconf 89' lang='lat' dir='ltr'><strong>utitur,</strong></span> <span class='ocrx_word' id='word_1_8' title='bbox 620 785 799 848; x_wconf 75' lang='lat' dir='ltr'><strong>transscribi</strong></span> <span class='ocrx_word' id='word_1_9' title='bbox 824 805 934 867; x_wconf 87' lang='lat' dir='ltr'><strong>posse.</strong></span> <span class='ocrx_word' id='word_1_10' title='bbox 963 786 1064 869; x_wconf 82' lang='lat' dir='ltr'><strong>itaque</strong></span> <span class='ocrx_word' id='word_1_11' title='bbox 1087 795 1120 848; x_wconf 92' lang='lat' dir='ltr'><strong>et</strong></span> <span class='ocrx_word' id='word_1_12' title='bbox 1141 786 1392 870; x_wconf 87' lang='lat' dir='ltr'><strong>significationes</strong></span> <span class='ocrx_word' id='word_1_13' title='bbox 1399 785 1519 848; x_wconf 86' lang='lat' dir='ltr'><strong>illarum</strong></span> <span class='ocrx_word' id='word_1_14' title='bbox 1547 803 1650 848; x_wconf 87' lang='lat' dir='ltr'><strong>rerum</strong></span> <span class='ocrx_word' id='word_1_15' title='bbox 1673 803 1737 848; x_wconf 89' lang='lat' dir='ltr'><strong>nou</strong></span> <span class='ocrx_word' id='word_1_16' title='bbox 1759 784 1842 865; x_wconf 66' lang='lat' dir='ltr'><strong>reji-</strong></span> 
     </span>
    </p>
   </div>
   <div class='ocr_carea' id='block_1_3' title="bbox 355 873 1684 966">
    <p class='ocr_par' dir='ltr' id='par_1_3' title="bbox 355 873 1684 966">
     <span class='ocr_line' id='line_1_3' title="bbox 355 873 1684 966; baseline -0.001 -29"><span class='ocrx_word' id='word_1_17' title='bbox 355 961 358 966; x_wconf 14' lang='grc'><em>4</em></span> <span class='ocrx_word' id='word_1_18' title='bbox 477 873 619 949; x_wconf 79' lang='lat' dir='ltr'><strong>ciendae,</strong></span> <span class='ocrx_word' id='word_1_19' title='bbox 641 873 701 938; x_wconf 91' lang='lat' dir='ltr'><strong>uisi</strong></span> <span class='ocrx_word' id='word_1_20' title='bbox 723 875 910 956; x_wconf 72' lang='lat' dir='ltr'><strong>apparuerit,</strong></span> <span class='ocrx_word' id='word_1_21' title='bbox 934 883 1059 938; x_wconf 84' lang='lat' dir='ltr'><strong>naturae</strong></span> <span class='ocrx_word' id='word_1_22' title='bbox 1082 875 1297 940; x_wconf 80' lang='lat' dir='ltr'><strong>cousbetudiue</strong></span> <span class='ocrx_word' id='word_1_23' title='bbox 1321 875 1420 938; x_wconf 89' lang='lat' dir='ltr'><strong>solere</strong></span> <span class='ocrx_word' id='word_1_24' title='bbox 1442 873 1523 952; x_wconf 81' lang='lat' dir='ltr'><strong>illas</strong></span> <span class='ocrx_word' id='word_1_25' title='bbox 1536 873 1684 936; x_wconf 83' lang='lat' dir='ltr'><strong>evenire.-</strong></span> 
     </span>
    </p>
   </div>
   <div class='ocr_carea' id='block_1_4' title="bbox 461 955 1833 1146">
    <p class='ocr_par' dir='ltr' id='par_1_4' title="bbox 461 955 1833 1135">
     <span class='ocr_line' id='line_1_4' title="bbox 478 955 1833 1048; baseline -0.002 -20"><span class='ocrx_word' id='word_1_26' title='bbox 478 973 495 1014; x_wconf 89' lang='lat'><strong>&#39;·</strong></span> <span class='ocrx_word' id='word_1_27' title='bbox 563 962 626 1028; x_wconf 84' lang='lat' dir='ltr'><strong>Gur</strong></span> <span class='ocrx_word' id='word_1_28' title='bbox 648 969 749 1026; x_wconf 80' lang='lat' dir='ltr'><strong>autem</strong></span> <span class='ocrx_word' id='word_1_29' title='bbox 762 963 917 1040; x_wconf 86' lang='lat' dir='ltr'><strong>dubitem,</strong></span> <span class='ocrx_word' id='word_1_30' title='bbox 947 964 1059 1027; x_wconf 90' lang='lat' dir='ltr'><strong>liberue</strong></span> <span class='ocrx_word' id='word_1_31' title='bbox 1083 965 1124 1027; x_wconf 91' lang='lat' dir='ltr'><strong>sit</strong></span> <span class='ocrx_word' id='word_1_32' title='bbox 1147 965 1289 1048; x_wconf 86' lang='lat' dir='ltr'><strong>spiritus,</strong></span> <span class='ocrx_word' id='word_1_33' title='bbox 1318 965 1370 1047; x_wconf 91' lang='lat' dir='ltr'><strong>qui</strong></span> <span class='ocrx_word' id='word_1_34' title='bbox 1398 972 1522 1044; x_wconf 84' lang='lat' dir='ltr'><strong>praeest</strong></span> <span class='ocrx_word' id='word_1_35' title='bbox 1542 961 1593 1025; x_wconf 90' lang='lat' dir='ltr'><strong>his</strong></span> <span class='ocrx_word' id='word_1_36' title='bbox 1615 961 1711 1026; x_wconf 86' lang='lat' dir='ltr'><strong>rebus</strong></span> <span class='ocrx_word' id='word_1_37' title='bbox 1734 955 1833 1043; x_wconf 89' lang='lat' dir='ltr'><strong>sigui·</strong></span> 
     </span>
     <span class='ocr_line' id='line_1_5' title="bbox 461 1051 1832 1146; baseline -0.002 -30"><span class='ocrx_word' id='word_1_38' title='bbox 461 1051 650 1127; x_wconf 79' lang='lat' dir='ltr'><strong>-boantibus,</strong></span> <span class='ocrx_word' id='word_1_39' title='bbox 681 1055 721 1115; x_wconf 80' lang='lat' dir='ltr'><strong>iu</strong></span> <span class='ocrx_word' id='word_1_40' title='bbox 741 1061 815 1115; x_wconf 81' lang='lat' dir='ltr'><strong>vero</strong></span> <span class='ocrx_word' id='word_1_41' title='bbox 837 1053 982 1133; x_wconf 88' lang='lat' dir='ltr'><strong>alligatus</strong></span> <span class='ocrx_word' id='word_1_42' title='bbox 1005 1054 1184 1117; x_wconf 80' lang='lat' dir='ltr'><strong>naturaliter</strong></span> <span class='ocrx_word' id='word_1_43' title='bbox 1206 1055 1246 1116; x_wconf 93' lang='lat' dir='ltr'><strong>ad</strong></span> <span class='ocrx_word' id='word_1_44' title='bbox 1268 1073 1378 1135; x_wconf 92' lang='lat' dir='ltr'><strong>corpus</strong></span> <span class='ocrx_word' id='word_1_45' title='bbox 1400 1052 1520 1129; x_wconf 89' lang='lat' dir='ltr'><strong>muudi,</strong></span> <span class='ocrx_word' id='word_1_46' title='bbox 1553 1071 1667 1114; x_wconf 83' lang='lat' dir='ltr'><strong>causas</strong></span> <span class='ocrx_word' id='word_1_47' title='bbox 1691 1051 1832 1146; x_wconf 72' lang='lat' dir='ltr'><strong>utrinque</strong></span> 
     </span>
    </p>
   </div>
   <div class='ocr_carea' id='block_1_5' title="bbox 339 1139 1834 1225">
    <p class='ocr_par' dir='ltr' id='par_1_5' title="bbox 339 1139 1834 1225">
     <span class='ocr_line' id='line_1_6' title="bbox 339 1139 1834 1225; baseline 0 -21"><span class='ocrx_word' id='word_1_48' title='bbox 339 1197 344 1212; x_wconf 85' lang='grc'>,</span> <span class='ocrx_word' id='word_1_49' title='bbox 474 1141 572 1204; x_wconf 82' lang='lat' dir='ltr'><strong>habeo</strong></span> <span class='ocrx_word' id='word_1_50' title='bbox 594 1153 714 1222; x_wconf 79' lang='lat' dir='ltr'><strong>graves</strong></span> <span class='ocrx_word' id='word_1_51' title='bbox 749 1142 871 1222; x_wconf 80' lang='lat' dir='ltr'><strong>Etenim</strong></span> <span class='ocrx_word' id='word_1_52' title='bbox 892 1162 970 1225; x_wconf 87' lang='lat' dir='ltr'><strong>quae</strong></span> <span class='ocrx_word' id='word_1_53' title='bbox 994 1141 1200 1224; x_wconf 74' lang='lat' dir='ltr'><strong>significantur</strong></span> <span class='ocrx_word' id='word_1_54' title='bbox 1222 1152 1285 1206; x_wconf 88' lang='lat' dir='ltr'><strong>tsrn</strong></span> <span class='ocrx_word' id='word_1_55' title='bbox 1307 1161 1363 1224; x_wconf 89' lang='lat' dir='ltr'><strong>per</strong></span> <span class='ocrx_word' id='word_1_56' title='bbox 1384 1143 1504 1204; x_wconf 86' lang='lat' dir='ltr'><strong>sotuuia</strong></span> <span class='ocrx_word' id='word_1_57' title='bbox 1520 1159 1611 1224; x_wconf 86' lang='lat' dir='ltr'><strong>quam</strong></span> <span class='ocrx_word' id='word_1_58' title='bbox 1630 1159 1690 1222; x_wconf 90' lang='lat' dir='ltr'><strong>per</strong></span> <span class='ocrx_word' id='word_1_59' title='bbox 1712 1139 1834 1220; x_wconf 71' lang='lat' dir='ltr'><strong>ostenta</strong></span> 
     </span>
    </p>
   </div>
   <div class='ocr_carea' id='block_1_6' title="bbox 472 1225 1834 1849">
    <p class='ocr_par' dir='ltr' id='par_1_6' title="bbox 472 1225 1834 1849">
     <span class='ocr_line' id='line_1_7' title="bbox 474 1225 1834 1313; baseline -0.001 -19"><span class='ocrx_word' id='word_1_60' title='bbox 474 1238 508 1294; x_wconf 90' lang='grc' dir='ltr'><strong>ιι</strong></span> <span class='ocrx_word' id='word_1_61' title='bbox 528 1229 673 1305; x_wconf 81' lang='lat' dir='ltr'><strong>monetis,</strong></span> <span class='ocrx_word' id='word_1_62' title='bbox 697 1247 734 1293; x_wconf 86' lang='lat' dir='ltr'><strong>ea</strong></span> <span class='ocrx_word' id='word_1_63' title='bbox 755 1249 810 1313; x_wconf 85' lang='lat' dir='ltr'><strong>per</strong></span> <span class='ocrx_word' id='word_1_64' title='bbox 832 1227 1012 1311; x_wconf 67' lang='lat' dir='ltr'><strong>allegoriam</strong></span> <span class='ocrx_word' id='word_1_65' title='bbox 1033 1233 1213 1312; x_wconf 85' lang='lat' dir='ltr'><strong>significant,</strong></span> <span class='ocrx_word' id='word_1_66' title='bbox 1237 1251 1296 1294; x_wconf 92' lang='lat' dir='ltr'><strong>uon</strong></span> <span class='ocrx_word' id='word_1_67' title='bbox 1319 1232 1443 1305; x_wconf 76' lang='lat' dir='ltr'><strong>directe,</strong></span> <span class='ocrx_word' id='word_1_68' title='bbox 1469 1225 1562 1305; x_wconf 84' lang='lat' dir='ltr'><strong>clare,</strong></span> <span class='ocrx_word' id='word_1_69' title='bbox 1587 1229 1750 1292; x_wconf 78' lang='lat' dir='ltr'><strong>dilucide·¹</strong></span> <span class='ocrx_word' id='word_1_70' title='bbox 1784 1230 1834 1295; x_wconf 90' lang='lat' dir='ltr'><strong>Sic</strong></span> 
     </span>
     <span class='ocr_line' id='line_1_8' title="bbox 473 1317 1834 1402; baseline 0 -18"><span class='ocrx_word' id='word_1_71' title='bbox 473 1317 584 1384; x_wconf 76' lang='lat' dir='ltr'><strong>naun</strong></span> <span class='ocrx_word' id='word_1_72' title='bbox 612 1317 719 1382; x_wconf 88' lang='lat' dir='ltr'><strong>ludens</strong></span> <span class='ocrx_word' id='word_1_73' title='bbox 749 1317 904 1401; x_wconf 86' lang='lat' dir='ltr'><strong>allegoriis</strong></span> <span class='ocrx_word' id='word_1_74' title='bbox 934 1327 967 1382; x_wconf 90' lang='lat' dir='ltr'><strong>et</strong></span> <span class='ocrx_word' id='word_1_75' title='bbox 992 1320 1118 1402; x_wconf 89' lang='lat' dir='ltr'><strong>picturis</strong></span> <span class='ocrx_word' id='word_1_76' title='bbox 1145 1335 1244 1386; x_wconf 89' lang='lat' dir='ltr'><strong>rerum</strong></span> <span class='ocrx_word' id='word_1_77' title='bbox 1274 1317 1399 1402; x_wconf 80' lang='lat' dir='ltr'><strong>est&#39;sui</strong></span> <span class='ocrx_word' id='word_1_78' title='bbox 1428 1319 1562 1395; x_wconf 85' lang='lat' dir='ltr'><strong>arbitrii,</strong></span> <span class='ocrx_word' id='word_1_79' title='bbox 1593 1327 1626 1382; x_wconf 92' lang='lat' dir='ltr'><strong>et</strong></span> <span class='ocrx_word' id='word_1_80' title='bbox 1655 1327 1786 1400; x_wconf 86' lang='lat' dir='ltr'><strong>posset,</strong></span> <span class='ocrx_word' id='word_1_81' title='bbox 1808 1319 1834 1384; x_wconf 87' lang='lat' dir='ltr'><strong>si</strong></span> 
     </span>
     <span class='ocr_line' id='line_1_9' title="bbox 474 1397 1833 1491; baseline 0.001 -21"><span class='ocrx_word' id='word_1_82' title='bbox 474 1408 582 1483; x_wconf 79' lang='lat' dir='ltr'><strong>vellet,</strong></span> <span class='ocrx_word' id='word_1_83' title='bbox 611 1425 675 1470; x_wconf 90' lang='lat' dir='ltr'><strong>rem</strong></span> <span class='ocrx_word' id='word_1_84' title='bbox 702 1408 854 1490; x_wconf 82' lang='lat' dir='ltr'><strong>explicare</strong></span> <span class='ocrx_word' id='word_1_85' title='bbox 884 1409 1031 1486; x_wconf 81' lang='lat' dir='ltr'><strong>dilucide3</strong></span> <span class='ocrx_word' id='word_1_86' title='bbox 1061 1411 1215 1491; x_wconf 71' lang='lat' dir='ltr'><strong>quaerimur</strong></span> <span class='ocrx_word' id='word_1_87' title='bbox 1245 1397 1439 1473; x_wconf 69' lang='lat' dir='ltr'><strong>obscuritatis</strong></span> <span class='ocrx_word' id='word_1_88' title='bbox 1464 1408 1555 1472; x_wconf 83' lang='lat' dir='ltr'><strong>ratio.</strong></span> <span class='ocrx_word' id='word_1_89' title='bbox 1601 1410 1656 1471; x_wconf 85' lang='lat' dir='ltr'><strong>An</strong></span> <span class='ocrx_word' id='word_1_90' title='bbox 1689 1409 1833 1490; x_wconf 81' lang='lat' dir='ltr'><strong>expedire</strong></span> 
     </span>
     <span class='ocr_line' id='line_1_10' title="bbox 472 1485 1831 1586; baseline 0.001 -26"><span class='ocrx_word' id='word_1_91' title='bbox 472 1503 576 1580; x_wconf 82' lang='lat' dir='ltr'><strong>putat,</strong></span> <span class='ocrx_word' id='word_1_92' title='bbox 605 1497 721 1560; x_wconf 86' lang='lat' dir='ltr'><strong>mousii</strong></span> <span class='ocrx_word' id='word_1_93' title='bbox 751 1497 929 1566; x_wconf 83' lang='lat' dir='ltr'><strong>homines</strong></span> <span class='ocrx_word' id='word_1_94' title='bbox 920 1519 952 1562; x_wconf 93' lang='grc' dir='ltr'><strong>ιιι</strong></span> <span class='ocrx_word' id='word_1_95' title='bbox 973 1517 1083 1580; x_wconf 86' lang='lat' dir='ltr'><strong>genere</strong></span> <span class='ocrx_word' id='word_1_96' title='bbox 1106 1520 1202 1582; x_wconf 88' lang='lat' dir='ltr'><strong>neque</strong></span> <span class='ocrx_word' id='word_1_97' title='bbox 1234 1500 1272 1561; x_wconf 92' lang='lat' dir='ltr'><strong>de</strong></span> <span class='ocrx_word' id='word_1_98' title='bbox 1295 1495 1403 1586; x_wconf 82' lang='lat' dir='ltr'><strong>specie</strong></span> <span class='ocrx_word' id='word_1_99' title='bbox 1431 1506 1501 1560; x_wconf 86' lang='lat' dir='ltr'><strong>aute</strong></span> <span class='ocrx_word' id='word_1_100' title='bbox 1529 1516 1594 1560; x_wconf 91' lang='lat' dir='ltr'><strong>rem</strong></span> <span class='ocrx_word' id='word_1_101' title='bbox 1626 1485 1749 1560; x_wconf 79' lang='lat' dir='ltr'><strong>iactam</strong></span> <span class='ocrx_word' id='word_1_102' title='bbox 1770 1499 1831 1562; x_wconf 82' lang='lat' dir='ltr'><strong>heri</strong></span> 
     </span>
     <span class='ocr_line' id='line_1_11' title="bbox 472 1583 1832 1671; baseline 0 -21"><span class='ocrx_word' id='word_1_103' title='bbox 472 1585 638 1650; x_wconf 76' lang='grc' dir='ltr'>ιιιιίιιιιι</span> <span class='ocrx_word' id='word_1_104' title='bbox 659 1593 693 1648; x_wconf 89' lang='lat' dir='ltr'><strong>at</strong></span> <span class='ocrx_word' id='word_1_105' title='bbox 713 1588 828 1667; x_wconf 88' lang='lat' dir='ltr'><strong>potuit</strong></span> <span class='ocrx_word' id='word_1_106' title='bbox 836 1588 880 1649; x_wconf 87' lang='lat' dir='ltr'><strong>sic</strong></span> <span class='ocrx_word' id='word_1_107' title='bbox 902 1605 1023 1651; x_wconf 87' lang='lat' dir='ltr'><strong>monere</strong></span> <span class='ocrx_word' id='word_1_108' title='bbox 1044 1589 1176 1652; x_wconf 88' lang='lat' dir='ltr'><strong>breviori</strong></span> <span class='ocrx_word' id='word_1_109' title='bbox 1199 1588 1385 1671; x_wconf 88' lang='lat' dir='ltr'><strong>compendio,</strong></span> <span class='ocrx_word' id='word_1_110' title='bbox 1410 1586 1493 1670; x_wconf 85' lang='lat' dir='ltr'><strong>quali</strong></span> <span class='ocrx_word' id='word_1_111' title='bbox 1515 1583 1660 1649; x_wconf 85' lang='lat' dir='ltr'><strong>dicuutur</strong></span> <span class='ocrx_word' id='word_1_112' title='bbox 1681 1587 1732 1650; x_wconf 89' lang='lat' dir='ltr'><strong>uti</strong></span> <span class='ocrx_word' id='word_1_113' title='bbox 1755 1587 1832 1668; x_wconf 80' lang='lat' dir='ltr'><strong>geni</strong></span> 
     </span>
     <span class='ocr_line' id='line_1_12' title="bbox 473 1675 1831 1768; baseline 0.001 -30"><span class='ocrx_word' id='word_1_114' title='bbox 473 1675 610 1758; x_wconf 79' lang='lat' dir='ltr'><strong>quidam,</strong></span> <span class='ocrx_word' id='word_1_115' title='bbox 643 1681 703 1740; x_wconf 80' lang='lat' dir='ltr'><strong>uno</strong></span> <span class='ocrx_word' id='word_1_116' title='bbox 719 1675 822 1758; x_wconf 89' lang='lat' dir='ltr'><strong>pulsu</strong></span> <span class='ocrx_word' id='word_1_117' title='bbox 850 1676 1056 1758; x_wconf 82' lang='lat' dir='ltr'><strong>significantes</strong></span> <span class='ocrx_word' id='word_1_118' title='bbox 1084 1678 1248 1741; x_wconf 84' lang='lat' dir='ltr'><strong>instantem</strong></span> <span class='ocrx_word' id='word_1_119' title='bbox 1276 1695 1388 1768; x_wconf 77' lang='lat' dir='ltr'><strong>casum.</strong></span> <span class='ocrx_word' id='word_1_120' title='bbox 1436 1675 1588 1747; x_wconf 76' lang='lat' dir='ltr'><strong>Quorsum</strong></span> <span class='ocrx_word' id='word_1_121' title='bbox 1625 1675 1726 1756; x_wconf 86' lang='lat' dir='ltr'><strong>igitur</strong></span> <span class='ocrx_word' id='word_1_122' title='bbox 1765 1677 1831 1740; x_wconf 78' lang='lat' dir='ltr'><strong>illae</strong></span> 
     </span>
     <span class='ocr_line' id='line_1_13' title="bbox 473 1757 1831 1849; baseline -0.001 -19"><span class='ocrx_word' id='word_1_123' title='bbox 473 1763 656 1830; x_wconf 84' lang='lat' dir='ltr'><strong>somniorum</strong></span> <span class='ocrx_word' id='word_1_124' title='bbox 677 1773 710 1828; x_wconf 86' lang='grc' dir='ltr'><strong>ιι</strong></span> <span class='ocrx_word' id='word_1_125' title='bbox 730 1774 938 1828; x_wconf 87' lang='lat' dir='ltr'><strong>monstrorum</strong></span> <span class='ocrx_word' id='word_1_126' title='bbox 949 1767 1102 1846; x_wconf 80' lang='lat' dir='ltr'><strong>ambages,</strong></span> <span class='ocrx_word' id='word_1_127' title='bbox 1125 1786 1180 1849; x_wconf 91' lang='lat' dir='ltr'><strong>per</strong></span> <span class='ocrx_word' id='word_1_128' title='bbox 1200 1787 1253 1830; x_wconf 89' lang='lat' dir='ltr'><strong>eas</strong></span> <span class='ocrx_word' id='word_1_129' title='bbox 1272 1757 1515 1830; x_wconf 84' lang='lat' dir='ltr'><strong>circumstantias</strong></span> <span class='ocrx_word' id='word_1_130' title='bbox 1529 1761 1716 1841; x_wconf 78' lang='lat' dir='ltr'><strong>traductae,</strong></span> <span class='ocrx_word' id='word_1_131' title='bbox 1724 1766 1831 1849; x_wconf 83' lang='lat' dir='ltr'><strong>quibus</strong></span> 
     </span>
    </p>
   </div>
   <div class='ocr_carea' id='block_1_7' title="bbox 332 1852 1831 2054">
    <p class='ocr_par' dir='ltr' id='par_1_7' title="bbox 332 1852 1831 2052">
     <span class='ocr_line' id='line_1_14' title="bbox 332 1852 1831 1938; baseline 0.001 -22"><span class='ocrx_word' id='word_1_132' title='bbox 332 1891 335 1898; x_wconf 91' lang='lat'><em>·</em></span> <span class='ocrx_word' id='word_1_133' title='bbox 366 1881 369 1886; x_wconf 95' lang='lat'>·</span> <span class='ocrx_word' id='word_1_134' title='bbox 398 1855 401 1860; x_wconf 81' lang='grc'><strong>’</strong></span> <span class='ocrx_word' id='word_1_135' title='bbox 427 1871 432 1882; x_wconf 90' lang='grc'><strong>’</strong></span> <span class='ocrx_word' id='word_1_136' title='bbox 472 1853 669 1938; x_wconf 69' lang='lat' dir='ltr'><strong>adoperiam</strong></span> <span class='ocrx_word' id='word_1_137' title='bbox 691 1854 787 1917; x_wconf 83' lang='lat' dir='ltr'><strong>veniri</strong></span> <span class='ocrx_word' id='word_1_138' title='bbox 806 1855 928 1917; x_wconf 75' lang='lat' dir='ltr'><strong>&#39;soleti&#39;</strong></span> <span class='ocrx_word' id='word_1_139' title='bbox 947 1856 997 1918; x_wconf 87' lang='lat' dir='ltr'><strong>Au</strong></span> <span class='ocrx_word' id='word_1_140' title='bbox 1020 1874 1133 1930; x_wconf 86' lang='lat' dir='ltr'><strong>verum,</strong></span> <span class='ocrx_word' id='word_1_141' title='bbox 1157 1857 1236 1938; x_wconf 90' lang='lat' dir='ltr'><strong>quod</strong></span> <span class='ocrx_word' id='word_1_142' title='bbox 1252 1855 1340 1918; x_wconf 90' lang='lat' dir='ltr'><strong>uobis</strong></span> <span class='ocrx_word' id='word_1_143' title='bbox 1355 1854 1536 1918; x_wconf 87' lang='lat' dir='ltr'><strong>Plutarchus</strong></span> <span class='ocrx_word' id='word_1_144' title='bbox 1557 1852 1744 1930; x_wconf 72' lang='lat' dir='ltr'><strong>insinuavit,</strong></span> <span class='ocrx_word' id='word_1_145' title='bbox 1767 1856 1831 1918; x_wconf 84' lang='lat' dir='ltr'><strong>dum</strong></span> 
     </span>
     <span class='ocr_line' id='line_1_15' title="bbox 356 1942 1829 2054; baseline 0.001 -48"><span class='ocrx_word' id='word_1_146' title='bbox 356 2037 361 2052; x_wconf 30' lang='grc'>1</span> <span class='ocrx_word' id='word_1_147' title='bbox 471 1951 595 2054; x_wconf 67' lang='lat' dir='ltr'><strong>cauum</strong></span> <span class='ocrx_word' id='word_1_148' title='bbox 617 1943 768 2024; x_wconf 85' lang='lat' dir='ltr'><strong>perditam</strong></span> <span class='ocrx_word' id='word_1_149' title='bbox 789 1944 976 2007; x_wconf 81' lang='lat' dir='ltr'><strong>oraculorum</strong></span> <span class='ocrx_word' id='word_1_150' title='bbox 998 1945 1072 2025; x_wconf 89' lang='lat' dir='ltr'><strong>agit,</strong></span> <span class='ocrx_word' id='word_1_151' title='bbox 1095 1945 1252 2026; x_wconf 85' lang='lat' dir='ltr'><strong>productis</strong></span> <span class='ocrx_word' id='word_1_152' title='bbox 1274 1963 1313 2007; x_wconf 81' lang='lat' dir='ltr'><strong>ex</strong></span> <span class='ocrx_word' id='word_1_153' title='bbox 1335 1942 1487 2026; x_wconf 78' lang='lat' dir='ltr'><strong>Sophocle</strong></span> <span class='ocrx_word' id='word_1_154' title='bbox 1509 1942 1675 2005; x_wconf 84' lang='lat' dir='ltr'><strong>versiculis</strong></span> <span class='ocrx_word' id='word_1_155' title='bbox 1699 1943 1829 2014; x_wconf 68' lang='lat' dir='ltr'><strong>hincm,-</strong></span> 
     </span>
    </p>
   </div>
   <div class='ocr_carea' id='block_1_8' title="bbox 779 2029 1693 2204">
    <p class='ocr_par' dir='ltr' id='par_1_8' title="bbox 779 2029 1693 2204">
     <span class='ocr_line' id='line_1_16' title="bbox 779 2029 1693 2122; baseline 0.001 -24.013"><span class='ocrx_word' id='word_1_156' title='bbox 779 2029 969 2116; x_wconf 73' lang='lat' dir='ltr'><strong>&#39;sapientibus</strong></span> <span class='ocrx_word' id='word_1_157' title='bbox 990 2061 1041 2116; x_wconf 84' lang='lat' dir='ltr'><strong>per</strong></span> <span class='ocrx_word' id='word_1_158' title='bbox 1063 2045 1198 2122; x_wconf 71' lang='lat' dir='ltr'><strong>amhagep</strong></span> <span class='ocrx_word' id='word_1_159' title='bbox 1221 2045 1283 2100; x_wconf 77' lang='lat' dir='ltr'><strong>itta</strong></span> <span class='ocrx_word' id='word_1_160' title='bbox 1302 2044 1402 2117; x_wconf 81' lang='lat' dir='ltr'><strong>eloqui,</strong></span> <span class='ocrx_word' id='word_1_161' title='bbox 1512 2045 1531 2077; x_wconf 94' lang='grc'><strong>’·</strong></span> <span class='ocrx_word' id='word_1_162' title='bbox 1559 2099 1564 2113; x_wconf 70' lang='grc'>,</span> <span class='ocrx_word' id='word_1_163' title='bbox 1689 2073 1693 2080; x_wconf 91' lang='grc'><strong>-</strong></span> 
     </span>
     <span class='ocr_line' id='line_1_17' title="bbox 787 2124 1436 2204; baseline 0 -24"><span class='ocrx_word' id='word_1_164' title='bbox 787 2124 884 2180; x_wconf 75' lang='lat' dir='ltr'><strong>Potui·</strong></span> <span class='ocrx_word' id='word_1_165' title='bbox 903 2124 1067 2198; x_wconf 79' lang='lat' dir='ltr'><strong>magistrum</strong></span> <span class='ocrx_word' id='word_1_166' title='bbox 1086 2141 1200 2196; x_wconf 87' lang='lat' dir='ltr'><strong>prorsus</strong></span> <span class='ocrx_word' id='word_1_167' title='bbox 1220 2141 1283 2180; x_wconf 84' lang='lat' dir='ltr'><strong>asse</strong></span> <span class='ocrx_word' id='word_1_168' title='bbox 1303 2124 1436 2204; x_wconf 73' lang='lat' dir='ltr'><strong>inutilem.</strong></span> 
     </span>
    </p>
   </div>
   <div class='ocr_carea' id='block_1_9' title="bbox 342 2205 1827 2306">
    <p class='ocr_par' dir='ltr' id='par_1_9' title="bbox 342 2205 1827 2306">
     <span class='ocr_line' id='line_1_18' title="bbox 342 2205 1827 2306; baseline 0 -30"><span class='ocrx_word' id='word_1_169' title='bbox 342 2281 346 2290; x_wconf 55' lang='grc'>,</span> <span class='ocrx_word' id='word_1_170' title='bbox 471 2211 508 2276; x_wconf 87' lang='lat' dir='ltr'><strong>ld</strong></span> <span class='ocrx_word' id='word_1_171' title='bbox 529 2217 587 2285; x_wconf 88' lang='grc' dir='ltr'>ιιι,</span> <span class='ocrx_word' id='word_1_172' title='bbox 612 2205 781 2294; x_wconf 83' lang='lat' dir='ltr'><strong>sapientem</strong></span> <span class='ocrx_word' id='word_1_173' title='bbox 802 2212 893 2276; x_wconf 90' lang='lat' dir='ltr'><strong>nullis</strong></span> <span class='ocrx_word' id='word_1_174' title='bbox 916 2212 1104 2276; x_wconf 81' lang='lat' dir='ltr'><strong>oraculorum</strong></span> <span class='ocrx_word' id='word_1_175' title='bbox 1126 2212 1305 2294; x_wconf 84' lang='lat' dir='ltr'><strong>ambagibus</strong></span> <span class='ocrx_word' id='word_1_176' title='bbox 1327 2213 1479 2306; x_wconf 87' lang='lat' dir='ltr'><strong>impediri:</strong></span> <span class='ocrx_word' id='word_1_177' title='bbox 1511 2205 1606 2276; x_wconf 85' lang='lat' dir='ltr'><strong>stulto</strong></span> <span class='ocrx_word' id='word_1_178' title='bbox 1630 2214 1763 2277; x_wconf 84' lang='lat' dir='ltr'><strong>nullam</strong></span> <span class='ocrx_word' id='word_1_179' title='bbox 1777 2233 1827 2279; x_wconf 87' lang='grc' dir='ltr'><strong>ιι-</strong></span> 
     </span>
    </p>
   </div>
   <div class='ocr_carea' id='block_1_10' title="bbox 471 2291 1827 2406">
    <p class='ocr_par' dir='ltr' id='par_1_10' title="bbox 471 2291 1827 2406">
     <span class='ocr_line' id='line_1_19' title="bbox 471 2291 1827 2406; baseline 0.001 -43"><span class='ocrx_word' id='word_1_180' title='bbox 471 2299 679 2406; x_wconf 78' lang='lat' dir='ltr'><strong>planationem</strong></span> <span class='ocrx_word' id='word_1_181' title='bbox 707 2301 841 2364; x_wconf 77' lang='lat' dir='ltr'><strong>sulficere</strong></span> <span class='ocrx_word' id='word_1_182' title='bbox 868 2302 907 2364; x_wconf 86' lang='lat' dir='ltr'><strong>ad</strong></span> <span class='ocrx_word' id='word_1_183' title='bbox 936 2291 1173 2381; x_wconf 87' lang='lat' dir='ltr'><strong>intelligendum</strong></span> <span class='ocrx_word' id='word_1_184' title='bbox 1216 2302 1376 2365; x_wconf 87' lang='lat' dir='ltr'><strong>Nimirum</strong></span> <span class='ocrx_word' id='word_1_185' title='bbox 1405 2319 1599 2384; x_wconf 83' lang='lat' dir='ltr'><strong>quaecunque</strong></span> <span class='ocrx_word' id='word_1_186' title='bbox 1629 2312 1749 2366; x_wconf 86' lang='lat' dir='ltr'><strong>natura</strong></span> <span class='ocrx_word' id='word_1_187' title='bbox 1776 2310 1827 2378; x_wconf 85' lang='lat' dir='ltr'><strong>ast,</strong></span> 
     </span>
    </p>
   </div>
   <div class='ocr_carea' id='block_1_11' title="bbox 344 2369 1826 2474">
    <p class='ocr_par' dir='ltr' id='par_1_11' title="bbox 344 2369 1826 2474">
     <span class='ocr_line' id='line_1_20' title="bbox 344 2369 1826 2474; baseline 0.006 -26"><span class='ocrx_word' id='word_1_188' title='bbox 344 2412 348 2426; x_wconf 90' lang='lat'><strong>·</strong></span> <span class='ocrx_word' id='word_1_189' title='bbox 397 2379 402 2390; x_wconf 81' lang='grc'><em>’</em></span> <span class='ocrx_word' id='word_1_190' title='bbox 471 2409 548 2474; x_wconf 87' lang='lat' dir='ltr'><strong>quae</strong></span> <span class='ocrx_word' id='word_1_191' title='bbox 571 2389 753 2456; x_wconf 87' lang='lat' dir='ltr'><strong>somniorum</strong></span> <span class='ocrx_word' id='word_1_192' title='bbox 775 2389 901 2473; x_wconf 88' lang='lat' dir='ltr'><strong>picturis</strong></span> <span class='ocrx_word' id='word_1_193' title='bbox 923 2398 1168 2473; x_wconf 87' lang='lat' dir='ltr'><strong>ostentorumque</strong></span> <span class='ocrx_word' id='word_1_194' title='bbox 1190 2391 1389 2464; x_wconf 79' lang='lat' dir='ltr'><strong>allusionibus</strong></span> <span class='ocrx_word' id='word_1_195' title='bbox 1412 2391 1566 2455; x_wconf 91' lang='lat' dir='ltr'><strong>uobiscum</strong></span> <span class='ocrx_word' id='word_1_196' title='bbox 1589 2369 1745 2474; x_wconf 75' lang='lat' dir='ltr'><strong>loquitur,</strong></span> <span class='ocrx_word' id='word_1_197' title='bbox 1767 2411 1826 2456; x_wconf 79' lang='lat' dir='ltr'><strong>cre-</strong></span> 
     </span>
    </p>
   </div>
   <div class='ocr_carea' id='block_1_12' title="bbox 471 2473 1825 2762">
    <p class='ocr_par' dir='ltr' id='par_1_12' title="bbox 471 2473 1825 2741">
     <span class='ocr_line' id='line_1_21' title="bbox 471 2473 1824 2561; baseline 0 -19"><span class='ocrx_word' id='word_1_198' title='bbox 471 2479 566 2542; x_wconf 85' lang='lat' dir='ltr'><strong>dibile</strong></span> <span class='ocrx_word' id='word_1_199' title='bbox 578 2487 637 2556; x_wconf 84' lang='lat' dir='ltr'><strong>est,</strong></span> <span class='ocrx_word' id='word_1_200' title='bbox 652 2479 801 2544; x_wconf 87' lang='lat' dir='ltr'><strong>humanae</strong></span> <span class='ocrx_word' id='word_1_201' title='bbox 818 2487 945 2543; x_wconf 87' lang='lat' dir='ltr'><strong>naturae</strong></span> <span class='ocrx_word' id='word_1_202' title='bbox 958 2479 1177 2560; x_wconf 81' lang='lat' dir='ltr'><strong>ratiocinatrici</strong></span> <span class='ocrx_word' id='word_1_203' title='bbox 1193 2480 1231 2543; x_wconf 95' lang='lat' dir='ltr'><strong>ob</strong></span> <span class='ocrx_word' id='word_1_204' title='bbox 1247 2473 1475 2543; x_wconf 85' lang='lat' dir='ltr'><strong>similitudinem</strong></span> <span class='ocrx_word' id='word_1_205' title='bbox 1490 2481 1538 2543; x_wconf 92' lang='lat' dir='ltr'><strong>sui</strong></span> <span class='ocrx_word' id='word_1_206' title='bbox 1552 2480 1698 2561; x_wconf 87' lang='lat' dir='ltr'><strong>impense</strong></span> <span class='ocrx_word' id='word_1_207' title='bbox 1719 2482 1824 2543; x_wconf 78' lang='grc' dir='ltr'>ιιιιιι.</span> 
     </span>
     <span class='ocr_line' id='line_1_22' title="bbox 471 2563 1824 2674; baseline -0.002 -39"><span class='ocrx_word' id='word_1_208' title='bbox 471 2567 671 2635; x_wconf 74' lang='lat' dir='ltr'><strong>calamitates</strong></span> <span class='ocrx_word' id='word_1_209' title='bbox 692 2563 787 2650; x_wconf 87' lang='lat' dir='ltr'><strong>igitur</strong></span> <span class='ocrx_word' id='word_1_210' title='bbox 797 2569 977 2650; x_wconf 75' lang='lat' dir='ltr'><strong>significare</strong></span> <span class='ocrx_word' id='word_1_211' title='bbox 997 2587 1054 2651; x_wconf 91' lang='lat' dir='ltr'><strong>per</strong></span> <span class='ocrx_word' id='word_1_212' title='bbox 1068 2570 1229 2674; x_wconf 78' lang='lat' dir='ltr'><strong>ambages,</strong></span> <span class='ocrx_word' id='word_1_213' title='bbox 1252 2577 1287 2632; x_wconf 89' lang='lat' dir='ltr'><strong>ut</strong></span> <span class='ocrx_word' id='word_1_214' title='bbox 1306 2569 1444 2632; x_wconf 89' lang='lat' dir='ltr'><strong>homiues</strong></span> <span class='ocrx_word' id='word_1_215' title='bbox 1465 2569 1505 2640; x_wconf 81' lang='lat' dir='ltr'><strong>sd</strong></span> <span class='ocrx_word' id='word_1_216' title='bbox 1525 2570 1779 2634; x_wconf 85' lang='lat' dir='ltr'><strong>ratiocinandum</strong></span> <span class='ocrx_word' id='word_1_217' title='bbox 1791 2571 1824 2632; x_wconf 84' lang='grc' dir='ltr'><strong>ιι</strong></span> 
     </span>
     <span class='ocr_line' id='line_1_23' title="bbox 471 2654 1825 2762; baseline 0.001 -41"><span class='ocrx_word' id='word_1_218' title='bbox 471 2658 572 2721; x_wconf 83' lang='grc' dir='ltr'>ιιιιίι</span> <span class='ocrx_word' id='word_1_219' title='bbox 595 2658 690 2741; x_wconf 85' lang='lat' dir='ltr'><strong>(quod</strong></span> <span class='ocrx_word' id='word_1_220' title='bbox 711 2658 841 2722; x_wconf 89' lang='lat' dir='ltr'><strong>hominis</strong></span> <span class='ocrx_word' id='word_1_221' title='bbox 863 2660 925 2733; x_wconf 88' lang='lat' dir='ltr'><strong>est)</strong></span> <span class='ocrx_word' id='word_1_222' title='bbox 947 2667 1195 2762; x_wconf 76' lang='lat' dir='ltr'><strong>permoveantur,</strong></span> <span class='ocrx_word' id='word_1_223' title='bbox 1217 2659 1319 2741; x_wconf 82' lang='lat' dir='ltr'><strong>itaque</strong></span> <span class='ocrx_word' id='word_1_224' title='bbox 1341 2654 1423 2721; x_wconf 78' lang='lat' dir='ltr'><strong>viris</strong></span> <span class='ocrx_word' id='word_1_225' title='bbox 1446 2658 1564 2732; x_wconf 81' lang='grc' dir='ltr'>ιιιιίι,</span> <span class='ocrx_word' id='word_1_226' title='bbox 1589 2659 1781 2739; x_wconf 84' lang='lat' dir='ltr'><strong>praesertim</strong></span> <span class='ocrx_word' id='word_1_227' title='bbox 1800 2656 1825 2722; x_wconf 87' lang='lat' dir='ltr'><strong>si</strong></span> 
     </span>
    </p>
   </div>
   <div class='ocr_carea' id='block_1_13' title="bbox 314 2745 1822 2829">
    <p class='ocr_par' dir='ltr' id='par_1_13' title="bbox 314 2745 1822 2829">
     <span class='ocr_line' id='line_1_24' title="bbox 314 2745 1822 2829; baseline 0.003 -21"><span class='ocrx_word' id='word_1_228' title='bbox 314 2797 318 2808; x_wconf 93' lang='lat'>.</span> <span class='ocrx_word' id='word_1_229' title='bbox 387 2820 390 2826; x_wconf 43' lang='lat'>‚</span> <span class='ocrx_word' id='word_1_230' title='bbox 469 2745 502 2810; x_wconf 91' lang='lat' dir='ltr'><strong>iu</strong></span> <span class='ocrx_word' id='word_1_231' title='bbox 523 2746 591 2828; x_wconf 90' lang='lat' dir='ltr'><strong>ipso</strong></span> <span class='ocrx_word' id='word_1_232' title='bbox 614 2747 733 2811; x_wconf 89' lang='lat' dir='ltr'><strong>homine</strong></span> <span class='ocrx_word' id='word_1_233' title='bbox 754 2747 883 2825; x_wconf 81' lang='lat' dir='ltr'><strong>fuerint,</strong></span> <span class='ocrx_word' id='word_1_234' title='bbox 912 2747 1059 2829; x_wconf 87' lang='lat' dir='ltr'><strong>cognitis,</strong></span> <span class='ocrx_word' id='word_1_235' title='bbox 1083 2748 1127 2809; x_wconf 90' lang='lat' dir='ltr'><strong>de</strong></span> <span class='ocrx_word' id='word_1_236' title='bbox 1157 2747 1296 2828; x_wconf 80' lang='lat' dir='ltr'><strong>genuinis</strong></span> <span class='ocrx_word' id='word_1_237' title='bbox 1317 2748 1460 2810; x_wconf 84' lang='lat' dir='ltr'><strong>remediis</strong></span> <span class='ocrx_word' id='word_1_238' title='bbox 1476 2748 1631 2828; x_wconf 79' lang='lat' dir='ltr'><strong>cogitent</strong></span> <span class='ocrx_word' id='word_1_239' title='bbox 1682 2749 1822 2812; x_wconf 79' lang='lat' dir='ltr'><strong>Homines</strong></span> 
     </span>
    </p>
   </div>
   <div class='ocr_carea' id='block_1_14' title="bbox 381 2834 1822 4967">
    <p class='ocr_par' dir='ltr' id='par_1_14' title="bbox 381 2834 1822 4615">
     <span class='ocr_line' id='line_1_25' title="bbox 470 2834 1821 2922; baseline 0.003 -24"><span class='ocrx_word' id='word_1_240' title='bbox 470 2834 550 2898; x_wconf 86' lang='lat' dir='ltr'><strong>euim</strong></span> <span class='ocrx_word' id='word_1_241' title='bbox 547 2855 626 2922; x_wconf 89' lang='lat' dir='ltr'><strong>per</strong></span> <span class='ocrx_word' id='word_1_242' title='bbox 647 2835 835 2920; x_wconf 80' lang='lat' dir='ltr'><strong>labyrinthos</strong></span> <span class='ocrx_word' id='word_1_243' title='bbox 863 2837 955 2901; x_wconf 87' lang='lat' dir='ltr'><strong>hosce</strong></span> <span class='ocrx_word' id='word_1_244' title='bbox 983 2836 1269 2918; x_wconf 87' lang='lat' dir='ltr'><strong>sigditiostiouum·</strong></span> <span class='ocrx_word' id='word_1_245' title='bbox 1261 2856 1291 2899; x_wconf 88' lang='grc' dir='ltr'><strong>ιιι</strong></span> <span class='ocrx_word' id='word_1_246' title='bbox 1321 2836 1465 2918; x_wconf 89' lang='lat' dir='ltr'><strong>ambiguo·</strong></span> <span class='ocrx_word' id='word_1_247' title='bbox 1483 2837 1669 2913; x_wconf 85' lang='lat' dir='ltr'><strong>constituti,</strong></span> <span class='ocrx_word' id='word_1_248' title='bbox 1701 2839 1821 2902; x_wconf 82' lang='lat' dir='ltr'><strong>circum-</strong></span> 
     </span>
     <span class='ocr_line' id='line_1_26' title="bbox 450 2923 1820 3028; baseline 0.001 -40"><span class='ocrx_word' id='word_1_249' title='bbox 450 2923 602 3008; x_wconf 74' lang='lat' dir='ltr'><strong>spiciunt</strong></span> <span class='ocrx_word' id='word_1_250' title='bbox 611 2925 798 3028; x_wconf 81' lang='lat' dir='ltr'><strong>praeseutia,</strong></span> <span class='ocrx_word' id='word_1_251' title='bbox 813 2926 996 3014; x_wconf 88' lang='lat' dir='ltr'><strong>recolligunt</strong></span> <span class='ocrx_word' id='word_1_252' title='bbox 1008 2926 1182 3007; x_wconf 86' lang='lat' dir='ltr'><strong>praeterita,</strong></span> <span class='ocrx_word' id='word_1_253' title='bbox 1201 2926 1353 2992; x_wconf 88' lang='lat' dir='ltr'><strong>collocant</strong></span> <span class='ocrx_word' id='word_1_254' title='bbox 1373 2933 1443 2988; x_wconf 91' lang='lat' dir='ltr'><strong>ante</strong></span> <span class='ocrx_word' id='word_1_255' title='bbox 1468 2926 1572 2990; x_wconf 90' lang='lat' dir='ltr'><strong>oculos</strong></span> <span class='ocrx_word' id='word_1_256' title='bbox 1594 2927 1715 3024; x_wconf 81' lang='lat' dir='ltr'><strong>futura,</strong></span> <span class='ocrx_word' id='word_1_257' title='bbox 1735 2928 1820 2991; x_wconf 80' lang='lat' dir='ltr'><strong>donec</strong></span> 
     </span>
     <span class='ocr_line' id='line_1_27' title="bbox 393 3013 1017 3100; baseline 0 -22"><span class='ocrx_word' id='word_1_258' title='bbox 393 3057 396 3062; x_wconf 93' lang='lat'>-</span> <span class='ocrx_word' id='word_1_259' title='bbox 427 3075 430 3080; x_wconf 16' lang='grc' dir='ltr'><strong>Δ</strong></span> <span class='ocrx_word' id='word_1_260' title='bbox 470 3013 502 3100; x_wconf 80' lang='lat' dir='ltr'><strong>iu</strong></span> <span class='ocrx_word' id='word_1_261' title='bbox 523 3029 588 3077; x_wconf 88' lang='lat' dir='ltr'><strong>rem</strong></span> <span class='ocrx_word' id='word_1_262' title='bbox 609 3014 708 3099; x_wconf 85' lang='lat' dir='ltr'><strong>ipsam</strong></span> <span class='ocrx_word' id='word_1_263' title='bbox 730 3015 853 3078; x_wconf 85' lang='lat' dir='ltr'><strong>taudem</strong></span> <span class='ocrx_word' id='word_1_264' title='bbox 874 3016 1017 3078; x_wconf 84' lang='lat' dir='ltr'><strong>lucidant</strong></span> 
     </span>
     <span class='ocr_line' id='line_1_28' title="bbox 515 3099 1822 3192; baseline 0.001 -25.034"><span class='ocrx_word' id='word_1_265' title='bbox 515 3099 652 3167; x_wconf 84' lang='grc' dir='ltr'><strong>Μοι</strong></span> <span class='ocrx_word' id='word_1_266' title='bbox 641 3113 702 3168; x_wconf 80' lang='lat' dir='ltr'><strong>rste</strong></span> <span class='ocrx_word' id='word_1_267' title='bbox 715 3105 835 3186; x_wconf 90' lang='lat' dir='ltr'><strong>quidem</strong></span> <span class='ocrx_word' id='word_1_268' title='bbox 849 3106 907 3168; x_wconf 90' lang='lat' dir='ltr'><strong>Dei</strong></span> <span class='ocrx_word' id='word_1_269' title='bbox 923 3102 1191 3192; x_wconf 82' lang='lat' dir='ltr'><strong>frequentissimus,</strong></span> <span class='ocrx_word' id='word_1_270' title='bbox 1212 3103 1260 3166; x_wconf 93' lang='lat' dir='ltr'><strong>cui</strong></span> <span class='ocrx_word' id='word_1_271' title='bbox 1282 3121 1342 3166; x_wconf 91' lang='lat' dir='ltr'><strong>uon</strong></span> <span class='ocrx_word' id='word_1_272' title='bbox 1362 3104 1471 3166; x_wconf 91' lang='lat' dir='ltr'><strong>bouum</strong></span> <span class='ocrx_word' id='word_1_273' title='bbox 1491 3102 1590 3164; x_wconf 88' lang='lat' dir='ltr'><strong>visum</strong></span> <span class='ocrx_word' id='word_1_274' title='bbox 1616 3112 1680 3181; x_wconf 88' lang='lat' dir='ltr'><strong>est,</strong></span> <span class='ocrx_word' id='word_1_275' title='bbox 1703 3104 1822 3168; x_wconf 60' lang='lat' dir='ltr'><strong>diserti</strong></span> 
     </span>
     <span class='ocr_line' id='line_1_29' title="bbox 429 3173 1820 3276; baseline 0.002 -21"><span class='ocrx_word' id='word_1_276' title='bbox 429 3189 438 3200; x_wconf 81' lang='grc'><em>”</em></span> <span class='ocrx_word' id='word_1_277' title='bbox 469 3191 571 3256; x_wconf 81' lang='lat' dir='ltr'><strong>verbis</strong></span> <span class='ocrx_word' id='word_1_278' title='bbox 593 3177 729 3257; x_wconf 78' lang='lat' dir='ltr'><strong>bominac</strong></span> <span class='ocrx_word' id='word_1_279' title='bbox 744 3194 885 3276; x_wconf 85' lang='lat' dir='ltr'><strong>q-iuotidie</strong></span> <span class='ocrx_word' id='word_1_280' title='bbox 907 3193 1029 3275; x_wconf 85' lang='lat' dir='ltr'><strong>alloqui,</strong></span> <span class='ocrx_word' id='word_1_281' title='bbox 1052 3192 1232 3274; x_wconf 86' lang='lat' dir='ltr'><strong>praesertim</strong></span> <span class='ocrx_word' id='word_1_282' title='bbox 1251 3192 1396 3255; x_wconf 85' lang='lat' dir='ltr'><strong>derebus</strong></span> <span class='ocrx_word' id='word_1_283' title='bbox 1414 3173 1604 3255; x_wconf 81' lang='lat' dir='ltr'><strong>naturalibtis</strong></span> <span class='ocrx_word' id='word_1_284' title='bbox 1626 3201 1664 3256; x_wconf 89' lang='grc' dir='ltr'><strong>ιι</strong></span> <span class='ocrx_word' id='word_1_285' title='bbox 1686 3194 1820 3276; x_wconf 75' lang='lat' dir='ltr'><strong>adhujus</strong></span> 
     </span>
     <span class='ocr_line' id='line_1_30' title="bbox 468 3279 1820 3365; baseline 0.001 -21"><span class='ocrx_word' id='word_1_286' title='bbox 468 3282 551 3346; x_wconf 81' lang='lat' dir='ltr'><strong>ritae</strong></span> <span class='ocrx_word' id='word_1_287' title='bbox 580 3281 831 3346; x_wconf 72' lang='lat' dir='ltr'><strong>matentdtiouem</strong></span> <span class='ocrx_word' id='word_1_288' title='bbox 859 3279 1096 3364; x_wconf 79' lang='lat' dir='ltr'><strong>pertinentibus3</strong></span> <span class='ocrx_word' id='word_1_289' title='bbox 1135 3282 1229 3344; x_wconf 88' lang='lat' dir='ltr'><strong>utitur</strong></span> <span class='ocrx_word' id='word_1_290' title='bbox 1257 3281 1310 3344; x_wconf 92' lang='lat' dir='ltr'><strong>ille</strong></span> <span class='ocrx_word' id='word_1_291' title='bbox 1340 3281 1400 3343; x_wconf 88' lang='lat' dir='ltr'><strong>alio</strong></span> <span class='ocrx_word' id='word_1_292' title='bbox 1431 3281 1598 3344; x_wconf 87' lang='lat' dir='ltr'><strong>sermonis</strong></span> <span class='ocrx_word' id='word_1_293' title='bbox 1607 3301 1743 3362; x_wconf 90' lang='lat' dir='ltr'><strong>genere,</strong></span> <span class='ocrx_word' id='word_1_294' title='bbox 1774 3301 1820 3365; x_wconf 79' lang='lat' dir='ltr'><strong>pes</strong></span> 
     </span>
     <span class='ocr_line' id='line_1_31' title="bbox 470 3369 1819 3452; baseline 0 -16"><span class='ocrx_word' id='word_1_295' title='bbox 470 3389 589 3436; x_wconf 87' lang='lat' dir='ltr'><strong>cursum</strong></span> <span class='ocrx_word' id='word_1_296' title='bbox 611 3379 737 3435; x_wconf 85' lang='lat' dir='ltr'><strong>naturae</strong></span> <span class='ocrx_word' id='word_1_297' title='bbox 760 3380 792 3434; x_wconf 91' lang='lat' dir='ltr'><strong>et</strong></span> <span class='ocrx_word' id='word_1_298' title='bbox 812 3380 925 3434; x_wconf 85' lang='lat' dir='ltr'><strong>motum</strong></span> <span class='ocrx_word' id='word_1_299' title='bbox 942 3389 1116 3452; x_wconf 66' lang='lat' dir='ltr'><strong>corporum</strong></span> <span class='ocrx_word' id='word_1_300' title='bbox 1139 3370 1200 3433; x_wconf 93' lang='lat' dir='ltr'><strong>alio</strong></span> <span class='ocrx_word' id='word_1_301' title='bbox 1223 3369 1389 3452; x_wconf 86' lang='lat' dir='ltr'><strong>scripturae</strong></span> <span class='ocrx_word' id='word_1_302' title='bbox 1411 3387 1531 3450; x_wconf 88' lang='lat' dir='ltr'><strong>genere,</strong></span> <span class='ocrx_word' id='word_1_303' title='bbox 1553 3389 1635 3452; x_wconf 88' lang='lat' dir='ltr'><strong>quae</strong></span> <span class='ocrx_word' id='word_1_304' title='bbox 1655 3371 1752 3435; x_wconf 89' lang='lat' dir='ltr'><strong>habet</strong></span> <span class='ocrx_word' id='word_1_305' title='bbox 1767 3391 1819 3435; x_wconf 87' lang='lat' dir='ltr'><strong>nos</strong></span> 
     </span>
     <span class='ocr_line' id='line_1_32' title="bbox 467 3460 1816 3543; baseline 0 -20"><span class='ocrx_word' id='word_1_306' title='bbox 467 3460 594 3524; x_wconf 87' lang='lat' dir='ltr'><strong>miniata</strong></span> <span class='ocrx_word' id='word_1_307' title='bbox 615 3461 664 3523; x_wconf 86' lang='lat' dir='ltr'><strong>vel</strong></span> <span class='ocrx_word' id='word_1_308' title='bbox 680 3468 789 3523; x_wconf 89' lang='lat' dir='ltr'><strong>&#39;atrata</strong></span> <span class='ocrx_word' id='word_1_309' title='bbox 811 3462 959 3523; x_wconf 77' lang='lat' dir='ltr'><strong>elementa</strong></span> <span class='ocrx_word' id='word_1_310' title='bbox 982 3460 1089 3539; x_wconf 89' lang='lat' dir='ltr'><strong>viginti</strong></span> <span class='ocrx_word' id='word_1_311' title='bbox 1111 3460 1187 3536; x_wconf 89' lang='lat' dir='ltr'><strong>tria,</strong></span> <span class='ocrx_word' id='word_1_312' title='bbox 1221 3460 1276 3521; x_wconf 86' lang='lat' dir='ltr'><strong>sed</strong></span> <span class='ocrx_word' id='word_1_313' title='bbox 1307 3460 1374 3540; x_wconf 86' lang='lat' dir='ltr'><strong>ipsa</strong></span> <span class='ocrx_word' id='word_1_314' title='bbox 1404 3478 1516 3539; x_wconf 90' lang='lat' dir='ltr'><strong>magna</strong></span> <span class='ocrx_word' id='word_1_315' title='bbox 1544 3461 1650 3524; x_wconf 91' lang='lat' dir='ltr'><strong>muudi</strong></span> <span class='ocrx_word' id='word_1_316' title='bbox 1684 3480 1816 3543; x_wconf 85' lang='lat' dir='ltr'><strong>corpora,</strong></span> 
     </span>
     <span class='ocr_line' id='line_1_33' title="bbox 416 3548 1816 3638; baseline -0.001 -24"><span class='ocrx_word' id='word_1_317' title='bbox 416 3565 424 3587; x_wconf 74' lang='lat'>⁸</span> <span class='ocrx_word' id='word_1_318' title='bbox 468 3570 561 3633; x_wconf 91' lang='lat' dir='ltr'><strong>opera</strong></span> <span class='ocrx_word' id='word_1_319' title='bbox 583 3550 744 3628; x_wconf 77' lang='lat' dir='ltr'><strong>digitorum</strong></span> <span class='ocrx_word' id='word_1_320' title='bbox 767 3552 841 3631; x_wconf 87' lang='lat' dir='ltr'><strong>ejus.</strong></span> <span class='ocrx_word' id='word_1_321' title='bbox 888 3549 941 3612; x_wconf 87' lang='lat' dir='ltr'><strong>Sic</strong></span> <span class='ocrx_word' id='word_1_322' title='bbox 963 3548 1114 3638; x_wconf 84' lang='lat' dir='ltr'><strong>hominem</strong></span> <span class='ocrx_word' id='word_1_323' title='bbox 1137 3549 1239 3611; x_wconf 92' lang='lat' dir='ltr'><strong>docuit</strong></span> <span class='ocrx_word' id='word_1_324' title='bbox 1261 3569 1294 3610; x_wconf 87' lang='lat' dir='ltr'><strong>se</strong></span> <span class='ocrx_word' id='word_1_325' title='bbox 1320 3550 1417 3629; x_wconf 92' lang='lat' dir='ltr'><strong>ipsum</strong></span> <span class='ocrx_word' id='word_1_326' title='bbox 1439 3548 1564 3624; x_wconf 90' lang='lat' dir='ltr'><strong>munire,</strong></span> <span class='ocrx_word' id='word_1_327' title='bbox 1589 3551 1728 3626; x_wconf 83' lang='lat' dir='ltr'><strong>vestire,</strong></span> <span class='ocrx_word' id='word_1_328' title='bbox 1752 3570 1816 3613; x_wconf 90' lang='lat' dir='ltr'><strong>suos</strong></span> 
     </span>
     <span class='ocr_line' id='line_1_34' title="bbox 469 3639 1820 3722; baseline 0.001 -20"><span class='ocrx_word' id='word_1_329' title='bbox 469 3641 568 3702; x_wconf 84' lang='lat' dir='ltr'><strong>loetus</strong></span> <span class='ocrx_word' id='word_1_330' title='bbox 591 3639 700 3702; x_wconf 88' lang='lat' dir='ltr'><strong>molles</strong></span> <span class='ocrx_word' id='word_1_331' title='bbox 723 3640 849 3702; x_wconf 86' lang='lat' dir='ltr'><strong>educare</strong></span> <span class='ocrx_word' id='word_1_332' title='bbox 871 3658 926 3722; x_wconf 92' lang='lat' dir='ltr'><strong>per</strong></span> <span class='ocrx_word' id='word_1_333' title='bbox 948 3640 1069 3717; x_wconf 88' lang='lat' dir='ltr'><strong>longum</strong></span> <span class='ocrx_word' id='word_1_334' title='bbox 1091 3645 1223 3719; x_wconf 85' lang='lat' dir='ltr'><strong>tempus,</strong></span> <span class='ocrx_word' id='word_1_335' title='bbox 1254 3646 1360 3700; x_wconf 82' lang='lat' dir='ltr'><strong>natare</strong></span> <span class='ocrx_word' id='word_1_336' title='bbox 1383 3646 1415 3700; x_wconf 89' lang='lat' dir='ltr'><strong>et</strong></span> <span class='ocrx_word' id='word_1_337' title='bbox 1436 3646 1554 3712; x_wconf 88' lang='lat' dir='ltr'><strong>cetera;</strong></span> <span class='ocrx_word' id='word_1_338' title='bbox 1584 3659 1648 3702; x_wconf 91' lang='lat' dir='ltr'><strong>nou</strong></span> <span class='ocrx_word' id='word_1_339' title='bbox 1678 3640 1820 3722; x_wconf 84' lang='lat' dir='ltr'><strong>magistet</strong></span> 
     </span>
     <span class='ocr_line' id='line_1_35' title="bbox 470 3727 1818 3816; baseline 0.001 -25"><span class='ocrx_word' id='word_1_340' title='bbox 470 3729 586 3793; x_wconf 89' lang='lat' dir='ltr'><strong>vocalis</strong></span> <span class='ocrx_word' id='word_1_341' title='bbox 609 3729 655 3791; x_wconf 93' lang='lat' dir='ltr'><strong>illi</strong></span> <span class='ocrx_word' id='word_1_342' title='bbox 678 3729 834 3816; x_wconf 70' lang='lat' dir='ltr'><strong>assidens,</strong></span> <span class='ocrx_word' id='word_1_343' title='bbox 850 3733 909 3794; x_wconf 87' lang='lat' dir='ltr'><strong>uon</strong></span> <span class='ocrx_word' id='word_1_344' title='bbox 932 3747 1025 3803; x_wconf 85' lang='lat' dir='ltr'><strong>arma,</strong></span> <span class='ocrx_word' id='word_1_345' title='bbox 1048 3735 1084 3789; x_wconf 92' lang='lat' dir='ltr'><strong>ut</strong></span> <span class='ocrx_word' id='word_1_346' title='bbox 1104 3728 1200 3789; x_wconf 85' lang='lat' dir='ltr'><strong>tauris</strong></span> <span class='ocrx_word' id='word_1_347' title='bbox 1223 3727 1370 3808; x_wconf 78' lang='lat' dir='ltr'><strong>stapris,</strong></span> <span class='ocrx_word' id='word_1_348' title='bbox 1393 3734 1497 3789; x_wconf 86' lang='lat' dir='ltr'><strong>vestes</strong></span> <span class='ocrx_word' id='word_1_349' title='bbox 1519 3735 1552 3788; x_wconf 92' lang='lat' dir='ltr'><strong>ut</strong></span> <span class='ocrx_word' id='word_1_350' title='bbox 1573 3729 1696 3805; x_wconf 88' lang='lat' dir='ltr'><strong>ovibus,</strong></span> <span class='ocrx_word' id='word_1_351' title='bbox 1723 3730 1818 3793; x_wconf 84' lang='lat' dir='ltr'><strong>inces-</strong></span> 
     </span>
     <span class='ocr_line' id='line_1_36' title="bbox 471 3811 1819 3898; baseline 0.001 -16"><span class='ocrx_word' id='word_1_352' title='bbox 471 3837 536 3882; x_wconf 92' lang='lat' dir='ltr'><strong>sum</strong></span> <span class='ocrx_word' id='word_1_353' title='bbox 560 3826 592 3881; x_wconf 91' lang='lat' dir='ltr'><strong>et</strong></span> <span class='ocrx_word' id='word_1_354' title='bbox 613 3819 808 3893; x_wconf 85' lang='lat' dir='ltr'><strong>natatiouem,</strong></span> <span class='ocrx_word' id='word_1_355' title='bbox 832 3826 866 3880; x_wconf 92' lang='lat' dir='ltr'><strong>ut</strong></span> <span class='ocrx_word' id='word_1_356' title='bbox 889 3811 1048 3898; x_wconf 80' lang='lat' dir='ltr'><strong>pecoribus</strong></span> <span class='ocrx_word' id='word_1_357' title='bbox 1070 3834 1146 3897; x_wconf 91' lang='lat' dir='ltr'><strong>peue</strong></span> <span class='ocrx_word' id='word_1_358' title='bbox 1170 3816 1305 3879; x_wconf 90' lang='lat' dir='ltr'><strong>omnibus</strong></span> <span class='ocrx_word' id='word_1_359' title='bbox 1328 3817 1397 3879; x_wconf 90' lang='lat' dir='ltr'><strong>inde</strong></span> <span class='ocrx_word' id='word_1_360' title='bbox 1420 3816 1556 3897; x_wconf 87' lang='lat' dir='ltr'><strong>aprime</strong></span> <span class='ocrx_word' id='word_1_361' title='bbox 1580 3826 1653 3880; x_wconf 90' lang='lat' dir='ltr'><strong>ortu</strong></span> <span class='ocrx_word' id='word_1_362' title='bbox 1677 3819 1819 3892; x_wconf 89' lang='lat' dir='ltr'><strong>tribuens,</strong></span> 
     </span>
     <span class='ocr_line' id='line_1_37' title="bbox 405 3899 1818 3990; baseline 0.001 -20"><span class='ocrx_word' id='word_1_363' title='bbox 405 3947 408 3952; x_wconf 91' lang='lat'><em>-</em></span> <span class='ocrx_word' id='word_1_364' title='bbox 472 3910 527 3970; x_wconf 90' lang='lat' dir='ltr'><strong>aed</strong></span> <span class='ocrx_word' id='word_1_365' title='bbox 549 3928 656 3972; x_wconf 88' lang='lat' dir='ltr'><strong>manus</strong></span> <span class='ocrx_word' id='word_1_366' title='bbox 679 3909 706 3971; x_wconf 92' lang='lat' dir='ltr'><strong>ei</strong></span> <span class='ocrx_word' id='word_1_367' title='bbox 729 3909 804 3969; x_wconf 90' lang='lat' dir='ltr'><strong>daus</strong></span> <span class='ocrx_word' id='word_1_368' title='bbox 823 3915 855 3969; x_wconf 91' lang='lat' dir='ltr'><strong>et</strong></span> <span class='ocrx_word' id='word_1_369' title='bbox 876 3906 1136 3969; x_wconf 85' lang='lat' dir='ltr'><strong>ratiocinationem</strong></span> <span class='ocrx_word' id='word_1_370' title='bbox 1159 3914 1191 3966; x_wconf 87' lang='lat' dir='ltr'><strong>et</strong></span> <span class='ocrx_word' id='word_1_371' title='bbox 1213 3906 1351 3968; x_wconf 87' lang='lat' dir='ltr'><strong>affectum</strong></span> <span class='ocrx_word' id='word_1_372' title='bbox 1380 3906 1499 3988; x_wconf 70' lang='lat' dir='ltr'><strong>amoris=</strong></span> <span class='ocrx_word' id='word_1_373' title='bbox 1520 3904 1682 3970; x_wconf 87' lang='lat' dir='ltr'><strong>instillans</strong></span> <span class='ocrx_word' id='word_1_374' title='bbox 1712 3899 1818 3990; x_wconf 84' lang='lat' dir='ltr'><strong>paren·</strong></span> 
     </span>
     <span class='ocr_line' id='line_1_38' title="bbox 381 3994 1818 4080; baseline -0.001 -19"><span class='ocrx_word' id='word_1_375' title='bbox 381 4049 384 4054; x_wconf 74' lang='grc'>,</span> <span class='ocrx_word' id='word_1_376' title='bbox 471 3998 568 4073; x_wconf 90' lang='lat' dir='ltr'><strong>tibus,</strong></span> <span class='ocrx_word' id='word_1_377' title='bbox 600 4006 634 4059; x_wconf 88' lang='lat' dir='ltr'><strong>ut</strong></span> <span class='ocrx_word' id='word_1_378' title='bbox 662 3997 700 4059; x_wconf 92' lang='lat' dir='ltr'><strong>iis</strong></span> <span class='ocrx_word' id='word_1_379' title='bbox 729 3996 833 4078; x_wconf 88' lang='lat' dir='ltr'><strong>paucis</strong></span> <span class='ocrx_word' id='word_1_380' title='bbox 861 3996 928 4057; x_wconf 88' lang='lat' dir='ltr'><strong>vice</strong></span> <span class='ocrx_word' id='word_1_381' title='bbox 957 3996 1087 4058; x_wconf 88' lang='lat' dir='ltr'><strong>omnium</strong></span> <span class='ocrx_word' id='word_1_382' title='bbox 1108 3994 1327 4075; x_wconf 88' lang='lat' dir='ltr'><strong>praesidiorum</strong></span> <span class='ocrx_word' id='word_1_383' title='bbox 1349 4003 1512 4080; x_wconf 74' lang='lat' dir='ltr'><strong>uterentur.</strong></span> <span class='ocrx_word' id='word_1_384' title='bbox 1559 3995 1614 4058; x_wconf 89' lang='lat' dir='ltr'><strong>Sic</strong></span> <span class='ocrx_word' id='word_1_385' title='bbox 1638 3998 1818 4077; x_wconf 85' lang='lat' dir='ltr'><strong>persuadere</strong></span> 
     </span>
     <span class='ocr_line' id='line_1_39' title="bbox 470 4084 1818 4162; baseline 0.003 -15"><span class='ocrx_word' id='word_1_386' title='bbox 470 4086 576 4150; x_wconf 85' lang='lat' dir='ltr'><strong>volens</strong></span> <span class='ocrx_word' id='word_1_387' title='bbox 599 4086 767 4149; x_wconf 88' lang='lat' dir='ltr'><strong>homiuibus</strong></span> <span class='ocrx_word' id='word_1_388' title='bbox 790 4084 1019 4159; x_wconf 86' lang='lat' dir='ltr'><strong>astronomiam,</strong></span> <span class='ocrx_word' id='word_1_389' title='bbox 1046 4103 1106 4146; x_wconf 91' lang='lat' dir='ltr'><strong>uon</strong></span> <span class='ocrx_word' id='word_1_390' title='bbox 1129 4104 1201 4146; x_wconf 88' lang='lat' dir='ltr'><strong>usus</strong></span> <span class='ocrx_word' id='word_1_391' title='bbox 1224 4091 1273 4145; x_wconf 91' lang='lat' dir='ltr'><strong>est</strong></span> <span class='ocrx_word' id='word_1_392' title='bbox 1294 4084 1395 4146; x_wconf 88' lang='lat' dir='ltr'><strong>verbis</strong></span> <span class='ocrx_word' id='word_1_393' title='bbox 1418 4084 1665 4162; x_wconf 84' lang='lat' dir='ltr'><strong>transeuntibus,</strong></span> <span class='ocrx_word' id='word_1_394' title='bbox 1691 4088 1748 4150; x_wconf 85' lang='lat' dir='ltr'><strong>sed</strong></span> <span class='ocrx_word' id='word_1_395' title='bbox 1770 4107 1818 4150; x_wconf 88' lang='grc' dir='ltr'><strong>ιι-</strong></span> 
     </span>
     <span class='ocr_line' id='line_1_40' title="bbox 468 4171 1819 4262; baseline 0.002 -24"><span class='ocrx_word' id='word_1_396' title='bbox 468 4176 583 4257; x_wconf 89' lang='lat' dir='ltr'><strong>pressit</strong></span> <span class='ocrx_word' id='word_1_397' title='bbox 607 4176 685 4239; x_wconf 90' lang='lat' dir='ltr'><strong>hanc</strong></span> <span class='ocrx_word' id='word_1_398' title='bbox 713 4194 816 4238; x_wconf 89' lang='lat' dir='ltr'><strong>vocem</strong></span> <span class='ocrx_word' id='word_1_399' title='bbox 846 4175 876 4237; x_wconf 93' lang='lat' dir='ltr'><strong>iu</strong></span> <span class='ocrx_word' id='word_1_400' title='bbox 906 4181 1014 4262; x_wconf 80' lang='lat' dir='ltr'><strong>natura</strong></span> <span class='ocrx_word' id='word_1_401' title='bbox 1044 4180 1076 4234; x_wconf 90' lang='lat' dir='ltr'><strong>et</strong></span> <span class='ocrx_word' id='word_1_402' title='bbox 1104 4172 1392 4236; x_wconf 83' lang='lat' dir='ltr'><strong>commensuratione</strong></span> <span class='ocrx_word' id='word_1_403' title='bbox 1427 4171 1622 4248; x_wconf 86' lang='lat' dir='ltr'><strong>coelestium,</strong></span> <span class='ocrx_word' id='word_1_404' title='bbox 1640 4176 1819 4256; x_wconf 75' lang='lat' dir='ltr'><strong>&#39;geometris</strong></span> 
     </span>
     <span class='ocr_line' id='line_1_41' title="bbox 467 4262 1818 4347; baseline 0.001 -21"><span class='ocrx_word' id='word_1_405' title='bbox 467 4264 713 4347; x_wconf 86' lang='lat' dir='ltr'><strong>participantium</strong></span> <span class='ocrx_word' id='word_1_406' title='bbox 734 4284 802 4328; x_wconf 92' lang='lat' dir='ltr'><strong>cum</strong></span> <span class='ocrx_word' id='word_1_407' title='bbox 822 4265 953 4327; x_wconf 85' lang='lat' dir='ltr'><strong>humana</strong></span> <span class='ocrx_word' id='word_1_408' title='bbox 974 4270 1084 4336; x_wconf 87' lang='lat' dir='ltr'><strong>mente,</strong></span> <span class='ocrx_word' id='word_1_409' title='bbox 1108 4272 1140 4324; x_wconf 89' lang='lat' dir='ltr'><strong>et</strong></span> <span class='ocrx_word' id='word_1_410' title='bbox 1155 4262 1351 4338; x_wconf 87' lang='lat' dir='ltr'><strong>institutione</strong></span> <span class='ocrx_word' id='word_1_411' title='bbox 1374 4263 1544 4324; x_wconf 86' lang='lat' dir='ltr'><strong>umbrarum</strong></span> <span class='ocrx_word' id='word_1_412' title='bbox 1567 4262 1678 4327; x_wconf 89' lang='lat' dir='ltr'><strong>Lunae</strong></span> <span class='ocrx_word' id='word_1_413' title='bbox 1703 4277 1738 4329; x_wconf 85' lang='lat' dir='ltr'><strong>et</strong></span> <span class='ocrx_word' id='word_1_414' title='bbox 1752 4266 1818 4330; x_wconf 84' lang='lat' dir='ltr'><strong>Tel·</strong></span> 
     </span>
     <span class='ocr_line' id='line_1_42' title="bbox 469 4349 1817 4434; baseline 0.001 -17"><span class='ocrx_word' id='word_1_415' title='bbox 469 4353 555 4418; x_wconf 84' lang='lat' dir='ltr'><strong>luris.</strong></span> <span class='ocrx_word' id='word_1_416' title='bbox 600 4354 715 4417; x_wconf 82' lang='lat' dir='ltr'><strong>Eodem</strong></span> <span class='ocrx_word' id='word_1_417' title='bbox 737 4354 829 4434; x_wconf 87' lang='lat' dir='ltr'><strong>igitur</strong></span> <span class='ocrx_word' id='word_1_418' title='bbox 851 4351 977 4415; x_wconf 89' lang='lat' dir='ltr'><strong>consilio</strong></span> <span class='ocrx_word' id='word_1_419' title='bbox 999 4353 1083 4414; x_wconf 89' lang='lat' dir='ltr'><strong>Deus</strong></span> <span class='ocrx_word' id='word_1_420' title='bbox 1106 4352 1165 4413; x_wconf 82' lang='lat' dir='ltr'><strong>iste</strong></span> <span class='ocrx_word' id='word_1_421' title='bbox 1189 4360 1292 4415; x_wconf 90' lang='lat' dir='ltr'><strong>noster</strong></span> <span class='ocrx_word' id='word_1_422' title='bbox 1315 4349 1606 4414; x_wconf 73' lang='lat' dir='ltr'><strong>commonefaceremus</strong></span> <span class='ocrx_word' id='word_1_423' title='bbox 1635 4373 1697 4418; x_wconf 90' lang='lat' dir='ltr'><strong>uos</strong></span> <span class='ocrx_word' id='word_1_424' title='bbox 1726 4356 1764 4418; x_wconf 88' lang='lat' dir='ltr'><strong>de</strong></span> <span class='ocrx_word' id='word_1_425' title='bbox 1790 4374 1817 4418; x_wconf 85' lang='lat' dir='ltr'><strong>rc</strong></span> 
     </span>
     <span class='ocr_line' id='line_1_43' title="bbox 468 4440 1816 4526; baseline 0.001 -21"><span class='ocrx_word' id='word_1_426' title='bbox 468 4444 579 4526; x_wconf 82' lang='lat' dir='ltr'><strong>aliqua,</strong></span> <span class='ocrx_word' id='word_1_427' title='bbox 601 4442 712 4525; x_wconf 89' lang='lat' dir='ltr'><strong>potius·</strong></span> <span class='ocrx_word' id='word_1_428' title='bbox 726 4443 880 4523; x_wconf 89' lang='lat' dir='ltr'><strong>allegoriis</strong></span> <span class='ocrx_word' id='word_1_429' title='bbox 902 4440 947 4503; x_wconf 89' lang='lat' dir='ltr'><strong>uti</strong></span> <span class='ocrx_word' id='word_1_430' title='bbox 969 4441 1116 4516; x_wconf 87' lang='lat' dir='ltr'><strong>creditur,</strong></span> <span class='ocrx_word' id='word_1_431' title='bbox 1140 4460 1229 4522; x_wconf 88' lang='lat' dir='ltr'><strong>quam</strong></span> <span class='ocrx_word' id='word_1_432' title='bbox 1252 4440 1404 4520; x_wconf 82' lang='lat' dir='ltr'><strong>expressis</strong></span> <span class='ocrx_word' id='word_1_433' title='bbox 1426 4441 1542 4518; x_wconf 84' lang='lat' dir='ltr'><strong>verbis,</strong></span> <span class='ocrx_word' id='word_1_434' title='bbox 1567 4450 1604 4505; x_wconf 91' lang='lat' dir='ltr'><strong>ut</strong></span> <span class='ocrx_word' id='word_1_435' title='bbox 1626 4444 1816 4510; x_wconf 89' lang='lat' dir='ltr'><strong>homiuesiu</strong></span> 
     </span>
     <span class='ocr_line' id='line_1_44' title="bbox 467 4530 1399 4615; baseline -0.004 -19"><span class='ocrx_word' id='word_1_436' title='bbox 467 4534 516 4597; x_wconf 90' lang='lat' dir='ltr'><strong>his</strong></span> <span class='ocrx_word' id='word_1_437' title='bbox 538 4532 764 4612; x_wconf 88' lang='lat' dir='ltr'><strong>temporalibus,</strong></span> <span class='ocrx_word' id='word_1_438' title='bbox 788 4533 865 4615; x_wconf 94' lang='lat' dir='ltr'><strong>quod</strong></span> <span class='ocrx_word' id='word_1_439' title='bbox 888 4538 938 4593; x_wconf 89' lang='lat' dir='ltr'><strong>est</strong></span> <span class='ocrx_word' id='word_1_440' title='bbox 959 4531 1114 4612; x_wconf 91' lang='lat' dir='ltr'><strong>reliquum,</strong></span> <span class='ocrx_word' id='word_1_441' title='bbox 1138 4530 1175 4591; x_wconf 88' lang='lat' dir='ltr'><strong>de</strong></span> <span class='ocrx_word' id='word_1_442' title='bbox 1199 4549 1253 4592; x_wconf 92' lang='lat' dir='ltr'><strong>suo</strong></span> <span class='ocrx_word' id='word_1_443' title='bbox 1276 4531 1399 4593; x_wconf 81' lang='lat' dir='ltr'><strong>addant</strong></span> 
     </span>
    </p>

    <p class='ocr_par' dir='ltr' id='par_1_15' title="bbox 388 4619 1816 4967">
     <span class='ocr_line' id='line_1_45' title="bbox 555 4619 1816 4723; baseline 0.003 -40"><span class='ocrx_word' id='word_1_444' title='bbox 555 4623 639 4684; x_wconf 85' lang='lat' dir='ltr'><strong>Haec</strong></span> <span class='ocrx_word' id='word_1_445' title='bbox 644 4621 753 4704; x_wconf 81' lang='lat' dir='ltr'><strong>igitur</strong></span> <span class='ocrx_word' id='word_1_446' title='bbox 775 4620 905 4683; x_wconf 89' lang='lat' dir='ltr'><strong>dicere</strong></span> <span class='ocrx_word' id='word_1_447' title='bbox 896 4641 923 4682; x_wconf 90' lang='lat' dir='ltr'><strong>rs</strong></span> <span class='ocrx_word' id='word_1_448' title='bbox 940 4629 1065 4723; x_wconf 85' lang='lat' dir='ltr'><strong>potest,</strong></span> <span class='ocrx_word' id='word_1_449' title='bbox 1088 4619 1137 4701; x_wconf 92' lang='lat' dir='ltr'><strong>qui</strong></span> <span class='ocrx_word' id='word_1_450' title='bbox 1162 4620 1347 4702; x_wconf 82' lang='lat' dir='ltr'><strong>somniorum</strong></span> <span class='ocrx_word' id='word_1_451' title='bbox 1367 4619 1565 4681; x_wconf 88' lang='lat' dir='ltr'><strong>immissorem</strong></span> <span class='ocrx_word' id='word_1_452' title='bbox 1588 4621 1816 4701; x_wconf 66' lang='lat' dir='ltr'><strong>portentatum·</strong></span> 
     </span>
     <span class='ocr_line' id='line_1_46' title="bbox 388 4702 1814 4794; baseline 0.001 -20"><span class='ocrx_word' id='word_1_453' title='bbox 388 4745 391 4757; x_wconf 93' lang='lat'>·</span> <span class='ocrx_word' id='word_1_454' title='bbox 466 4731 526 4794; x_wconf 78' lang='grc' dir='ltr'><strong>ιιι</strong></span> <span class='ocrx_word' id='word_1_455' title='bbox 548 4711 797 4774; x_wconf 81' lang='lat' dir='ltr'><strong>conformatorem</strong></span> <span class='ocrx_word' id='word_1_456' title='bbox 819 4711 947 4774; x_wconf 90' lang='lat' dir='ltr'><strong>Deum</strong></span> <span class='ocrx_word' id='word_1_457' title='bbox 938 4729 1037 4791; x_wconf 79' lang='lat' dir='ltr'><strong>ipsum</strong></span> <span class='ocrx_word' id='word_1_458' title='bbox 1059 4728 1128 4771; x_wconf 87' lang='lat' dir='ltr'><strong>esse</strong></span> <span class='ocrx_word' id='word_1_459' title='bbox 1151 4708 1313 4771; x_wconf 90' lang='lat' dir='ltr'><strong>contendit</strong></span> <span class='ocrx_word' id='word_1_460' title='bbox 1358 4707 1450 4771; x_wconf 81' lang='lat' dir='ltr'><strong>At</strong></span> <span class='ocrx_word' id='word_1_461' title='bbox 1426 4729 1451 4770; x_wconf 86' lang='grc' dir='ltr'><strong>ιι</strong></span> <span class='ocrx_word' id='word_1_462' title='bbox 1471 4702 1529 4770; x_wconf 89' lang='lat' dir='ltr'><strong>cni</strong></span> <span class='ocrx_word' id='word_1_463' title='bbox 1556 4708 1672 4788; x_wconf 85' lang='lat' dir='ltr'><strong>placet</strong></span> <span class='ocrx_word' id='word_1_464' title='bbox 1696 4712 1814 4794; x_wconf 82' lang='lat' dir='ltr'><strong>spiritus</strong></span> 
     </span>
     <span class='ocr_line' id='line_1_47' title="bbox 467 4798 1815 4882; baseline 0.001 -19"><span class='ocrx_word' id='word_1_465' title='bbox 467 4800 586 4882; x_wconf 84' lang='lat' dir='ltr'><strong>aliquis</strong></span> <span class='ocrx_word' id='word_1_466' title='bbox 599 4800 697 4881; x_wconf 86' lang='lat' dir='ltr'><strong>magis</strong></span> <span class='ocrx_word' id='word_1_467' title='bbox 720 4818 896 4882; x_wconf 88' lang='lat' dir='ltr'><strong>corporeus,</strong></span> <span class='ocrx_word' id='word_1_468' title='bbox 925 4798 1056 4861; x_wconf 87' lang='lat' dir='ltr'><strong>habet</strong></span> <span class='ocrx_word' id='word_1_469' title='bbox 1047 4820 1074 4861; x_wconf 89' lang='lat' dir='ltr'><strong>rs</strong></span> <span class='ocrx_word' id='word_1_470' title='bbox 1104 4799 1237 4860; x_wconf 90' lang='lat' dir='ltr'><strong>indidem</strong></span> <span class='ocrx_word' id='word_1_471' title='bbox 1264 4806 1470 4878; x_wconf 84' lang='lat' dir='ltr'><strong>argumentum</strong></span> <span class='ocrx_word' id='word_1_472' title='bbox 1490 4798 1626 4860; x_wconf 88' lang='lat' dir='ltr'><strong>tuendae</strong></span> <span class='ocrx_word' id='word_1_473' title='bbox 1650 4821 1730 4864; x_wconf 84' lang='lat' dir='ltr'><strong>suae</strong></span> <span class='ocrx_word' id='word_1_474' title='bbox 1752 4820 1815 4865; x_wconf 89' lang='grc' dir='ltr'>ιιι-</span> 
     </span>
     <span class='ocr_line' id='line_1_48' title="bbox 470 4886 1815 4967; baseline 0.002 -15"><span class='ocrx_word' id='word_1_475' title='bbox 470 4889 584 4952; x_wconf 84' lang='grc' dir='ltr'>ιιιιίιι</span> <span class='ocrx_word' id='word_1_476' title='bbox 607 4889 838 4958; x_wconf 90' lang='lat' dir='ltr'><strong>accommodum.</strong></span> <span class='ocrx_word' id='word_1_477' title='bbox 883 4888 976 4951; x_wconf 87' lang='lat' dir='ltr'><strong>Dicet</strong></span> <span class='ocrx_word' id='word_1_478' title='bbox 992 4887 1089 4961; x_wconf 86' lang='lat' dir='ltr'><strong>euim,</strong></span> <span class='ocrx_word' id='word_1_479' title='bbox 1119 4888 1198 4949; x_wconf 87' lang='lat' dir='ltr'><strong>hauc</strong></span> <span class='ocrx_word' id='word_1_480' title='bbox 1225 4886 1439 4949; x_wconf 84' lang='lat' dir='ltr'><strong>obscuritatem</strong></span> <span class='ocrx_word' id='word_1_481' title='bbox 1469 4886 1589 4967; x_wconf 82' lang='lat' dir='ltr'><strong>signum</strong></span> <span class='ocrx_word' id='word_1_482' title='bbox 1620 4907 1695 4953; x_wconf 86' lang='lat' dir='ltr'><strong>esse</strong></span> <span class='ocrx_word' id='word_1_483' title='bbox 1718 4889 1815 4954; x_wconf 79' lang='lat' dir='ltr'><strong>terui-</strong></span> 
     </span>
    </p>
   </div>
   <div class='ocr_carea' id='block_1_15' title="bbox 335 4975 1814 5064">
    <p class='ocr_par' dir='ltr' id='par_1_16' title="bbox 335 4975 1814 5064">
     <span class='ocr_line' id='line_1_49' title="bbox 335 4975 1814 5064; baseline 0.001 -23"><span class='ocrx_word' id='word_1_484' title='bbox 335 5057 338 5063; x_wconf 25' lang='grc'>,</span> <span class='ocrx_word' id='word_1_485' title='bbox 468 4986 558 5042; x_wconf 78' lang='lat' dir='ltr'><strong>natae</strong></span> <span class='ocrx_word' id='word_1_486' title='bbox 579 4979 745 5060; x_wconf 86' lang='lat' dir='ltr'><strong>potentiae,</strong></span> <span class='ocrx_word' id='word_1_487' title='bbox 768 4979 846 5060; x_wconf 92' lang='lat' dir='ltr'><strong>quod</strong></span> <span class='ocrx_word' id='word_1_488' title='bbox 868 4986 1007 5040; x_wconf 85' lang='lat' dir='ltr'><strong>creatura</strong></span> <span class='ocrx_word' id='word_1_489' title='bbox 1029 4978 1099 5051; x_wconf 89' lang='lat' dir='ltr'><strong>ista,</strong></span> <span class='ocrx_word' id='word_1_490' title='bbox 1123 4977 1150 5039; x_wconf 89' lang='lat' dir='ltr'><strong>si</strong></span> <span class='ocrx_word' id='word_1_491' title='bbox 1172 4985 1288 5058; x_wconf 91' lang='lat' dir='ltr'><strong>posset,</strong></span> <span class='ocrx_word' id='word_1_492' title='bbox 1311 4975 1422 5058; x_wconf 86' lang='lat' dir='ltr'><strong>utique·</strong></span> <span class='ocrx_word' id='word_1_493' title='bbox 1436 4975 1587 5039; x_wconf 87' lang='lat' dir='ltr'><strong>interdum</strong></span> <span class='ocrx_word' id='word_1_494' title='bbox 1608 4978 1695 5043; x_wconf 81' lang='lat' dir='ltr'><strong>clare</strong></span> <span class='ocrx_word' id='word_1_495' title='bbox 1717 4982 1814 5064; x_wconf 84' lang='lat' dir='ltr'><strong>loque·</strong></span> 
     </span>
    </p>
   </div>
   <div class='ocr_carea' id='block_1_16' title="bbox 407 5065 1812 5238">
    <p class='ocr_par' dir='ltr' id='par_1_17' title="bbox 407 5065 1812 5238">
     <span class='ocr_line' id='line_1_50' title="bbox 467 5065 1812 5149; baseline 0.004 -19"><span class='ocrx_word' id='word_1_496' title='bbox 467 5076 565 5143; x_wconf 81' lang='lat' dir='ltr'><strong>retur,</strong></span> <span class='ocrx_word' id='word_1_497' title='bbox 595 5075 649 5130; x_wconf 88' lang='lat' dir='ltr'><strong>aut</strong></span> <span class='ocrx_word' id='word_1_498' title='bbox 674 5067 784 5140; x_wconf 68' lang='lat' dir='ltr'><strong>literas,</strong></span> <span class='ocrx_word' id='word_1_499' title='bbox 809 5066 957 5130; x_wconf 84' lang='lat' dir='ltr'><strong>dilucides</strong></span> <span class='ocrx_word' id='word_1_500' title='bbox 987 5067 1018 5129; x_wconf 92' lang='lat' dir='ltr'><strong>iu</strong></span> <span class='ocrx_word' id='word_1_501' title='bbox 1040 5067 1163 5129; x_wconf 89' lang='lat' dir='ltr'><strong>aethere</strong></span> <span class='ocrx_word' id='word_1_502' title='bbox 1186 5074 1340 5140; x_wconf 85' lang='lat' dir='ltr'><strong>exararet,</strong></span> <span class='ocrx_word' id='word_1_503' title='bbox 1368 5065 1474 5149; x_wconf 88' lang='lat' dir='ltr'><strong>quibus</strong></span> <span class='ocrx_word' id='word_1_504' title='bbox 1505 5065 1552 5140; x_wconf 92' lang='lat' dir='ltr'><strong>id,</strong></span> <span class='ocrx_word' id='word_1_505' title='bbox 1583 5070 1668 5149; x_wconf 92' lang='lat' dir='ltr'><strong>quod</strong></span> <span class='ocrx_word' id='word_1_506' title='bbox 1692 5090 1742 5134; x_wconf 88' lang='grc' dir='ltr'><strong>ιιι</strong></span> <span class='ocrx_word' id='word_1_507' title='bbox 1763 5075 1812 5140; x_wconf 73' lang='grc' dir='ltr'><strong>ιιι</strong></span> 
     </span>
     <span class='ocr_line' id='line_1_51' title="bbox 407 5155 1811 5238; baseline 0.005 -21"><span class='ocrx_word' id='word_1_508' title='bbox 407 5169 410 5176; x_wconf 93' lang='grc'><em>·</em></span> <span class='ocrx_word' id='word_1_509' title='bbox 468 5155 601 5219; x_wconf 82' lang='lat' dir='ltr'><strong>breviter</strong></span> <span class='ocrx_word' id='word_1_510' title='bbox 623 5164 655 5218; x_wconf 88' lang='lat' dir='ltr'><strong>et</strong></span> <span class='ocrx_word' id='word_1_511' title='bbox 676 5158 760 5237; x_wconf 88' lang='lat' dir='ltr'><strong>regio</strong></span> <span class='ocrx_word' id='word_1_512' title='bbox 783 5156 863 5238; x_wconf 81' lang='lat' dir='ltr'><strong>stylo</strong></span> <span class='ocrx_word' id='word_1_513' title='bbox 885 5156 1112 5235; x_wconf 84' lang='lat' dir='ltr'><strong>significaretur.</strong></span> <span class='ocrx_word' id='word_1_514' title='bbox 1158 5156 1246 5220; x_wconf 88' lang='lat' dir='ltr'><strong>Nunc</strong></span> <span class='ocrx_word' id='word_1_515' title='bbox 1268 5162 1369 5218; x_wconf 91' lang='lat' dir='ltr'><strong>autem</strong></span> <span class='ocrx_word' id='word_1_516' title='bbox 1387 5167 1458 5238; x_wconf 77' lang='lat' dir='ltr'><strong>&#39;pou</strong></span> <span class='ocrx_word' id='word_1_517' title='bbox 1484 5174 1578 5237; x_wconf 89' lang='lat' dir='ltr'><strong>posse</strong></span> <span class='ocrx_word' id='word_1_518' title='bbox 1610 5159 1694 5224; x_wconf 83' lang='lat' dir='ltr'><strong>hauc</strong></span> <span class='ocrx_word' id='word_1_519' title='bbox 1717 5159 1811 5224; x_wconf 84' lang='lat' dir='ltr'><strong>uobis-</strong></span> 
     </span>
    </p>
   </div>
   <div class='ocr_carea' id='block_1_17' title="bbox 0 0 2296 6192">
    <p class='ocr_par' dir='ltr' id='par_1_18' title="bbox 0 0 2296 6192">
     <span class='ocr_line' id='line_1_52' title="bbox 0 0 2296 6192; baseline 0 4"><span class='ocrx_word' id='word_1_520' title='bbox 0 0 2296 6192; x_wconf 95' lang='lat' dir='ltr'><strong> </strong></span> 
     </span>
    </p>
   </div>
  </div>
 </body>
</html>
