4584 6192
1081 636 1208 702 apum
1696 609 1698 616 ’
1751 626 1816 696 749

466 818 579 893 studet,
603 836 698 899 neque
721 816 753 880 in
766 809 951 899 privatorum
973 816 1103 896 gratiam
1126 815 1202 876 talia
1225 814 1386 876 scriberem
1402 833 1541 895 paterga,
1564 799 1688 915 quibus·
1694 810 1815 873 abster-

465 910 518 972 riti
539 916 576 969 et
593 907 758 970 abalienati
775 909 874 970 ceteri
898 907 1008 987 ipsum
1020 905 1147 968 forsitan
1170 928 1205 966 τι
1227 904 1309 983 ὅριοι
1331 903 1411 984 quud
1433 910 1531 966 tractu
1558 901 1691 965 universi
1717 898 1816 980 negli-

465 1005 550 1101 gant.
590 997 689 1069 Quam
705 1016 761 1077 ego
784 996 1091 1099 circumscriptionem
1104 994 1227 1057 maximi
1248 992 1383 1055 beneficii
1403 993 1470 1054 luco
1489 993 1608 1055 habeo:
1631 1010 1696 1054 cum
1709 997 1817 1053 certus

466 1088 534 1161 sim,
560 1086 586 1148 si
609 1086 682 1148 mihi
705 1086 797 1147 animi
820 1106 911 1148 sensa
943 1085 1081 1147 licuisset
1107 1084 1188 1166 typis
1218 1101 1393 1185 expromere
1424 1082 1518 1144 libere
1541 1089 1574 1143 et
1595 1088 1682 1143 extra
1704 1069 1817 1142 limites

466 1175 666 1257 professionis
682 1195 777 1250 meae,
800 1185 922 1256 propter
946 1174 1157 1254 cognationem
1179 1191 1279 1234 rerum
1293 1172 1324 1233 in
1336 1171 1474 1252 politiam
1490 1178 1522 1233 et
1533 1170 1681 1232 ecclesiae
1704 1175 1818 1231 statum

467 1283 641 1339 excurrere,
674 1265 774 1327 nullas
802 1265 893 1327 hodie
925 1272 1030 1344 partes
1060 1283 1127 1325 esse
1160 1269 1344 1343 pugnantes,
1375 1281 1451 1342 quas
1468 1261 1646 1341 ‚scriptione
1668 1278 1736 1329 mea
1757 1277 1817 1320 non

467 1353 574 1416 fuerim
598 1355 775 1428 offensurum
800 1353 918 1417 scillcet
942 1364 1057 1427 „iliacos
1079 1364 1154 1417 iutra
1175 1380 1267 1418 muros
1293 1367 1425 1432 peccatur
1444 1368 1474 1415 ιι
1493 1359 1601 1416 extra“
1634 1349 1699 1410 Nec
1717 1347 1817 1412 nullus

467 1451 535 1505 erat
547 1451 656 1517 metus,
671 1444 751 1505 idem
766 1443 840 1505 mihi
854 1452 1038 1519 eventurum,
1058 1443 1138 1525 quud
1153 1442 1243 1518 aliis3
1267 1442 1346 1546 qnod
1362 1448 1394 1503 et
1407 1440 1554 1514 Fabricio,
1571 1437 1656 1518 cujus
1674 1436 1818 1517 scriptum

468 1534 506 1594 de
519 1532 799 1635 significationibus
821 1533 911 1614 hujus
935 1534 1044 1595 stellae
1066 1532 1142 1594 nihil
1159 1532 1240 1594 aliud
1263 1530 1408 1605 continet,
1432 1549 1520 1611 quam
1539 1528 1678 1612 querelas
1700 1527 1737 1588 de
1754 1526 1822 1589 suis

467 1621 591 1695 vicinis,
623 1621 794 1708 opinionem
815 1623 853 1684 de
882 1630 964 1684 statu
993 1622 1114 1703 Imperii
1137 1630 1170 1683 et
1201 1620 1386 1683 desiderium
1411 1619 1563 1691 vindictae
1596 1624 1685 1699 atque
1715 1633 1818 1679 emen·

468 1710 613 1773 dationis.
660 1703 764 1791 Itaque
789 1712 833 1774 sic
861 1713 972 1778 format
1003 1733 1058 1773 sua
1087 1712 1219 1786 oracula,
1243 1723 1288 1772 ac
1303 1709 1330 1771 si
1352 1711 1390 1771 ab
1414 1729 1450 1771 eo
1479 1708 1658 1791 magistratu
1682 1701 1817 1785 subque

469 1800 547 1860 vivit
569 1800 733 1861 conductus
758 1809 841 1862 esset
864 1809 975 1876 orator,
998 1801 1110 1882 partim
1133 1802 1173 1863 ad
1192 1799 1350 1862 terrendos
1372 1799 1502 1863 rebelles
1526 1806 1557 1860 et
1544 1796 1671 1860 tmalos
1693 1794 1818 1868 vicinos,

466 1889 581 1969 partim
602 1890 641 1950 ad
666 1889 884 1953 conciliandum
907 1900 939 1954 et
961 1891 1153 1957 excitandum
1176 1889 1350 1955 Caesarem
1396 1888 1450 1952 Sic
1473 1886 1610 1952 crabbus
1632 1884 1734 1967 plane·
1744 1902 1820 1946 con·

467 1977 615 2040 siliarium
638 1977 711 2058 agit,
736 1981 899 2041 ostendens
922 2000 971 2043 res
997 1980 1180 2044 Christianis
1202 1978 1302 2059 perire
1322 1997 1377 2059 per
1399 1978 1569 2041 socordiam
1591 1984 1623 2039 ιι
1645 1969 1819 2060 somnolen-

466 2067 557 2141 tiam,
583 2068 769 2148 Turcamque
799 2070 918 2131 hostem
950 2071 1007 2132 hoc
1036 2077 1126 2150 pactu
1158 2068 1378 2130 convalescere.
1424 2068 1489 2129 Nec
1515 2061 1692 2147 perpendit,
1724 2081 1819 2145 quae-

469 2174 585 2238 cunque
608 2165 712 2217 narrat
735 2176 788 2219 seu
810 2178 883 2219 vera
907 2167 959 2220 s'eu
982 2160 1076 2232 falsa,
1101 2158 1215 2220 frustra
1238 2176 1271 2218 se
1294 2176 1436 2231 narrare3
1465 2176 1524 2218 non
1547 2155 1627 2230 enim
1649 2161 1736 2218 erant
1758 2152 1818 2213 ista

469 2245 697 2326 proponenda
690 2266 720 2306 ιι
742 2229 945 2327 prognostico,
970 2248 1050 2310 sed
1043 2268 1073 2308 m
1090 2267 1200 2309 arcano
1223 2244 1359 2317 consilio,
1384 2252 1436 2307 aut
1453 2246 1629 2319 tacendum3
1653 2245 1720 2306 crim
1742 2239 1818 2304 nihil

467 2334 532 2395 tale
555 2334 670 2395 coelum
694 2334 781 2396 nobis
805 2337 902 2409 dic-at,
933 2338 1111 2420 morborum·
1126 2356 1198 2398 vero
1223 2335 1337 2397 indices
1370 2332 1485 2417 se'mper
1516 2328 1618 2414 plures
1646 2332 1708 2394 sint
1730 2348 1819 2413 quam
1913 2343 1919 2355 '

467 2422 587 2485 medici.
633 2424 735 2505 Atque
758 2424 806 2486 his
829 2427 918 2488 iebus
940 2427 972 2489 hi
997 2446 1064 2488 sese
1088 2424 1254 2489 deridiculo
1277 2433 1429 2505 exponunt
1454 2424 1624 2486 multorum.
1670 2420 1817 2484 Salaber-

468 2512 575 2576 rimum
597 2512 698 2593 itaque
726 2514 885 2577 consilium
914 2516 986 2578 mihi
1010 2535 1075 2577 cum
1097 2511 1175 2578 haec
1197 2534 1265 2579 mea
1288 2514 1434 2589 conditio,
1463 2522 1526 2576 tum
1549 2513 1632 2575 Deus
1654 2510 1720 2593 ipse
1744 2528 1817 2589 sup·
1873 2544 1875 2547 ·

466 2600 616 2682 peditavit
639 2604 775 2682 exemplo
800 2605 862 2667 sui:
887 2607 937 2687 qui
960 2606 1100 2685 generale
1124 2606 1242 2709 signnm
1265 2603 1394 2667 omnium
1413 2601 1546 2684 partium
1567 2600 1661 2664 oculis
1684 2598 1819 2662 exhibuit

469 2691 682 2771 spectandum:
708 2700 742 2753 ut
764 2694 940 2765 admoneret
964 2695 1163 2775 singulos,1n
1179 2716 1211 2757 se
1231 2695 1447 2756 descenderent
1470 2710 1582 2773 suaque
1604 2690 1679 2752 vitia
1701 2687 1818 2750 exami-

469 2787 633 2840 narentet
656 2782 758 2861 cugnit
758 2782 785 2843 is
810 2784 872 2844 suis
900 2770 1051 2846 erroribus
1081 2785 1201 2866 suisque
1230 2767 1394 2846 sceleribus
1417 2783 1455 2843 ad
1478 2801 1580 2843 veram
1603 2776 1818 2860 poenitentiam

469 2876 723 2932 converterentur.
770 2871 911 2934 Imitatus
943 2881 992 2934 est
1021 2874 1078 2935 hoc
1110 2874 1190 2938 idem'
1222 2880 1256 2935 ιι
1286 2871 1446 2953 plurimum
1478 2881 1510 2933 et
1536 2871 1638 2953 Tychu
1669 2869 1816 2942 Brahens,

470 2956 557 3036 cnjus
580 2959 710 3039 vestigia
733 2960 804 3041 quid
827 2981 936 3023 causae
961 2962 1002 3024 sit
1024 2955 1105 3044 quin
1117 2983 1221 3044 presse
1246 2980 1456 3042 sequar..

557 3046 705 3110 Nimimm
735 3069 844 3129 magna
876 3059 924 3113 est
955 3051 1037 3131 vulgi
1068 3053 1188 3115 vanitas
1216 3060 1248 3113 et
1276 3048 1506 3132 perversissima
1535 3046 1735 3110 consuetudo.
1768 3046 1818 3127 qni

469 3144 610 3217 portento
634 3138 734 3219 aliquo
759 3138 902 3202 divinitus
931 3140 1063 3203 exhibito
1093 3142 1198 3203 statim
1212 3172 1216 3184 ·
1231 3141 1332 3203 oculos
1349 3147 1386 3202 -et
1409 3158 1498 3200 aures
1521 3139 1558 3200 ab
1582 3138 1636 3199 illu
1652 3133 1697 3197 'ad
1722 3136 1816 3197 iuter-

467 3233 586 3307 pretem
618 3246 729 3288 conver
730 3236 814 3303 t,nnt
844 3231 921 3291 hunc
949 3231 1047 3310 ipsdm
1068 3250 1122 3333 prq
1146 3251 1223 3293 novo
1246 3229 1394 3307 habentes
1424 3234 1581 3310 portento;
1614 3225 1736 3288 solliciti
1759 3243 1818 3285 nun

468 3314 577 3417 quibus
600 3326 648 3377 rat
636 3316 794 3379 tionibus
787 3339 813 3378 rs
831 3327 943 3394 utatur,
967 3319 1021 3381 sed
1041 3320 1160 3382 omnino
1185 3319 1325 3402 quidnam
1341 3320 1423 3381 dicat
1442 3326 1615 3380 eventurum
1630 3314 1819 3377 verissimum

469 3401 529 3485 ipsi
551 3412 737 3485 portentum
769 3407 819 3488 qui
843 3400 1033 3484 existimant,
1066 3411 1153 3472 unius
1185 3408 1399 3489 astrologastri
1428 3407 1528 3494 gratia
1551 3414 1583 3470 et
1605 3405 1643 3466 ad
1667 3421 1818 3467 common-

469 3491 588 3562 dandas
618 3495 683 3574 ejus
714 3496 887 3559 subitaneae
921 3498 1075 3577 opiniones
1105 3499 1260 3562 incensum
1289 3518 1356 3561 esse
1380 3519 1399 3559 a
1419 3499 1486 3562 Deo
1520 3496 1603 3558 sidus
1627 3494 1656 3555 ln
1685 3493 1817 3564 aethere.

468 3583 574 3662 Neque
597 3515 687 3645 haJec
695 3603 750 3665 ego
774 3587 865 3666 vulgo
888 3607 942 3668 per
970 3588 1149 3651 calumniam
1172 3590 1221 3651 vel
1244 3583 1520 3670 exaggerationem
1534 3584 1650 3647 tribuo:
1679 3601 1729 3644 res
1751 3581 1820 3663 ipsa

470 3678 528 3746 est,
552 3692 640 3752 qnam
663 3674 739 3736 dico.
785 3676 941 3757 Perpende
964 3697 1076 3758 quaese
1099 3677 1167 3759 quis
1189 3677 1280 3758 paulo
1303 3676 1482 3756 religiosior,
1505 3663 1595 3755 paulo
1618 3673 1656 3734 ad
1679 3670 1818 3733 humani-

470 3768 565 3824 tatem
588 3763 775 3843 propensior,
798 3785 858 3827 non
874 3766 912 3827 ad
929 3786 1032 3828 omnes
1055 3768 1202 3846 astrologi
1225 3785 1316 3828 voces
1331 3774 1473 3845 tanquam
1496 3764 1622 3825 totidem
1640 3762 1679 3822 ad
1698 3760 1820 3822 oracula

471 3849 607 3912 attentus
624 3860 690 3913 est:
716 3855 834 3916 omuiho
859 3855 939 3917 exist
941 3856 1037 3918 imaus
1061 3856 1180 3918 occulta
1194 3854 1252 3917 Dei
1276 3854 1474 3935 dispositione
1491 3851 1550 3914 dici
1564 3851 1685 3931 gerique
1702 3848 1817 3923 omnia;

472 3941 664 4022 quantumvis
689 3942 839 4023 intelligat
863 3945 906 4006 ιιι
893 3944 1060 4006 ιιοείιιιιιι
1075 3944 1377 4046 argumentationum,
1402 3941 1507 4023 quibus
1523 3942 1696 4019 astrologus
1714 3938 1817 4000 utitur.
1865 3939 1872 3953 “

468 4028 650 4107 Hujusmodi
672 4032 841 4094 hominibus
857 4035 939 4096 nulla
958 4054 1086 4115 uuquam
1102 4033 1266 4096 declaratio
1283 4033 1326 4095 rei
1343 4031 1459 4108 sufficit,
1482 4049 1557 4134 quae
1573 4030 1618 4091 int
1620 4048 1654 4090 ra
1676 4027 1819 4125 terminos
1937 4054 1941 4063 ·

470 4117 547 4179 artis
571 4120 735 4195 consistat3
761 4122 814 4183 sed
833 4123 994 4207 postulant
1015 4122 1053 4185 ab
1077 4125 1247 4204 astrologo,
1270 4132 1305 4185 nt
1326 4109 1432 4184 irltima
1454 4120 1560 4181 animi·
1569 4138 1671 4181 sensa
1680 4113 1735 4207 p‘er
1757 4115 1819 4179 cir-
1884 4168 1886 4180 .

470 4209 671 4272 cumstantias
688 4210 827 4282 locomm,
851 4221 1028 4293 temporum,
1049 4232 1255 4293 personamm,
1274 4208 1820 4314 religionumremmquepublicarqm

468 4295 636 4377 nudissime
661 4300 698 4362 ob
722 4300 873 4363 hominurn
897 4302 1000 4364 oculos
1022 4311 1135 4383 ponat;
1160 4302 1266 4383 quibus
1289 4302 1340 4364 ille
1363 4298 1421 4362 uisi
1443 4298 1585 4380 paruerit,
1610 4298 1666 4360 hoc
1690 4305 1740 4360 est
1760 4295 1820 4359 nisi

469 4386 556 4472 inept
543 4386 678 4450 tissimus
701 4390 872 4452 mortalium
895 4391 1023 4465 evadat,
1050 4392 1115 4471 jam
1137 4391 1240 4454 varias
1262 4391 1388 4453 incurrit
1409 4387 1674 4469 reprehensiones:
1706 4393 1820 4466 negant

433 4487 443 4504 ·
469 4475 570 4557 ipsum
594 4496 684 4557 agere
708 4480 843 4556 candide,
868 4480 1043 4543 insimulant
1064 4480 1246 4557 timiditatis,
1270 4478 1463 4553 adulationis,
1486 4477 1665 4539 delectionis
1687 4483 1718 4537 et
1736 4472 1818 4537 milla

469 4564 644 4643 criminum;
668 4587 762 4649 neque
786 4569 975 4651 distinguunt
997 4570 1075 4633 inter
1098 4571 1312 4633 astronomiam
1337 4576 1367 4630 et
1387 4566 1598 4647 astrologiam,
1623 4565 1682 4627 rati
1704 4564 1818 4625 nullam

470 4655 537 4737 fore
568 4658 770 4719 astronomiae
799 4658 978 4734 utilitatem,
1009 4660 1068 4723 nisi
1092 4680 1128 4721 ea
1155 4679 1208 4741 per
1238 4647 1446 4721 divinatricem
1475 4676 1541 4718 cnm
1571 4653 1703 4717 externis
1734 4651 1817 4714 hisce

470 4743 677 4807 circumstant
669 4746 707 4808 ris
730 4747 759 4808 in
782 4748 902 4830 publica
924 4750 1005 4811 vitae
1033 4749 1247 4812 consuetudine
1274 4745 1463 4809 versantibus
1486 4745 1531 4808 ita
1554 4743 1761 4816 confundatur,
1784 4748 1818 4802 ut

470 4832 568 4895 omnis
591 4834 672 4909 vita,
703 4856 805 4899 omnes
829 4838 921 4900 etiam
945 4837 1116 4900 levissimae
1146 4837 1297 4906 hominum
1325 4836 1460 4897 actiones
1484 4855 1522 4896 ιι
1545 4833 1629 4897 ιοιιο
1660 4839 1817 4894 ιιιιιιιιι

472 4931 506 4984 ιι
527 4922 781 5002 praedefiniantur
811 4934 979 4989 eventurae.
1026 4927 1068 4989 Iis
1092 4926 1183 5008 igitur
1205 4927 1262 4989 huc
1293 4944 1348 5006 ego
1378 4923 1578 4987 conclusionis
1607 4922 1674 4983 loco
1704 4920 1816 4982 dictum
1879 4973 1882 4979 .

471 5012 558 5087 volo,
587 5023 621 5076 ιι
643 5032 709 5092 curn
739 5016 913 5079 curiositate
942 5037 997 5078 sua
1023 5018 1062 5079 ad
1090 5012 1265 5098 prophetias
1287 5013 1437 5078 Juachimi
1459 5012 1590 5077 Abbatis
1607 5011 1646 5074 S.
1670 5009 1816 5091 Brigitae,

471 5102 596 5165 Merlini
620 5104 813 5186 etreliquas,
838 5106 933 5188 adque
957 5104 1100 5168 vaticinia
1116 5106 1243 5168 Antonii
1258 5104 1413 5186 Torquati,
1437 5101 1587 5176 (larionis,
1603 5098 1816 5181 Theophrasti,

471 5193 584 5255 Jacobi
614 5194 812 5271 Hartmanni,
836 5195 999 5270 Misucaci,
1033 5194 1150 5258 Sibaldi
1177 5194 1339 5270 Brandini,
1360 5192 1505 5267 Herlicii‚
1534 5190 1598 5273 qni*
1613 5209 1648 5252 os
1668 5208 1764 5276 ,sunm
1785 5188 1816 5249 in
