4584 6192
976 621 1137 672 Parentum
1669 616 1735 686 579

378 807 476 862 tatem
498 797 634 877 proxime
659 798 802 859 accedere
825 798 1007 860 videbantur
1033 798 1181 873 retentis,
1212 796 1344 877 reliquas
1376 796 1576 871 astrologicae
1604 795 1735 876 ineptiae

377 889 510 949 deletum
535 887 610 948 ibat.
656 886 741 946 Haec
772 887 798 947 si
827 895 933 947 teneas
963 897 1106 967 apparet,
1139 887 1248 960 credo,
1283 905 1336 947 cur
1368 884 1460 965 (Cap.
1487 884 1572 958 VII.)
1603 886 1735 948 scribere

376 975 526 1056 potuerit:
568 972 732 1049 „Quolibet
766 976 867 1036 seculo
900 976 960 1036 tria
992 976 1106 1037 zodiaci
1139 977 1245 1055 signa,
1279 974 1318 1034 ab
1351 975 1523 1036 auctoribus
1554 975 1611 1037 ouh
1644 993 1734 1036 uuum

377 1066 528 1143 trigonum
551 1064 684 1136 redacta,
710 1082 747 1123 ex
770 1063 1027 1142 conjunctionibus
1052 1066 1237 1144 superiorum
1259 1064 1447 1142 planetarum
1461 1063 1654 1143 praecipuam
1672 1063 1735 1126 vim

378 1153 570 1214 obtinentin
594 1153 808 1213 commovenda
832 1154 904 1223 (nou
929 1154 995 1214 dico
1019 1153 1049 1214 in
1073 1154 1224 1233 cogenda)
1257 1160 1365 1212 natura
1392 1171 1489 1213 rerum
1514 1152 1729 1215 sublunarium.

377 1240 476 1312 Quam
499 1241 683 1319 astrologiae
706 1250 824 1320 partem
847 1241 937 1303 Picus
961 1242 1033 1303 mihi
1057 1243 1188 1303 noudum
1216 1240 1344 1319 eripuit,
1374 1241 1431 1301 etsi
1456 1240 1623 1319 plerisque,
1658 1260 1733 1319 quas

377 1339 485 1392 contra
516 1331 686 1408 astrologos
720 1330 903 1409 disputavit,
936 1332 1035 1392 sobrie
1068 1340 1100 1392 et
1131 1329 1294 1391 secundum
1322 1329 1455 1390 valorem
1490 1337 1733 1407 argumentorum

377 1427 588 1499 usurpatorum
619 1418 782 1479 intellectis
815 1419 1003 1480 subscribo.“
1064 1420 1177 1480 Verum
1210 1417 1257 1478 his
1290 1418 1494 1496 comparanda
1526 1425 1616 1492 sunt,
1656 1437 1732 1497 quae

377 1507 471 1585 (Cap.
495 1508 588 1579 XII.)
612 1508 716 1567 affert:
744 1505 853 1581 „Quod
877 1508 1060 1587 astrologica
1084 1508 1205 1582 attinet,
1231 1507 1369 1586 equidem
1392 1507 1505 1578 fateor,
1532 1504 1627 1566 virum
1652 1506 1733 1567 illum

378 1594 578 1669 (Fabricium)
603 1595 775 1656 auctoritati
799 1604 933 1657 veterum
957 1604 988 1657 et
1011 1597 1169 1676 cupiditati
1196 1595 1435 1674 praedictionum
1458 1593 1567 1657 alicubi
1592 1612 1733 1655 succum-

377 1685 468 1758 bere,
501 1693 532 1745 et
565 1685 692 1763 quodam
723 1686 808 1764 quasi
838 1686 1043 1746 enthusiasmo
1074 1694 1196 1765 praeter
1219 1684 1367 1744 rationem
1397 1683 1507 1762 abripi:
1546 1700 1648 1743 verum
1671 1682 1735 1743 ista

377 1793 444 1834 cum
467 1773 582 1852 ingenti
611 1774 768 1835 doctorum
798 1773 927 1834 virorum
959 1776 1047 1835 turba
1080 1773 1247 1835 communia
1276 1772 1379 1833 habet.
1431 1770 1498 1842 Quo
1531 1772 1650 1832 nomine
1683 1771 1733 1832 rel

377 1863 442 1923 solo
480 1860 599 1923 veniam
633 1871 771 1923 meretur.
828 1860 908 1932 Quid
946 1863 1073 1941 ringeris
1111 1863 1271 1923 delicatule
1307 1861 1503 1940 philosophe,
1542 1860 1568 1921 si
1606 1868 1733 1921 matrem

376 1950 643 2030 sapientissimam,
667 1952 719 2011 sed
744 1970 918 2030 pauperem,
944 1952 1040 2012 stulta
1063 1952 1135 2025 filia,
1159 1952 1257 2031 qualis
1280 1949 1335 2011 tihi
1358 1950 1494 2022 videtur,
1529 1946 1645 2009 naeniis
1669 1948 1733 2009 suia

376 2046 531 2100 sustentat
554 2048 585 2100 et
609 2039 682 2100 alit?
728 2041 753 2100 si
781 2041 877 2101 locum
906 2041 1038 2101 debitum
1061 2040 1114 2101 illa
1137 2040 1215 2119 apud
1239 2037 1389 2100 hominum
1414 2047 1517 2099 coetus
1542 2038 1629 2116 longe
1653 2038 1734 2098 stul-

377 2127 513 2189 tissimos
538 2128 627 2189 aliter
650 2147 707 2189 uon
731 2130 857 2202 invenit,
882 2128 939 2190 nisi
963 2149 1017 2208 per
1038 2130 1125 2209 hujus
1150 2127 1353 2208 simplicitatis
1377 2125 1655 2188 intercessiones?“

467 2216 537 2278 Jam
561 2217 711 2296 Keplerus
735 2218 965 2296 interpretatur,
997 2236 1071 2297 quae
1103 2217 1142 2278 sit
1173 2218 1219 2277 vis
1242 2217 1325 2277 vocis
1349 2216 1427 2296 apud
1453 2216 1625 2293 astrologos
1649 2215 1731 2276 obti-

378 2306 489 2378 nentis,
515 2304 656 2383 trigoni
682 2306 781 2384 ignei
804 2306 1052 2386 periodorumque
1083 2308 1264 2368 ducenorum
1287 2312 1319 2365 et
1342 2315 1555 2383 octogonorum
1578 2323 1731 2365 annorum.

377 2393 428 2454 Ab
452 2392 524 2455 orbe
549 2394 670 2454 condito
701 2405 818 2473 septem
852 2395 997 2473 ejusmodi
1025 2415 1151 2475 magnas
1180 2393 1320 2473 periodos
1352 2394 1544 2473 ,reditusque
1570 2392 1649 2472 ignei
1673 2393 1732 2453 tri-

376 2482 469 2561 goni“
494 2482 643 2556 extitisse,
669 2483 804 2562 singulos
828 2502 961 2562 quosque
984 2485 1103 2563 maguis
1126 2503 1225 2547 rerum
1240 2482 1427 2544 terrestrium
1442 2483 1572 2542 motibus
1587 2481 1732 2560 insignes.

375 2571 424 2631 Ne
449 2579 550 2632 tamen
576 2590 706 2632 errorem
731 2580 875 2643 moveret,
900 2573 955 2632 hos
978 2592 1075 2634 rerum
1099 2571 1287 2635 terrestrium
1311 2577 1410 2631 motus
1440 2571 1518 2632 effici
1541 2572 1732 2649 planetarum

376 2658 598 2737 conjunctione,
623 2662 779 2738 profitetur
804 2660 879 2739 Cap.
905 2659 967 2724 28:
1001 2671 1119 2735 „metus
1144 2681 1190 2721 me
1215 2661 1307 2721 habet
1331 2658 1550 2720 incertitudinis
1579 2659 1609 2720 in
1633 2657 1731 2738 signi-

376 2748 567 2809 ficatiouibus
598 2750 791 2822 evolvendis,
827 2769 902 2828 quae
933 2758 1018 2811 tanto
1052 2759 1101 2811 est
1131 2750 1295 2829 insignior,
1331 2756 1441 2828 quanto
1476 2748 1592 2809 avidius
1623 2748 1732 2826 vulgus

375 2837 529 2912 hominum
566 2837 730 2899 futurorum
767 2837 964 2918 singularium
1000 2839 1157 2900 scientiam
1195 2838 1329 2917 expetit,
1373 2856 1461 2915 quam
1498 2836 1730 2917 philosophiam.

374 2926 493 2986 Verum
518 2925 586 3005 quia
609 2926 786 3004 imperfecta
817 2946 884 2987 esse
916 2935 1041 3006 putatur
1073 2927 1170 2988 omnis
1199 2926 1403 3005 hujuscemodi
1436 2925 1618 3005 descriptio,
1654 2943 1731 3005 quae

375 3033 435 3075 non
460 3014 489 3074 in
514 3014 783 3093 significationibus
808 3017 899 3076 etiam
925 3017 1118 3095 occupatur,“
1143 3015 1278 3077 vaticinii
1302 3014 1449 3094 ejusmodi
1473 3015 1639 3093 periculum
1663 3016 1731 3076 t'ae·

374 3113 472 3178 turus,
496 3103 572 3164 haee
596 3104 717 3181 adjicit:
751 3102 834 3166 Nihil
860 3124 927 3165 esse
951 3107 999 3167 vel
1023 3105 1086 3166 fieri
1110 3105 1138 3165 in
1164 3105 1247 3166 coelo
1272 3104 1397 3178 visibili,
1433 3104 1516 3182 cujus
1541 3122 1647 3163 sensus
1672 3122 1729 3165 uou

375 3191 496 3252 occulta
519 3191 788 3275 quadamretione
813 3192 842 3254 in
867 3194 976 3255 Terras
999 3195 1087 3274 inque
1113 3213 1216 3255 omnes
1241 3194 1403 3254 facultates
1427 3211 1525 3253 rerum
1550 3192 1730 3253 naturalium

374 3279 557 3359 porrigatur.
595 3281 727 3342 Primam
752 3291 783 3342 et
806 3283 934 3342 maxime
959 3284 1151 3363 conspicuam
1175 3302 1242 3343 esse
1267 3283 1443 3343 facultatem
1463 3281 1544 3342 illam
1559 3281 1728 3356 animalem,

374 3388 453 3449 quae
485 3369 574 3448 globo
606 3370 735 3431 Telluris
773 3371 950 3448 praesidens
984 3372 1080 3432 omnis
1117 3372 1236 3450 generis
1268 3380 1404 3431 meteora
1437 3371 1551 3449 gignat.
1611 3370 1730 3431 Deinde

374 3456 468 3537 (Cap.
493 3453 571 3531 29);
603 3458 646 3518 rei
671 3459 811 3531 naturali,
836 3460 933 3539 qualis
957 3460 998 3521 sit
1020 3460 1078 3521 iste
1103 3462 1218 3521 reditus
1243 3460 1445 3539 trigonorum,
1481 3478 1539 3519 non
1563 3459 1729 3520 adhaerere

373 3547 468 3607 ullam
491 3546 740 3624 significationem
764 3549 853 3609 ullius
876 3550 1162 3628 praeternaturalia,
1197 3550 1254 3609 nisi
1278 3551 1405 3610 accedat
1428 3550 1567 3609 voluntas
1591 3557 1621 3607 et
1645 3548 1728 3608 arbi-

372 3635 464 3695 trium
488 3636 570 3714 ejus,
595 3635 624 3696 in
648 3637 733 3713 eujus
756 3645 911 3715 potestate
935 3657 983 3698 res
1007 3638 1060 3698 illa
1078 3638 1347 3715 praeternaturalis
1383 3637 1424 3697 sit
1453 3636 1572 3714 posita,
1606 3641 1640 3696 ut
1662 3654 1728 3695 cunr

373 3723 449 3784 iride
463 3742 512 3783 res
527 3724 630 3786 habet.
670 3722 758 3794 Quod
782 3726 845 3804 ipse
870 3728 987 3800 statuit,
1012 3746 1108 3788 rernm
1133 3735 1270 3787 naturam
1288 3726 1477 3804 planetarum
1492 3723 1726 3801 configuratione

372 3811 520 3880 excitari,
549 3812 582 3872 id
613 3813 747 3874 defendit
770 3815 933 3893 exemplis,
969 3834 1005 3875 ex
1037 3817 1196 3876 recondita
1223 3823 1349 3875 naturae
1374 3812 1536 3874 efficientia
1560 3812 1726 3872 desumtis:

373 3909 536 3975 ,naturam
559 3901 750 3963 sublunarem
774 3902 857 3964 brevi
882 3904 957 3982 pede
981 3904 1144 3965 metiuntur
1169 3904 1287 3984 quidam
1311 3902 1497 3983 philosophi,
1524 3902 1636 3961 nullum
1659 3918 1729 3961 esse

371 4008 504 4063 sensum,
531 3990 642 4051 nullam
662 4010 758 4052 rerum
776 3991 1008 4068 intelligibilium
1032 3993 1255 4072 perceptionem
1275 3992 1494 4062 existimantes,
1520 3998 1641 4069 praeter
1664 4008 1727 4064 eas,

370 4096 450 4158 quas
474 4078 560 4138 homo
584 4081 735 4158 possidet,
772 4081 967 4141 facultates.“
1017 4080 1132 4143 Contra
1162 4082 1348 4160 interrogat:
1386 4099 1463 4161 ⁷,quo
1487 4098 1577 4139 sensu
1600 4079 1730 4157 percipit

369 4166 458 4229 canis
490 4168 620 4247 vestigia
653 4169 784 4230 domiui?
816 4189 886 4230 nuru
910 4171 1058 4230 odoratu?
1091 4179 1123 4231 at
1146 4172 1271 4243 Hercle,
1306 4170 1433 4231 hominis
1463 4177 1527 4229 tam
1559 4167 1727 4248 exquisitus

368 4257 519 4316 odoratus
552 4276 609 4317 non
640 4265 699 4318 est.
748 4255 817 4327 Qua
844 4278 875 4318 re
905 4260 1023 4319 radices
1056 4267 1087 4319 et
1119 4260 1203 4321 bulbi
1235 4260 1393 4322 herbarum
1426 4260 1541 4320 colores
1574 4258 1729 4337 excipiunt

367 4344 495 4418 affusus,
521 4353 554 4406 ut
567 4346 623 4407 hos
642 4345 671 4406 iu
691 4347 792 4407 florem
817 4356 923 4426 postea
947 4349 1155 4409 transferant?
1192 4347 1351 4419 Quomodo
1370 4349 1486 4428 species
1506 4347 1729 4424 variegatorum

365 4433 546 4496 baculorum
556 4435 611 4496 sub
623 4434 708 4514 aquis
718 4435 847 4514 limpidis
864 4437 1061 4500 contuitorum
1072 4438 1179 4498 Jacobi
1188 4439 1216 4499 in
1229 4440 1326 4500 foetus
1337 4439 1435 4498 ovium
1450 4435 1604 4498 derivatae
1615 4434 1726 4495 sunt?“

460 4522 554 4583 Porro
574 4541 637 4584 rem
659 4524 787 4603 probare
811 4527 914 4587 studet
936 4546 992 4588 usu
1011 4528 1194 4606 quotidiano,
1219 4527 1341 4600 musica,
1366 4524 1541 4606 geometria.
1589 4523 1729 4598 „Vocum

365 4611 586 4673 concordantia
607 4630 662 4691 per
685 4632 717 4673 se
750 4614 823 4675 nihil
855 4623 995 4693 operatur
1027 4616 1137 4677 effluxu
1171 4618 1299 4696 quodam
1328 4617 1357 4678 in
1382 4617 1529 4679 hominem
1554 4614 1613 4675 alio
1638 4628 1727 4692 qnam

364 4698 534 4774 sensitivo;
558 4701 676 4763 accedit
698 4721 769 4763 vero
794 4703 895 4764 anima
918 4704 1064 4766 sensitiva
1086 4706 1116 4766 iu
1140 4705 1268 4779 homine,
1295 4724 1370 4785 quae
1394 4724 1449 4766 usa
1468 4721 1609 4766 sensuum
1631 4719 1724 4780 orga-

363 4789 425 4864 nis,
451 4807 542 4851 souos
567 4790 685 4869 quidem
708 4791 870 4853 introrsum
892 4793 1006 4871 recipit,
1031 4795 1255 4873 proportionem
1269 4813 1341 4855 vero
1358 4796 1509 4865 aestimat,
1535 4790 1725 4854 aestimando

361 4879 492 4960 probam
526 4887 559 4941 et
590 4880 806 4959 geometricam
840 4900 906 4943 sese
940 4882 1091 4945 exhilarat
1124 4903 1266 4962 suumque
1304 4902 1412 4963 corpus
1450 4900 1580 4961 congrue
1612 4890 1722 4944 moret

360 4968 485 5031 Eadem
508 4969 625 5029 ratione
650 4971 816 5048 geometria
839 4971 867 5032 in
900 4972 1022 5033 vocibus
1055 4973 1150 5033 afficit
1182 4973 1347 5048 hominem,
1385 4992 1461 5053 quae
1494 4972 1662 5051 geometria
1693 4969 1737 5032 iu·

360 5058 462 5123 radiis
485 5059 642 5119 stellarum
666 5059 761 5120 afficit
783 5068 921 5121 naturam
945 5061 1167 5123 sublunarem.“

456 5144 546 5217 Quod
569 5154 669 5209 autem
694 5147 806 5210 attinet
827 5149 971 5212 vaticinia
995 5150 1188 5231 astrologica,
1213 5158 1345 5231 atquae
1369 5149 1487 5231 plurimi
1504 5150 1725 5228 desiderarent,

1455 5252 1512 5304 37⁸
