4584 6192
499 1363 981 1439 ILLUSTRISSIMO
1024 1364 1097 1436 ET
1133 1360 1693 1438 REVERENDISSIMO

954 1523 1084 1584 Domino
1109 1524 1236 1584 Domino

810 1658 1068 1760 mammo
1109 1658 1379 1758 nameus
1505 1609 1511 1621 ’

665 1820 936 1885 suauurssmr
960 1821 1100 1885 naum
1125 1820 1370 1884 usraumns
1394 1818 1521 1883 oucrs

904 1963 1280 2043 mmmm

999 2081 1186 2177 illilllllil,

835 2209 968 2260 Domino
996 2223 1061 2259 meo
1090 2207 1347 2258 Colendissimo.

507 2366 713 2427 illustrissime
737 2367 879 2444 Domine,
902 2369 1074 2449 Epistulam
1097 2368 1174 2428 hanc
1202 2386 1302 2427 meam
1329 2367 1367 2428 ad
1392 2365 1561 2429 Galilaenm
1587 2366 1767 2444 Galilaeum,
1801 2406 1810 2418 -

418 2455 624 2516 Professorem
645 2455 889 2520 mathematicum
908 2458 937 2518 in
957 2456 1151 2519 celeberrima
1170 2456 1323 2516 academia
1342 2456 1492 2518 Patavina
1514 2457 1550 2517 de
1569 2457 1686 2519 Nuncio
1705 2458 1770 2538 ejus

419 2543 545 2605 Sidereo
568 2545 767 2623 perscriptam
791 2547 906 2625 etjam
930 2547 1010 2628 typis
1044 2545 1246 2623 descriptam,
1281 2546 1327 2606 cui
1357 2546 1456 2623 potius
1480 2546 1654 2619 inscribam,
1680 2565 1770 2626 quam
1805 2624 1810 2636 ,

419 2632 485 2693 Ill⁸⁰
512 2631 549 2693 Ι)ἰ
588 2633 641 2694 Τ”
671 2653 729 2694 uon
761 2635 891 2696 invenio.
939 2636 983 2696 Tu
1016 2634 1094 2694 enim
1127 2633 1299 2694 exerendae
1331 2634 1412 2694 illius
1444 2643 1549 2696 auctor
1583 2634 1653 2696 mihi
1686 2634 1770 2698 luisti

419 2721 544 2800 primurn
568 2723 746 2782 transmisso
771 2723 810 2784 ad
833 2743 879 2784 me
894 2724 950 2785 Vl.
971 2722 1015 2784 Id.
1032 2721 1146 2803 Aprilis
1169 2739 1224 2800 per
1247 2721 1391 2783 Thomam
1415 2721 1580 2800 Segetlrum
1605 2723 1770 2802 exemplari

419 2809 527 2871 Nuucii
551 2808 683 2885 Siderei,
716 2818 747 2872 et
776 2812 824 2873 die
848 2812 922 2874 mihi
951 2811 1032 2872 dicto
1065 2811 1103 2871 ad
1127 2810 1212 2881 Idus,
1246 2828 1302 2887 quo
1327 2811 1368 2871 Te
1393 2809 1598 2873 convenirem:
1636 2820 1706 2890 post
1737 2819 1772 2874 nt

421 2898 584 2976 comparui,
608 2900 764 2976 praelecta
786 2901 857 2962 mihi
882 2920 919 2962 ex
942 2899 1038 2960 literis
1062 2899 1101 2958 ad
1125 2898 1168 2958 Te
1194 2896 1324 2960 Galilaei
1348 2900 1552 2977 postulatione
1576 2909 1687 2980 tuaque
1710 2899 1769 2962 ad-

417 2987 527 3065 juncta
550 2987 776 3049 cohortatione:
815 3009 873 3068 qua
896 2998 1039 3068 percepta
1071 2995 1102 3047 et
1133 2985 1255 3065 promisi
1280 3005 1326 3047 me
1350 2987 1430 3050 intra
1453 2988 1549 3063 diem,
1583 3006 1639 3067 quo
1671 2988 1771 3050 solent

420 3074 504 3136 abire
528 3094 683 3149 cursores,
709 3086 899 3139 exaratorum
924 3076 1035 3155 aliquid
1069 3083 1100 3135 et
1132 3075 1283 3153 praestiti.
1329 3073 1393 3137 Sed
1425 3084 1457 3137 et
1484 3093 1577 3155 nuper
1609 3075 1769 3138 admodum

421 3184 440 3223 a
463 3181 520 3234 me,
545 3182 609 3224 curu
634 3164 752 3224 obvium
776 3165 951 3239 habuisses,
977 3164 1136 3241 diligenter
1161 3162 1291 3242 petiisti,
1317 3171 1350 3223 ut
1372 3164 1540 3243 exemplum
1564 3164 1711 3243 epistolae
1744 3163 1770 3224 si

421 3251 499 3330 quod
524 3251 714 3313 retinuissem
729 3252 795 3314 Tibi
811 3255 1003 3315 concederem
1019 3252 1195 3330 legendum:
1220 3251 1316 3330 ipsam
1333 3252 1441 3331 quippe
1466 3253 1634 3332 epistolam,
1659 3271 1767 3334 quam-

418 3338 466 3400 vis
499 3349 635 3418 apertam
669 3340 888 3409 exhibuissem,
921 3361 975 3421 per
997 3339 1211 3418 occupationes
1234 3340 1314 3401 illius
1338 3341 1398 3400 diei
1418 3359 1474 3401 non
1490 3341 1624 3420 potuisse
1639 3360 1770 3421 cognos-

421 3446 506 3488 cere:
532 3429 610 3507 quod
634 3448 749 3490 rursum
772 3430 894 3509 promisi
919 3449 964 3492 me
989 3429 1136 3489 facturum
1160 3426 1287 3505 primum
1311 3437 1401 3508 atque
1426 3429 1464 3489 ad
1479 3430 1618 3491 muudum
1633 3429 1770 3507 descrip-

421 3516 540 3577 sissem.
589 3514 721 3597 Concepi
745 3528 844 3579 autern
868 3520 951 3580 illam
974 3517 1057 3578 initio
1081 3516 1197 3593 etjam
1222 3517 1302 3597 typis
1336 3517 1470 3596 expressi
1501 3527 1587 3579 tanto
1618 3516 1768 3590 libentius,

422 3604 503 3684 quod
526 3612 558 3665 et
581 3603 755 3680 Galilaeae,
791 3608 829 3667 ad
853 3627 939 3687 quem
963 3606 1015 3666 illa
1039 3604 1266 3676 destinabatur,
1301 3605 1545 3666 Medioeorum
1569 3606 1662 3666 cliens
1687 3610 1771 3667 esset

424 3702 456 3753 et
479 3691 642 3754 Medicei
673 3694 817 3774 principis
840 3697 951 3778 Magni·
967 3693 1128 3754 Hetrnriae
1153 3691 1246 3752 Ducis
1269 3691 1418 3770 Legatos,
1443 3692 1507 3770 ipse
1532 3712 1647 3771 quoqne
1679 3699 1770 3771 gente

422 3780 621 3841 Mediceus
644 3782 701 3842 hoc
724 3804 743 3843 a
766 3803 812 3843 me
845 3791 981 3863 peteret;
1019 3791 1051 3842 et
1083 3780 1209 3858 denique
1241 3779 1385 3852 materia,
1422 3781 1459 3840 de
1491 3799 1551 3860 qua
1582 3781 1771 3843 scribendum

422 3877 508 3941 erat,
546 3876 629 3929 esset
656 3871 819 3948 ejusmodi,
853 3891 911 3952 qua
934 3869 1095 3950 (siquidem
1119 3887 1192 3928 vera
1215 3869 1419 3941 traderentur)
1444 3867 1610 3930 Medicei
1642 3865 1771 3932 nominis

420 3956 519 4017 honos
544 3957 676 4018 auctoris
700 3961 824 4021 consilio
849 3958 1158 4039 comprehenderetur.

512 4046 626 4124 Accipe
649 4046 741 4125 igitur
763 4049 926 4110 illustriss⁰
957 4048 1000 4108 Ι)Θ
1032 4064 1070 4106 ex
1092 4044 1213 4123 privata
1237 4052 1269 4106 et
1294 4042 1426 4111 Galilaei
1459 4045 1582 4123 propria
1618 4043 1772 4123 publicam

425 4133 628 4212 descriptione
652 4136 780 4210 iactam,
814 4137 935 4216 publica
964 4133 1113 4196 dicatione
1133 4133 1197 4211 jam
1221 4133 1334 4193 Tuam:
1373 4150 1467 4210 exque
1500 4132 1557 4194 hac
1581 4133 1771 4195 dedicatione

421 4221 557 4283 studium
579 4241 678 4284 meum
700 4224 729 4284 in
753 4226 882 4286 veritate
907 4231 946 4298 et,
973 4222 1050 4303 quod
1082 4220 1140 4282 hac
1164 4221 1231 4281 sola
1253 4221 1367 4288 nititur,
1392 4219 1551 4281 Medicei
1584 4220 1771 4300 principatus

421 4309 531 4370 decore
573 4318 644 4390 post
668 4309 841 4375 Galilaeum
874 4321 1027 4374 auctorem
1052 4309 1215 4369 asserendo
1240 4326 1403 4386 cognosce;
1441 4309 1771 4392 meumqueergallll.

420 4397 462 4458 D.
479 4398 515 4458 T.
540 4398 669 4460 animum
693 4401 731 4461 nd
756 4402 900 4482 obsequia
922 4398 1146 4480 paratissimum
1166 4398 1303 4459 aestima.
1341 4395 1477 4474 Denique
1492 4415 1539 4457 me
1554 4397 1633 4458 inter
1647 4396 1773 4458 clientes

417 4494 489 4548 tuos
521 4506 654 4550 numera.
701 4488 791 4551 Vale.
818 4491 858 4551 V.
891 4491 970 4553 Non.
995 4486 1107 4565 Majas.
1153 4485 1243 4545 Anno
1273 4482 1389 4546 Christi
1421 4483 1543 4546 Domini
1564 4481 1696 4546 MDOX.

1010 4609 1058 4671 Ill.
1082 4608 1120 4670 D.
1146 4607 1183 4669 T.

918 4733 958 4795 ad
981 4729 1125 4812 obsequia
1149 4731 1276 4793 devotus

1300 4852 1443 4915 Joaoaee
1464 4851 1632 4934 Keplmae,

1256 4938 1289 5003 S.
1315 4938 1351 5003 O.
1375 4942 1419 5002 M.
1443 4940 1687 5003 Mathematicus.
1777 5003 1783 5012 ,
