4584 6192
1014 607 1205 680 Paurpomens
1222 616 1248 664 10
1267 607 1433 665 1111οΙΙί00001.

1114 793 1234 890 Caput
1261 791 1327 864 lll.

813 953 870 1015 De
885 951 1106 1033 fundamentis
1129 952 1316 1031 catoptrices
1335 958 1363 1013 et
1384 948 1450 1012 loco
1475 951 1632 1032 irnapinis.

790 1095 817 1155 1.
854 1093 1010 1154 Reiutatio
1043 1090 1197 1163 Euclidis,
1233 1089 1408 1151 Vitellianis
1441 1100 1471 1152 et
1504 1092 1662 1155 Alhazeni.

636 1240 761 1318 inipso
791 1238 985 1298 fundamento
1018 1233 1202 1311 catoptrices
1236 1233 1509 1294 demonstrationes
1542 1235 1706 1312 opticorum
1740 1234 1906 1295 etiamnum

547 1331 692 1409 caligant,
727 1329 794 1387 dum
819 1347 837 1385 a
865 1345 955 1386 sensu
987 1331 1095 1402 petunt
1125 1321 1203 1399 quod
1228 1332 1258 1381 01
1287 1321 1383 1399 ipsum
1417 1322 1682 1383 demonstrandum
1715 1333 1792 1384 erat.
1840 1324 1906 1385 Nec

502 1486 506 1494 ,
547 1421 646 1482 nullus
678 1435 761 1477 error
793 1416 861 1475 inde
894 1413 989 1475 trabit
1021 1411 1174 1489 originem.
1222 1410 1285 1471 Nos
1317 1411 1346 1471 iu
1379 1408 1497 1489 Optieis
1530 1411 1611 1472 hisce
1645 1413 1683 1473 ob
1717 1411 1850 1492 eclipses
1874 1423 1906 1473 et

547 1506 774 1570 observationes
798 1504 953 1564 stellarum
969 1502 997 1562 in
1013 1499 1210 1560 retractiones
1235 1499 1410 1577 inquirimus
1430 1500 1624 1578 diligentius:
1649 1501 1687 1567 ad
1703 1500 1905 1562 retractiones

547 1615 619 1657 vero
643 1593 728 1655 nobis
752 1611 805 1671 per
829 1592 905 1652 lianc
939 1592 1077 1652 lacunam
1109 1588 1324 1648 transeundum
1353 1588 1418 1648 fuit.
1464 1588 1657 1667 Supplendus
1685 1589 1779 1670 igitur
1802 1588 1905 1651 et'lric

547 1686 642 1752 locus,
667 1680 873 1761 dispellendae
898 1678 1035 1747 nebulae,
1060 1685 1093 1736 nt
1117 1675 1170 1736 Sol
1196 1676 1335 1736 veritatis
1358 1677 1469 1737 clarius
1494 1677 1661 1739 illucescat.

633 1771 774 1833 Euclides
799 1769 907 1829 Theer.
935 1764 984 1840 16,
1018 1765 1066 1837 17,
1096 1763 1142 1827 18.
1169 1763 1427 1842 Catoptrieorum,
1457 1773 1491 1826 ut
1520 1766 1637 1844 probet,
1671 1767 1903 1847 unumquodque

545 1881 658 1934 eorum,
683 1878 758 1940 quae
783 1858 838 1918 sub
863 1864 1018 1935 aspectum
1042 1855 1163 1925 cadunt,
1188 1872 1241 1931 per
1260 1854 1340 1914 illius
1364 1854 1641 1932 perpendicularem
1660 1855 1690 1916 in
1714 1856 1905 1934 superficiem

546 1950 660 2032 speculi
695 1946 810 2018 videri,
845 1944 972 2006 assumit
1006 1944 1123 2004 salsum.
1172 1941 1222 2003 Sit
1253 1943 1407 2021 speculum
1432 1940 1503 2016 CD,
1538 1945 1621 2004 risus
1645 1946 1688 2014 B,
1720 1944 1842 2006 visibila
1866 1946 1904 2015 A,

789 2053 841 2116 rig.
866 2050 907 2099 53,
1160 2031 1416 2109 perpendicularis
1431 2030 1497 2092 AC.
1522 2033 1635 2093 Locum
1651 2034 1743 2110 igitur
1763 2032 1904 2113 imaginis

824 2156 844 2199 Κ
1158 2120 1201 2180 101
1217 2121 1245 2180 A
1265 2138 1333 2181 esse
1352 2120 1380 2180 in
1396 2118 1463 2193 AC,
1489 2121 1606 2182 scilicet
1620 2122 1649 2181 in
1665 2122 1700 2193 Ε,
1722 2122 1767 2183 010
1783 2123 1903 2201 probat.

999 2185 1092 2320 sll
1159 2220 1236 2281 Nam,
1261 2208 1365 2286 inquit,
1391 2227 1511 2276 assumto
1527 2220 1586 2273 loco
1608 2222 1714 2290 speculi
1729 2222 1758 2283 C,
1782 2221 1809 2275 in
1825 2239 1904 2292 quem

1077 2298 1143 2374 Λ
1158 2300 1204 2352 AC
1235 2299 1471 2368 perpendicularis
1508 2299 1616 2364 incidit,
1654 2301 1764 2355 visibile
1792 2306 1820 2356 A
1850 2320 1904 2355 non

813 2387 816 2398 ¹
992 2373 1076 2472 s
1159 2388 1276 2457 amplius
1297 2389 1413 2443 ridetur.
1449 2377 1482 2439 Si
1507 2380 1673 2458 intelligaS,
1698 2388 1850 2453 assumtO,
1876 2381 1904 2441 id

892 2473 895 2478 '
1159 2477 1205 2527 est
1240 2476 1386 2545 occupato
1421 2475 1473 2527 aut
1506 2476 1587 2527 tecto
1621 2468 1686 2529 loco
1719 2467 1761 2541 O,
1796 2469 1905 2531 falsum

1071 2599 1074 2605 -
1159 2564 1208 2616 est
1231 2555 1363 2628 axioma,
1399 2557 1534 2635 quamvis
1565 2557 1620 2617 hoc
1648 2556 1793 2618 Euclides
1826 2558 1905 2619 inter

1159 2665 1214 2705 sua
1232 2644 1271 2704 ab
1295 2644 1481 2722 experientia
1496 2654 1633 2706 mutuata
1655 2646 1814 2725 postulata
1837 2650 1904 2719 (seu

1159 2733 1228 2813 quid
1266 2733 1347 2794 aliud
1384 2742 1449 2806 est,
1493 2735 1571 2814 quod
1615 2734 1666 2795 ille
1707 2735 1811 2798 libello
1848 2736 1903 2796 hoc

1157 2843 1338 2900 pertinacior
1377 2824 1495 2883 nomine
1540 2823 1691 2901 appellat)
1733 2823 1764 2885 io
1806 2824 1903 2885 fronte

1159 2911 1228 2972 libri
1261 2909 1405 2971 retulerit.
1451 2911 1531 2972 Nam
1554 2912 1612 2972 etsi
1637 2909 1661 2973 C
1695 2920 1820 2991 tegatur
1852 2920 1905 2975 aut

545 3008 633 3089 plane
658 3002 821 3075 auferatur,
848 3001 1005 3062 dnmmodo
1029 3002 1058 3061 D
1083 3008 1213 3072 mrmeat,
1239 2998 1686 3061 11111110101010110010110110
1711 3000 1738 3061 Ε
1763 3001 1851 3063 00010
1864 3002 1901 3064 Β.

632 3094 796 3155 Praeterea
820 3089 1360 3169 0110100100010100100010000010
1392 3088 1510 3149 videtur
1541 3090 1595 3151 hoc
1627 3088 1746 3151 axioma
1770 3092 1807 3151 de
1832 3111 1902 3153 1010

545 3195 578 3249 01
600 3183 676 3245 reali
700 3200 828 3242 ascensu
851 3172 993 3256 imaginis
1018 3179 1046 3239 in
1073 3178 1153 3239 linea
1177 3176 1240 3251 OE,
1266 3196 1342 3255 quae
1366 3176 1485 3253 quidem
1510 3196 1567 3238 non
1597 3179 1755 3239 admodum
1779 3180 1900 3241 dissen-

543 3275 624 3338 tiunt
647 3272 685 3333 ab
711 3269 849 3349 opinione
874 3268 1058 3347 quorundam
1082 3276 1218 3328 veterum
1243 3266 1279 3325 de
1304 3264 1463 3326 emissione
1487 3267 1639 3328 radiorum
1663 3268 1841 3329 1100110100
1864 3288 1901 3329 ex

542 3363 637 3426 00010.
685 3360 765 3421 Nam
789 3360 845 3420 huc
871 3356 952 3431 lacit,
978 3356 1055 3436 quod
1074 3355 1218 3417 Euclides
1241 3355 1395 3432 postulato
1419 3354 1514 3432 primo
1535 3355 1630 3416 visum
1655 3354 1792 3427 (Graece
1817 3355 1901 3436 ipra)

543 3451 648 3513 definit
662 3468 729 3511 esse
745 3447 855 3508 lineam
879 3454 1003 3518 rectam,
1029 3446 1132 3523 itaque
1152 3452 1282 3505 sumtum
1302 3443 1416 3521 passim
1436 3443 1465 3503 10
1485 3444 1692 3522 specularibus
1709 3455 1846 3524 usurpat.
1862 3443 1901 3517 ¹⁸)

542 3540 674 3602 Videtur
707 3536 825 3616 quidem
853 3535 994 3595 Euclides
1027 3532 1165 3614 ἐπεχτως
1198 3533 1296 3611 loqui,
1322 3541 1414 3592 0100
1442 3553 1609 3606 assumere,
1646 3552 1722 3612 quae
1752 3535 1812 3596 etsi
1843 3555 1901 3596 non

542 3629 632 3693 100110
655 3625 868 3698 conceduntur,
893 3624 918 3683 si
943 3633 1042 3684 tamen
1067 3622 1269 3695 concesseris,
1296 3641 1314 3680 a
1338 3640 1370 3680 se
1400 3621 1474 3699 ipsis
1499 3622 1527 3682 in
1552 3640 1713 3700 progressu
1736 3622 1812 3685 nilril
1836 3624 1900 3685 dis·

542 3719 686 3780 sentiant.
725 3713 820 3794 Atqui
844 3713 957 3773 veritas
983 3712 1037 3773 hoc
1053 3731 1134 3773 more
1159 3710 1391 3790 philosophandi
1411 3710 1471 3770 vim
1495 3712 1620 3790 patitur,
1645 3711 1779 3773 existunt
1806 3714 1900 3775 falsae

541 3806 765 3889 persuasiones
791 3822 866 3882 qnae
891 3821 962 3862 sane
978 3801 1140 3861 Aristoteli
1158 3802 1195 3861 de
1220 3799 1282 3860 suis
1302 3797 1393 3877 rimans
1417 3799 1549 3879 loquenti
1573 3800 1712 3861 videntur
1736 3801 1901 3863 adhaerere

541 3917 580 3959 ex
604 3898 660 3958 hac
680 3893 828 3954 Euclidea
851 3892 956 3952 schola
979 3909 1037 3950 non
1059 3891 1134 3950 bene
1160 3889 1330 3950 intellecta:
1357 3887 1483 3966 denique
1508 3888 1679 3967 ignorantia
1702 3889 1758 3949 sub
1784 3890 1901 3953 artificii

542 3987 642 4067 specie
667 3982 858 4065 tyrannidem
882 3979 1009 4042 stabilit.
1048 3978 1160 4039 Demus
1172 3979 1245 4056 jam,
1267 3977 1355 4037 aliter
1375 3976 1601 4054 intelligendum
1620 3977 1755 4039 Euclidis
1771 3977 1909 4052 axioma,¹
1957 3983 1960 3988 '

541 4086 576 4137 ut
599 4077 654 4137 hoc
686 4072 817 4142 dixerit,
851 4070 877 4131 si
910 4070 976 4130 1101
1000 4068 1029 4128 10
1053 4068 1082 4128 A
1115 4067 1300 4139 constituto,
1334 4072 1456 4143 tegatur
1480 4064 1525 4140 C,
1554 4075 1625 4127 tunc
1648 4068 1678 4127 A
1702 4086 1760 4127 non
1795 4068 1899 4130 videri.

541 4165 624 4225 Tunc
648 4162 769 4222 axioma
797 4178 900 4221 rerum
933 4157 1051 4237 quidem
1075 4164 1137 4228 est,
1173 4156 1226 4214 sed
1252 4155 1403 4215 conclusio
1427 4154 1495 4213 inde
1520 4174 1577 4216 non
1603 4156 1755 4234 sequitur,
1790 4158 1848 4218 nisi
1872 4157 1900 4217 10
1938 4175 1942 4186 ·

541 4252 689 4314 visionem
721 4248 1007 4328 perpendicularem.
1065 4248 1108 4305 At
1142 4265 1160 4303 a
1192 4253 1275 4304 recto
1310 4244 1372 4303 sisu
1407 4244 1445 4303 ad
1488 4243 1639 4324 obliquum
1672 4265 1730 4306 non
1763 4247 1901 4324 procedit

543 4348 760 4419 argumentum.
1865 4323 1872 4337 ⁸

632 4429 782 4489 Videntur
815 4426 871 4485 1100
904 4422 1036 4482 sensisse
1071 4420 1242 4482 Alhazenns
1276 4430 1306 4480 et
1341 4420 1474 4480 l'itellio.
1529 4422 1606 4481 Aam
1640 4442 1706 4483 cum
1740 4423 1902 4503 diligenter

542 4518 708 4591 retulerint,
734 4534 809 4595 quae
830 4513 909 4591 apud
924 4510 1079 4572 Euclidem
1105 4510 1292 4581 invenerant,
1319 4510 1374 4572 hoe
1391 4509 1507 4589 qnidern
1525 4519 1557 4569 ut
1576 4512 1736 4572 absurdum
1761 4513 1900 4576 omisere.

541 4610 575 4669 ln
600 4603 831 4670 retractionibus
856 4613 956 4663 tamen
983 4600 1079 4660 simile
1104 4599 1174 4679 quid
1199 4600 1311 4659 dieunt.

631 4694 758 4758 Vitellio
783 4692 862 4753 idem
887 4692 1092 4751 demonstrare
1124 4687 1228 4748 nititur
1253 4687 1326 4747 libro
1352 4686 1381 4747 5.
1407 4705 1451 4763 pr.
1478 4681 1529 4758 36,
1555 4687 1609 4746 sed
1634 4688 1735 4750 nocuit
1768 4690 1899 4770 diligen-

541 4786 658 4849 tissimo
683 4782 799 4845 auctori
823 4780 978 4841 barbaries
1002 4778 1096 4839 seculi
1119 4776 1165 4837 sui
1181 4787 1212 4836 et
1236 4777 1426 4837 larrriliaritas
1441 4775 1587 4849 Arabum,
1609 4795 1666 4855 quo
1690 4777 1790 4841 minus
1813 4780 1901 4842 hodie

541 4876 748 4953 intelligatur:
775 4870 943 4931 obscuritas
968 4887 1038 4928 1010
1063 4867 1105 4927 rei
1130 4866 1219 4926 etiam
1244 4864 1510 4925 hallucinationem
1535 4865 1577 4926 illi
1601 4865 1715 4928 attulit.

629 4964 761 5025 Primum
787 4959 863 5032 dieo,
889 4957 985 5036 ipsum
1010 4976 1066 5017 non
1092 4955 1168 5015 bene
1193 4953 1395 5032 argumentari
1421 4973 1439 5012 a
1463 4953 1661 5014 collocatione
1685 4955 1728 5018 rei
1752 4956 1838 5019 visae
1863 4958 1899 5019 ad

541 5037 770 5113 collocationem
802 5045 959 5125 imaginis,
994 5044 1123 5117 scilicet,
1150 5063 1201 5115 ne,
1236 5043 1260 5103 si
1286 5044 1385 5122 imago
1410 5059 1467 5101 non
1502 5044 1685 5122 respondeat
1707 5044 1750 5106 rei
1775 5046 1805 5107 in
1829 5048 1900 5121 situ,

540 5141 639 5224 imago
664 5158 732 5200 0000
757 5137 886 5198 desinat.
934 5134 1028 5214 Atqui
1053 5134 1109 5194 hoe
1138 5140 1229 5210 pacto
1263 5133 1352 5195 facile
1386 5138 1481 5192 totam
1511 5133 1712 5213 catoptricam
1743 5136 1900 5200 01011001.
