4584 6192
569 604 638 683 260
1038 614 1230 682 Paralipomena
1246 616 1275 666 iu·
1290 614 1459 667 widona.

571 801 620 857 est
641 790 867 855 simulacrorum
899 809 954 871 per
981 797 1076 851 totam
1108 791 1273 853 retiformis
1302 792 1501 871 superficiem,
1529 791 1561 853 id
1585 809 1604 853 a
1626 791 1803 872 crystallino
1825 788 1932 872 maius

569 970 647 1033 cillis
671 969 804 1031 externis
827 968 866 1029 ad
890 968 1017 1031 retinam
1040 967 1220 1031 traductam.
1268 966 1395 1030 Oculum
1421 969 1499 1030 enim
1531 969 1574 1030 sic
1597 970 1627 1030 in
1651 969 1746 1037 letum
1771 969 1929 1031 illustrant

568 1077 618 1122 res
641 1058 778 1120 visibiles
801 1056 919 1136 plnres,
944 1063 977 1117 ut
1000 1064 1101 1118 tamen
1126 1064 1157 1117 et
1181 1057 1210 1117 in
1234 1057 1313 1118 idem
1336 1065 1470 1119 centrum
1494 1057 1580 1137 qnasi
1603 1065 1715 1119 coeant
1737 1065 1770 1119 st
1791 1057 1928 1119 suctim

569 1146 634 1223 (vel
664 1146 766 1228 qnasi)
800 1147 899 1215 facta,
931 1144 971 1205 ab
996 1145 1100 1206 eodem
1124 1146 1210 1207 unico
1237 1155 1349 1225 puncto
1381 1146 1570 1225 excipiamur
1603 1146 1632 1207 in
1655 1145 1795 1209 retinam.
1843 1145 1929 1207 Tunc

568 1236 672 1317 itaque
694 1233 868 1315 perspicitis
890 1246 1025 1295 convexa
1047 1242 1204 1313 praestare
1225 1243 1364 1314 possunt
1389 1242 1423 1296 nt
1444 1255 1464 1294 a
1486 1253 1518 1295 re
1542 1234 1682 1314 quapiam
1705 1234 1802 1314 maior
1817 1250 1927 1314 supar-

569 1324 652 1387 ficies
675 1323 791 1385 retinas
815 1330 986 1402 occupetur.
1025 1323 1068 1383 At
1092 1323 1170 1384 inter
1193 1321 1401 1404 crystallinum
1425 1333 1458 1383 et
1478 1319 1606 1384 retinam
1631 1323 1743 1384 nullum
1767 1321 1927 1402 estprinc-

569 1421 632 1475 tnm
657 1430 819 1475 concursus
842 1412 993 1472 radiomm
1017 1429 1054 1471 ex
1078 1411 1207 1472 diversis
1230 1411 1358 1472 visibilis
1381 1412 1425 1471 rei
1447 1411 1567 1490 punctis
1586 1411 1779 1485 venientium,
1804 1427 1859 1491 per
1874 1409 1928 1473 12.

566 1501 784 1582 praemissam:
819 1518 910 1580 qnare
936 1498 1038 1578 potius
1063 1499 1160 1561 minor
1182 1499 1216 1561 fit
1238 1499 1337 1579 portio
1367 1499 1539 1562 iliustratus
1570 1499 1685 1561 retinas
1709 1509 1833 1580 propter
1856 1518 1927 1583 ery-

567 1589 736 1662 stallinum,
769 1607 857 1669 quarn
886 1587 994 1666 major.
1042 1587 1122 1649 Vide
1146 1585 1200 1651 23.
1229 1588 1427 1668 praemissam
1459 1599 1491 1649 et
1519 1605 1596 1669 quae
1619 1588 1694 1651 Nro.
1718 1587 1751 1651 2.
1776 1590 1814 1651 ds
1838 1590 1929 1652 modo

566 1678 693 1741 visionis
716 1676 902 1738 dictasunt.
949 1675 1085 1756 Denique
1113 1694 1209 1755 neque
1238 1677 1285 1738 iric
1314 1684 1364 1738 est
1388 1694 1461 1737 usus
1494 1677 1688 1756 specillornm
1714 1693 1927 1752 consuerunt,

568 1775 674 1830 utres
697 1766 835 1845 augendo
859 1765 1021 1837 illustrent,
1045 1771 1079 1825 ut
1100 1763 1206 1826 vidisti
1228 1766 1397 1845 praemissa
1418 1782 1503 1844 prop.
1528 1763 1599 1840 ta:
1630 1765 1691 1827 iuro
1714 1765 1828 1828 vitiosa
1851 1766 1929 1829 visio

568 1864 659 1930 esset,
685 1856 711 1916 si
734 1873 783 1915 res
802 1854 888 1933 justo
906 1852 1048 1930 majorem
1072 1853 1273 1934 quantitatem
1296 1854 1447 1934 pingendo
1472 1854 1500 1916 iu
1524 1854 1623 1917 retina
1640 1864 1812 1935 oocuparet.
1846 1856 1927 1918 Nam

567 1952 601 2007 ut
622 1944 751 2024 pictura,
776 1943 821 2004 ita
843 1942 932 2003 visio.

657 2032 787 2094 Videtur
810 2031 962 2091 Platernm
986 2029 1015 2091 in
1040 2029 1117 2091 hanc
1141 2029 1322 2091 sententiam
1353 2030 1507 2092 induxisse
1531 2030 1561 2091 id
1584 2031 1823 2110 experimentum
1846 2049 1926 2093 aas·

567 2120 721 2192 tomicum,
745 2118 823 2200 quod
847 2138 885 2180 ex
908 2118 976 2180 aliis
1000 2118 1125 2179 medicis
1143 2117 1255 2193 audivi,
1279 2118 1396 2179 scilieet
1419 2119 1444 2179 si
1458 2120 1651 2200 crystallinus
1665 2120 1780 2196 humor,
1796 2123 1927 2182 seorsim

568 2211 743 2273 enucleatus
767 2208 805 2269 ab
829 2206 1000 2269 humoribus
1024 2206 1154 2279 ceteris,
1186 2206 1339 2268 minutulis
1371 2207 1467 2269 literis
1495 2209 1772 2288 superimponatnr,
1796 2225 1926 2289 reprae-

568 2306 690 2362 sentare
713 2297 783 2359 illas
807 2296 946 2375 majores.
993 2296 1106 2357 Verum
1130 2295 1161 2355 id
1185 2304 1234 2356 est
1256 2295 1382 2358 alienius
1406 2297 1444 2357 ab
1467 2296 1525 2357 hoc
1557 2297 1687 2375 negotio.
1735 2296 1823 2362 Visie
1846 2300 1927 2361 enim

567 2388 603 2450 fit
624 2386 777 2449 mediante
799 2385 919 2465 pictura
940 2384 971 2447 in
995 2383 1151 2446 retiformi.
1197 2384 1241 2444 At
1272 2384 1347 2446 haec
1376 2384 1500 2446 fallacia
1527 2386 1676 2466 contingit
1697 2404 1756 2449 non
1779 2402 1835 2467 per
1857 2388 1927 2467 pic—

566 2486 666 2538 turam
688 2474 742 2536 sed
765 2491 819 2553 per
841 2472 977 2535 rationes
995 2472 1145 2551 imaginis.
1182 2472 1265 2551 Ergo
1288 2473 1364 2534 haec
1388 2473 1581 2552 amplificatio
1605 2474 1761 2550 literarum
1783 2493 1841 2557 peu
1855 2492 1926 2559 ery-

568 2564 721 2626 stallinum
745 2562 809 2634 (νοΙ
833 2559 860 2622 ei
884 2563 1032 2641 analogon
1057 2560 1210 2641 quippiam
1234 2562 1262 2622 in
1287 2562 1389 2635 oculo)
1412 2578 1471 2624 non
1495 2562 1638 2625 informet
1660 2564 1816 2627 visionem.

658 2666 770 2731 Confer
788 2665 855 2746 jam
878 2666 997 2729 modum
1020 2686 1122 2731 verum
1146 2666 1271 2730 visionis
1295 2690 1314 2728 a
1336 2685 1383 2728 me
1411 2668 1597 2747 propositum
1625 2688 1692 2731 cum
1723 2670 1778 2733 illo
1802 2669 1927 2745 Platori,

568 2756 686 2820 videbis
710 2755 909 2817 clarissimum
932 2757 1026 2817 virum
1051 2776 1109 2819 non
1134 2754 1252 2836 longius
1276 2775 1389 2818 avere
1413 2756 1538 2830 abesse,
1572 2775 1661 2837 quam
1685 2768 1829 2839 qnantum
1851 2758 1927 2842 pru·

568 2839 699 2908 fassione
729 2842 893 2917 medicum,
924 2845 973 2925 qni
1006 2846 1223 2909 mathematica
1244 2862 1302 2907 non
1326 2844 1430 2906 dedita
1449 2863 1540 2925 opera
1563 2853 1691 2922 tractat,
1716 2848 1827 2911 abesse
1851 2867 1926 2912 oon-

568 2943 746 3000 sentaneum
769 2941 826 2995 est.

657 3020 815 3086 Cornelius
840 3019 969 3083 Gemma
990 3019 1124 3082 medicus
1150 3028 1181 3082 et
1203 3020 1399 3101 philosophus
1422 3022 1588 3100 profundae
1607 3022 1769 3104 indaginis,
1794 3021 1927 3087 Cosano-

567 3112 688 3178 criticss
711 3110 788 3173 libro
803 3110 844 3172 ll.
870 3110 920 3174 fol.
943 3106 1012 3171 120.
1025 3103 1070 3183 ²⁸)
1098 3108 1218 3172 modum
1240 3108 1366 3171 visionis
1390 3110 1541 3190 componit
1565 3120 1597 3173 et
1611 3113 1767 3174 confundit
1788 3130 1866 3192 pene
1891 3134 1929 3177 ex

567 3200 704 3265 omnibus
728 3201 777 3281 qui
800 3200 1009 3261 celebrantur:
1034 3199 1063 3260 in
1088 3217 1146 3278 quo
1170 3198 1274 3260 videas
1297 3207 1414 3262 certare
1433 3199 1591 3262 verborum
1606 3201 1835 3281 ambiguitatem
1859 3222 1929 3266 cum

567 3290 752 3354 obscuritate
776 3306 893 3362 rernm,
918 3306 984 3348 cum
1007 3286 1057 3348 hic
1081 3296 1142 3349 tum
1168 3285 1199 3348 in
1222 3294 1288 3348 toto
1312 3286 1373 3348 fere
1399 3286 1492 3361 libro,
1518 3289 1588 3350 dum
1612 3290 1649 3351 de
1674 3291 1803 3352 materia
1825 3291 1927 3373 maje-

568 3378 660 3440 statis
684 3375 860 3457 plenissima
883 3375 967 3455 gravi
997 3377 1077 3457 stylo
1107 3373 1285 3438 rhetoricari
1318 3385 1350 3437 et
1380 3376 1469 3456 plane
1502 3378 1661 3440 vaticinari
1691 3380 1809 3441 mavult
1836 3399 1928 3461 quam

567 3467 738 3546 disputare,
777 3484 831 3526 nec
861 3465 918 3526 nisi
949 3483 1071 3544 gravem
1107 3466 1251 3527 lectorem
1285 3473 1316 3525 et
1351 3464 1586 3527 attentissimum
1623 3467 1741 3530 erudire
1776 3468 1929 3549 dignatur.

567 3546 699 3618 Primum
722 3553 780 3614 hoc
804 3572 841 3613 ex
865 3553 1030 3614 Vitellione
1055 3561 1086 3614 et
1110 3572 1147 3614 ex
1170 3552 1294 3631 opticis:
1319 3571 1394 3614 cono
1418 3552 1564 3616 visionem
1588 3556 1708 3630 confici,
1732 3557 1817 3638 cujus
1842 3558 1927 3620 basia

567 3635 597 3706 ln
621 3661 654 3705 re
676 3639 796 3716 visibili,
822 3648 928 3703 vertex
950 3642 979 3702 in
1004 3650 1105 3704 centro
1130 3640 1307 3723 crystallini.
1340 3640 1456 3702 Deinde
1480 3642 1536 3703 boc
1560 3662 1598 3704 ex
1620 3644 1813 3726 philosophia
1836 3654 1926 3709 vete-

568 3751 644 3807 rum,
669 3729 785 3812 legibus
809 3749 867 3791 non
892 3729 1000 3810 opticis
1023 3739 1057 3792 at
1079 3730 1180 3792 verbis
1204 3729 1326 3809 opticis:
1351 3748 1457 3791 conum
1482 3730 1573 3793 alium
1596 3734 1709 3795 vertice
1734 3735 1772 3795 ad
1787 3744 1927 3799 centrum

567 3818 749 3904 crystallini,
784 3818 849 3881 basi
882 3819 961 3881 intro
988 3826 1130 3899 porrecta
1158 3835 1232 3879 cono
1257 3817 1299 3879 illi
1324 3818 1466 3880 exteriori
1491 3818 1610 3882 obviam
1633 3820 1691 3896 ire:
1729 3823 1814 3886 illum
1838 3823 1927 3895 lucis,

567 3909 645 3972 hunc
669 3907 792 3987 spiritus
815 3927 868 3968 seu
893 3907 1048 3970 facultatis
1072 3906 1201 3968 visoriae
1232 3925 1315 3980 esse:
1346 3906 1397 3968 illo
1426 3908 1543 3987 species
1575 3909 1712 3987 induere,
1743 3911 1800 3974 boc
1821 3911 1926 3993 recipi,

569 4016 677 4079 magno
706 3996 824 4079 quidem
852 4005 884 4058 et
913 3996 975 4057 lato
1004 3995 1133 4068 debiles,
1158 3993 1227 4055 exili
1252 3996 1354 4057 fortes.
1394 4004 1524 4076 (Spiritus
1545 4024 1582 4063 an
1607 4010 1719 4065 schema
1746 4011 1862 4068 induat?
1890 4029 1929 4067 an

568 4114 652 4153 conus
680 4113 742 4151 esse
769 4095 879 4167 possit?
913 4101 943 4149 et
969 4095 1012 4149 oui
1039 4092 1150 4160 bonet)
1197 4082 1259 4145 Sed
1288 4084 1461 4164 aenigmata
1489 4086 1578 4167 hujus
1612 4090 1745 4151 auctoris
1777 4100 1928 4173 quatenns

569 4195 724 4238 commune
749 4174 819 4256 quid
842 4173 956 4235 habent
979 4193 1046 4236 curn
1069 4172 1260 4252 opinionibus
1284 4172 1352 4234 aliis
1376 4193 1450 4254 quas
1473 4176 1582 4248 refuto,
1606 4178 1645 4238 ad
1668 4179 1724 4241 baa
1742 4181 1864 4261 relego:
1890 4180 1928 4241 de

568 4272 668 4326 cetero
692 4281 758 4324 cum
781 4283 814 4324 se
838 4262 1008 4324 lubricitate
1030 4262 1198 4336 verborum,
1225 4269 1372 4341 utcunque
1394 4280 1529 4341 premas,
1557 4265 1713 4345 evolvant,
1737 4268 1833 4331 missa
1856 4278 1929 4331 sunt

568 4350 715 4427 facienda,
739 4352 919 4432 praesertim
943 4350 1013 4431 quia
1035 4350 1156 4412 modum
1179 4368 1283 4411 verum
1307 4359 1390 4411 certo
1412 4350 1589 4415 invenimus.

656 4448 801 4529 Sequitur
835 4459 1021 4535 postremus,
1057 4468 1144 4529 quem
1181 4448 1238 4510 hac
1269 4448 1334 4510 vice
1378 4448 1628 4524 considerandum
1664 4452 1736 4516 mihi
1772 4455 1927 4537 proposui,

496 4555 499 4565 ’
565 4534 700 4601 Joannes
723 4538 866 4618 Baptista
889 4537 1000 4608 Porta,
1024 4539 1072 4619 qui
1097 4538 1172 4600 libro
1200 4535 1249 4600 17.
1274 4538 1396 4617 Magiae
1419 4538 1577 4602 Naturalis
1608 4540 1708 4622 capite
1732 4536 1763 4607 6,
1797 4544 1926 4625 primum

567 4628 631 4710 ejus
654 4626 697 4690 rei
721 4627 879 4690 artidcium
906 4627 1013 4701 tradit,
1043 4627 1128 4707 cnjus
1153 4646 1243 4707 supra
1266 4626 1365 4706 capite
1389 4627 1519 4689 secundo
1543 4630 1706 4693 solemnem
1730 4632 1925 4696 demonstra*

565 4717 678 4780 tionem
703 4715 861 4795 expedivi:
896 4734 956 4796 qua
978 4713 1095 4777 ratione
1119 4733 1225 4794 nempe
1249 4716 1350 4776 omnia
1377 4715 1406 4776 in
1431 4716 1563 4780 tenebris
1587 4717 1747 4784 videantur
1769 4738 1836 4786 cum
1862 4712 1927 4785 suis

565 4806 725 4880 coloribus,
750 4822 827 4883 quae
851 4804 924 4866 foris
948 4825 966 4864 a
989 4802 1061 4866 Sole
1085 4803 1297 4866 illustrantur:
1320 4812 1438 4884 postea,
1463 4806 1627 4887 propositis
1650 4809 1766 4892 aliquot
1782 4810 1926 4891 jucundis

565 4893 714 4969 artificiis,
742 4891 807 4971 jam
839 4893 1033 4955 conclusurus
1066 4891 1165 4953 locum
1198 4891 1273 4952 hacc
1304 4892 1461 4973 paneade
1498 4896 1622 4959 visionis
1658 4897 1746 4981 ruodo
1784 4895 1925 4962 addidit:

564 4981 636 5041 Hinc
656 4982 829 5055 philosophis
851 4986 881 5036 et
900 4982 999 5053 npticis
1019 4989 1109 5053 patet,
1132 4997 1250 5052 quonam
1269 4984 1321 5037 fiat
1340 4982 1410 5037 risio
1430 4982 1500 5051 loco,
1522 5002 1556 5041 ac
1576 4987 1775 5050 intromittendi
1789 4989 1927 5046 dirimitur

565 5065 692 5136 quaestio
722 5061 761 5116 sic
788 5062 941 5133 antiquitus
970 5062 1131 5133 exagitata,
1162 5078 1213 5115 nec
1240 5061 1297 5116 alic
1316 5078 1437 5136 unquam
1459 5065 1575 5122 artifieio
1606 5069 1789 5124 demonstrari
1809 5070 1924 5142 poterit.

564 5143 760 5200 lutromittitnt
775 5142 875 5197 idolum
884 5159 935 5212 per
949 5143 1093 5213 pupilium,
1109 5142 1249 5196 fenestrae
1260 5143 1400 5197 foraminis
1414 5143 1512 5212 instar,
1526 5149 1669 5221 vicemque
1678 5150 1789 5206 obtinet
1797 5152 1923 5214 tabulas
