4584 6192
966 585 999 642 de
1016 589 1089 644 rebus
1107 587 1211 657 Optiois.
1705 593 1767 662 111

408 761 676 828 inobseruatioue
690 783 766 828 mea.
805 765 900 827 Aliud
914 783 971 844 ego
991 765 1103 827 tirmius
1126 766 1332 828 testimonium
1356 766 1466 830 erroris
1489 768 1548 829 mei
1568 788 1586 829 a
1610 769 1768 833 latitudine

409 851 549 914 Mercurii
578 860 666 933 peto,
701 853 786 931 quus
815 853 905 914 datur
937 854 1068 931 cognitio
1101 856 1232 928 certior;
1266 856 1345 934 quod
1376 874 1443 917 cum
1467 856 1532 935 ipse
1556 875 1613 917 uon
1645 857 1767 933 videris,

409 958 514 1002 uereor
535 950 570 1002 ut
594 960 751 1004 erroneam
774 941 802 1002 iu
827 942 976 1003 Mercurio
1001 942 1137 1022 sequaris
1161 943 1350 1024 hypothesin.
1389 944 1457 1005 Nou
1482 953 1531 1006 est
1554 945 1633 1006 enirn
1656 946 1686 1007 iu
1710 946 1767 1010 fine

408 1027 527 1090 Arietis
551 1031 649 1091 nodus
672 1030 829 1103 Mercurii,
858 1049 913 1091 nee
936 1030 965 1091 in
989 1031 1046 1091 fine
1071 1032 1179 1106 Tauri,
1204 1033 1257 1092 sed
1287 1032 1352 1094 loco
1380 1032 1572 1105 intermedio,
1602 1033 1632 1094 iu
1659 1030 1718 1096 13⁰
1740 1034 1768 1110 ὅ

407 1116 534 1180 circiter.
571 1118 655 1181 Nihil
674 1119 752 1180 enim
773 1119 990 1197 tergiversatus
1016 1120 1143 1193 fatebor,
1170 1139 1217 1181 me
1241 1139 1295 1199 per
1316 1122 1371 1181 hoc
1394 1120 1570 1183 decennium
1588 1122 1767 1200 profecisse.

406 1205 514 1285 ltaque
539 1207 589 1269 die
617 1204 667 1270 18.
692 1207 768 1285 Maji
793 1207 856 1268 sive
880 1206 910 1267 iu
934 1202 1027 1278 5⁰11
1050 1207 1142 1268 suerit
1169 1212 1232 1269 sive
1257 1209 1286 1270 in
1310 1205 1352 1271 9⁰
1373 1208 1445 1284 sive,
1471 1218 1505 1270 ut
1527 1229 1611 1272 meus
1634 1211 1769 1274 calculus

406 1293 481 1368 vult,
506 1295 597 1373 louge
622 1296 755 1370 ulterius,
782 1295 900 1357 omniuo
924 1296 1115 1357 latitudinem
1139 1298 1283 1376 majorem
1305 1297 1413 1359 habuit
1436 1298 1659 1361 semidiametro
1673 1297 1766 1361 Solis.

494 1400 565 1462 Non
586 1401 683 1461 minus
707 1400 860 1473 lubricum,
881 1401 1011 1474 Fabrici,
1035 1402 1165 1480 porrigis
1190 1411 1397 1482 argumentum
1412 1402 1523 1481 Apelli,
1549 1404 1671 1483 signata
1692 1424 1767 1469 con-

402 1487 561 1564 junctione
586 1488 668 1550 Solis
697 1496 729 1549 et
751 1489 881 1549 Veneris
906 1490 934 1550 in
963 1490 1011 1551 die
1040 1488 1070 1551 2.
1095 1490 1169 1551 Dec.
1199 1510 1287 1552 mane
1313 1492 1340 1553 h.
1366 1488 1395 1554 2.
1422 1489 1476 1554 30¹
1504 1511 1581 1552 anno
1609 1489 1710 1569 1611,
1734 1502 1768 1556 ut

407 1594 497 1655 quarn
521 1595 578 1656 ego
602 1578 721 1638 invenio
745 1578 774 1638 d.
804 1578 830 1638 1.
847 1577 920 1638 Dec.
946 1597 1034 1639 mane
1059 1579 1087 1639 h.
1113 1577 1153 1652 5;
1178 1598 1235 1639 uon
1260 1581 1336 1659 quod
1362 1580 1418 1640 ltac
1442 1580 1489 1641 die
1513 1580 1660 1642 calculum
1684 1589 1765 1644 tuum

406 1664 580 1743 praefracte
604 1666 743 1727 damnem
767 1685 803 1726 ex
828 1666 966 1727 dissensu
989 1668 1055 1740 mei,
1081 1668 1134 1727 sed
1159 1678 1193 1728 ut
1216 1668 1279 1746 ejus
1302 1669 1439 1730 fiduciam
1465 1669 1501 1729 iu*
1518 1676 1548 1729 te
1572 1670 1763 1749 redarguam,

406 1753 479 1832 quia
500 1755 661 1833 praecisae
684 1754 907 1832 conjunctiones
923 1753 1004 1816 Solis
1029 1764 1059 1815 et
1079 1756 1209 1817 Veneris
1233 1757 1369 1835 indigent
1391 1765 1501 1817 exacta
1523 1758 1766 1820 commutationis

405 1844 581 1904 anomalia:
614 1843 699 1904 illam
729 1861 800 1903 vero
829 1844 933 1904 venari
957 1863 993 1904 ex
1022 1844 1283 1906 observationibus
1316 1845 1510 1907 maximarum
1543 1845 1766 1924 elongationum

405 1931 543 1999 (ceteras
572 1932 653 1993 euim
686 1930 913 1993 observationes
944 1933 1040 2012 magis
1073 1933 1230 2014 magisque
1263 1934 1363 1995 reddit
1396 1933 1504 1995 infidas
1534 1933 1645 1996 vicinia
1668 1932 1766 2009 Solis)

405 2029 454 2079 est
477 2018 626 2081 balaenas
649 2021 738 2081 hamo
763 2020 880 2081 ducere.

497 2106 726 2188 Scriptorem
758 2108 859 2169 illum
891 2106 1071 2168 Gallicum
1105 2108 1133 2169 in
1160 2108 1230 2170 Sole
1263 2108 1376 2170 vidisse
1408 2128 1465 2170 uon
1498 2110 1679 2172 Mercurium
1712 2112 1765 2173 sed

403 2198 565 2271 maculam,
590 2205 625 2258 ut
647 2197 844 2258 contenderat
858 2196 1050 2268 Maestliuus,
1069 2197 1133 2275 jam
1155 2216 1247 2276 supra
1265 2217 1331 2259 sum
1355 2198 1482 2275 largitus
1503 2216 1595 2279 eoque
1611 2207 1643 2259 et
1661 2218 1766 2261 vocem

404 2286 432 2345 ei
455 2304 545 2346 snam
571 2293 661 2360 „octo
686 2285 771 2346 dies“
797 2286 936 2359 restituo,
962 2304 1050 2365 quam
1073 2286 1103 2346 iu
1130 2287 1300 2360 „octoties“
1331 2303 1387 2364 ego
1410 2295 1662 2349 commutaveram
1692 2288 1764 2350 bar-

402 2374 468 2436 bari
493 2374 590 2435 seculi
613 2375 731 2436 fidncia.
779 2374 824 2434 At
846 2392 931 2453 quae,
952 2372 1081 2446 Fabrici,
1107 2374 1321 2454 consequentia
1346 2374 1452 2436 fuerit:
1479 2394 1557 2447 „non
1581 2375 1658 2436 vidit
1680 2377 1764 2438 Mer·

403 2461 519 2524 curium
544 2462 573 2522 in
600 2460 704 2537 Sole“‚
738 2482 811 2542 ergo
841 2482 934 2536 „aera
966 2462 1030 2540 ejus
1060 2463 1127 2541 jure
1161 2472 1264 2524 manet
1294 2463 1487 2525 invariata“:
1517 2482 1577 2542 qua
1605 2457 1764 2527 locutionis

404 2551 505 2629 forma
526 2557 561 2611 tu
587 2570 743 2613 censuram
767 2570 863 2612 meam
889 2549 1043 2611 insimulas
1068 2552 1188 2621 erroris,
1215 2553 1314 2631 ,quod
1338 2571 1447 2613 annum
1471 2549 1536 2614 807
1561 2552 1764 2616 observationi

402 2638 594 2720 adscriptum
626 2640 788 2701 debemuus
822 2640 1000 2718 intelligere·
1018 2639 1169 2700 finientem
1197 2640 1226 2701 in
1256 2640 1405 2702 novilunio
1436 2640 1576 2719 paschali
1608 2642 1765 2721 sequeutia

401 2728 451 2790 rel
474 2729 588 2790 saltem
611 2728 641 2789 ih
666 2730 725 2790 lisa
749 2729 797 2789 die
812 2725 865 2790 25.
882 2727 995 2802 Martii,
1020 2738 1051 2788 et
1074 2728 1117 2787 sic
1137 2747 1218 2789 more
1240 2729 1383 2790 hodierno
1407 2729 1632 2808 subintelligere
1656 2748 1763 2791 annum

400 2811 470 2879 808
494 2816 687 2895 incipientem
712 2837 731 2877 a
754 2815 821 2877 Cal.
845 2815 915 2877 Jan.
939 2816 1234 2894 praecedentibus?“
1261 2818 1323 2878 lmo
1347 2825 1470 2897 propter
1493 2817 1549 2879 hoc
1572 2819 1669 2896 ipsum
1691 2835 1764 2881 vera

401 2913 452 2966 est
474 2922 544 2966 mea
567 2924 705 2979 censura,
730 2906 806 2984 quod
831 2906 960 2981 scriptor
983 2905 1103 2982 putavit
1125 2924 1159 2966 se
1181 2906 1283 2967 uidere
1298 2906 1478 2968 Mercurium
1502 2906 1531 2966 iu
1547 2904 1629 2980 Sole,
1654 2905 1762 2986 qnippe

399 2993 488 3073 cujus
520 2994 762 3073 conjunctionem
794 3011 859 3053 eum
884 2993 955 3054 Sole
980 2994 1018 3052 ad
1053 2994 1131 3055 diem
1166 2991 1214 3057 16.
1241 2993 1307 3056 Cal.
1332 2997 1407 3073 Apr.
1444 3001 1674 3074 computaverat
1702 3012 1761 3055 non

401 3099 485 3143 anno
508 3079 573 3145 807
600 3082 791 3161 (incipiente)
816 3082 869 3142 sed
894 3100 972 3142 anno
995 3078 1061 3144 808
1085 3082 1176 3144 moris
1199 3083 1344 3144 hodierni.
1392 3083 1585 3163 Relinquitur
1607 3090 1707 3143 tamen
1734 3084 1762 3144 ei

399 3189 458 3231 sna
481 3189 572 3243 aera,
607 3189 689 3231 more
720 3169 838 3250 quidem
863 3171 908 3230 sui
933 3171 1025 3232 seculi
1059 3179 1219 3250 usurpata,
1255 3180 1288 3233 ut
1316 3172 1358 3232 sit
1385 3191 1481 3234 annus
1508 3169 1573 3234 807
1602 3170 1707 3232 liniens
1731 3170 1761 3231 in

399 3276 495 3321 verno
518 3258 707 3338 aequinoctio
732 3258 860 3320 circiter.
887 3290 926 3301 -

491 3361 560 3413 Hinc
588 3364 679 3413 transit
696 3362 820 3427 Keplems
840 3364 872 3412 ad
891 3362 1030 3414 Galilaeum
1058 3378 1137 3427 eaque
1164 3378 1229 3430 quae
1257 3380 1313 3413 eum
1331 3365 1372 3413 illo
1401 3366 1453 3431 egit
1471 3365 1501 3414 de
1519 3364 1642 3416 Mercurio
1660 3366 1685 3415 in
1705 3363 1762 3415 Sole

399 3436 462 3484 viso.
500 3432 584 3495 Quam
603 3449 655 3483 rem
673 3448 747 3498 quum
766 3434 884 3497 peculiari
902 3434 984 3484 libello
1003 3436 1170 3498 inquisiverit,
1189 3435 1222 3484 ad
1240 3436 1308 3484 illum
1330 3436 1394 3486 haec
1417 3437 1553 3487 relerentes
1576 3436 1672 3501 reliqua
1688 3436 1762 3499 hujus

397 3506 563 3569 praefationis
581 3519 647 3569 quae
665 3506 698 3554 ad
716 3506 855 3555 Fabricium
875 3506 1001 3569 pertinent
1017 3506 1136 3569 prioribus
1155 3506 1333 3571 subjungimus.

490 3576 579 3639 Nunc
603 3586 685 3649 pergit
702 3585 841 3650 Keplerna.
865 3578 903 3637 ad
927 3578 1138 3638 Fabricium
1161 3589 1357 3639 revertamur.

494 3664 542 3725 De
567 3663 790 3744 conjunctione
814 3665 938 3727 Saturni
962 3673 995 3726 et
1017 3665 1113 3738 Jovis,
1138 3685 1213 3745 quae
1242 3666 1353 3728 accidit
1376 3685 1454 3728 anuo
1482 3660 1566 3728 1603
1589 3663 1758 3737 Decembri,

400 3753 488 3816 litem
511 3772 617 3816 mores
643 3754 671 3814 in
701 3755 895 3833 prognostico
924 3772 981 3815 non
1011 3754 1214 3816 necessariam
1242 3773 1331 3834 super
1358 3774 1416 3816 nno
1445 3754 1598 3833 scrupulo,
1623 3772 1680 3833 quo
1704 3752 1759 3814 tibi

396 3842 458 3924 ipsi
483 3842 603 3922 totique
635 3844 710 3903 adeo
744 3843 888 3904 scientiae
924 3842 1139 3922 praejudicium
1173 3863 1258 3904 ereas
1291 3844 1472 3923 imprudens.
1519 3841 1553 3904 Si
1585 3861 1643 3903 nou
1675 3841 1758 3920 priua

399 3931 538 3993 edendae
560 3939 633 3992 sunt
657 3931 810 4002 Tabulae,
844 3950 933 4011 quam
962 3932 1079 3992 unicum
1112 3932 1258 3992 minutum
1291 3951 1505 4011 assequamur,
1538 3948 1687 4009 nunquam
1710 3929 1759 3991 edi

396 4028 542 4100 poterunt
564 4029 715 4095 noctuae,
736 4039 811 4099 quas
827 4028 972 4093 ostentas,
995 4039 1051 4081 nec
1065 4039 1159 4093 meae,
1176 4039 1251 4100 quas
1267 4028 1425 4099 tantopere
1439 4018 1571 4099 flagitas.
1607 4016 1758 4079 Gloriaris

396 4108 493 4189 quod
518 4128 585 4170 uuo
610 4109 750 4171 minuto
775 4128 888 4169 meum
912 4108 1097 4170 calculum
1121 4109 1360 4188 superaverit
1382 4117 1476 4182 tuus,
1502 4125 1595 4187 eaque
1612 4126 1642 4168 re
1658 4125 1756 4168 meum

396 4198 536 4260 deiectus
565 4197 688 4275 arguis3
718 4197 834 4277 quoties
859 4199 988 4258 futurum
1011 4204 1116 4276 putas,
1142 4206 1177 4258 ut
1209 4206 1277 4258 tuus
1301 4197 1433 4258 vicissim
1461 4214 1535 4264 uuo,
1570 4194 1684 4257 duobus
1708 4196 1758 4257 vel

395 4285 495 4347 tribum
517 4286 643 4348 minutis
667 4294 825 4365 superetur
849 4306 867 4345 a
891 4286 981 4347 turen?
1019 4286 1062 4347 Ut
1085 4294 1209 4365 uterque
1234 4305 1257 4347 a
1281 4285 1388 4347 coelo?
1426 4284 1506 4356 Quid
1535 4285 1612 4364 quod
1641 4284 1758 4346 ineerta

396 4384 448 4436 eat
469 4394 519 4437 res
542 4374 635 4437 tota?
670 4374 739 4436 Nou
763 4374 842 4434 enirn
866 4375 999 4449 coelum,
1031 4375 1086 4436 sed
1114 4374 1314 4436 assertionem
1339 4392 1436 4435 meam
1460 4383 1527 4434 tuus
1552 4372 1685 4434 calculus
1709 4381 1758 4434 est

396 4472 558 4525 nsecutus
582 4474 647 4525 tam
671 4482 783 4544 prope:
817 4481 873 4542 ego
897 4481 984 4538 vero,
1010 4464 1088 4543 quod
1112 4464 1247 4537 asserui,
1279 4482 1316 4524 ex
1340 4461 1600 4525 observationibus
1629 4460 1756 4534 asserui,

397 4571 475 4633 qnae
499 4552 580 4613 diem
604 4552 825 4631 conjunctionis
848 4552 1006 4612 multorum
1031 4552 1144 4614 dierum
1173 4552 1272 4631 spatio
1297 4559 1368 4613 sunt
1399 4551 1573 4612 insecutae:
1603 4544 1755 4628 potuitiu

395 4641 611 4705 observatione
634 4660 712 4711 mea,
735 4641 834 4719 potuit
853 4640 882 4700 in
903 4641 1080 4702 deductione
1100 4641 1164 4720 ejus
1191 4642 1230 4702 ad
1249 4642 1314 4702 dies
1338 4640 1553 4701 antecedentes
1573 4656 1640 4699 esse
1665 4636 1755 4716 triplo

395 4727 446 4792 rel
468 4730 638 4811 quadruplo
661 4730 758 4809 major
778 4747 870 4800 error,
894 4747 983 4808 quam
1007 4737 1056 4790 est
1079 4730 1134 4791 hoc
1159 4729 1312 4792 dissidium
1337 4729 1381 4790 tui
1404 4728 1512 4790 calculi
1535 4748 1554 4788 a
1576 4745 1651 4787 meo.

484 4836 548 4899 Sed
572 4835 711 4898 nimirum
735 4836 886 4914 idipsum
910 4835 1007 4914 egisti,
1033 4842 1066 4896 ut
1089 4856 1108 4896 a
1130 4855 1177 4896 me
1201 4833 1427 4915 responsionem
1459 4834 1537 4895 hanc
1570 4832 1754 4911 exprimeres

394 4924 567 5005 aciresque,
599 4943 677 5004 quae
707 4944 777 5003 spes
810 4932 894 4986 esset
924 4924 1121 4999 Tabularum,
1157 4944 1213 5005 qno
1248 4926 1312 4986 leco
1336 4924 1548 4996 Astronomia,
1582 4931 1672 5002 utque
1700 4940 1755 5002 per

393 5013 576 5075 indirectum
609 5014 771 5075 lectoribus
802 5013 1063 5075 commendaretur
1094 5013 1240 5075 mirabilis
1280 5013 1427 5074 certitudo
1461 5020 1491 5074 et
1523 5029 1686 5072 consensus
1710 5010 1754 5072 tui

392 5102 514 5184 meique
535 5102 721 5166 calculomm
743 5102 822 5165 iuter
844 5121 877 5163 se
901 5110 933 5164 et
956 5119 1023 5164 cum
1047 5100 1257 5165 observatione
1280 5120 1365 5163 mea:
1390 5119 1477 5181 quem
1496 5117 1557 5181 ego
1576 5117 1754 5164 consensum
