<?xml version="1.0" encoding="UTF-8"?>
<!DOCTYPE html PUBLIC "-//W3C//DTD XHTML 1.0 Transitional//EN"
    "http://www.w3.org/TR/xhtml1/DTD/xhtml1-transitional.dtd">
<html xmlns="http://www.w3.org/1999/xhtml" xml:lang="en" lang="en">
 <head>
  <title>
</title>
<meta http-equiv="Content-Type" content="text/html;charset=utf-8" />
  <meta name='ocr-system' content='tesseract 3.04.00' />
  <meta name='ocr-capabilities' content='ocr_page ocr_carea ocr_par ocr_line ocrx_word'/>
</head>
<body>
  <div class='ocr_page' id='page_1' title='image "./joanniskepleria02frisgoog_0059.png"; bbox 0 0 4584 6192; ppageno 0'>
   <div class='ocr_carea' id='block_1_1' title="bbox 464 584 1394 657">
    <p class='ocr_par' dir='ltr' id='par_1_1' title="bbox 464 584 1394 657">
     <span class='ocr_line' id='line_1_1' title="bbox 464 584 1394 657; baseline 0 -16"><span class='ocrx_word' id='word_1_1' title='bbox 464 584 508 656; x_wconf 71' lang='lat' dir='ltr'>dd</span> <span class='ocrx_word' id='word_1_2' title='bbox 885 590 985 642; x_wconf 86' lang='lat' dir='ltr'>therae</span> <span class='ocrx_word' id='word_1_3' title='bbox 1003 591 1105 655; x_wconf 88' lang='lat' dir='ltr'>Kepleri</span> <span class='ocrx_word' id='word_1_4' title='bbox 1124 592 1274 657; x_wconf 87' lang='lat' dir='ltr'>aliorumque</span> <span class='ocrx_word' id='word_1_5' title='bbox 1292 598 1394 642; x_wconf 89' lang='lat' dir='ltr'>mutuae</span> 
     </span>
    </p>
   </div>
   <div class='ocr_carea' id='block_1_2' title="bbox 465 767 1823 1295">
    <p class='ocr_par' dir='ltr' id='par_1_2' title="bbox 465 767 1823 1295">
     <span class='ocr_line' id='line_1_2' title="bbox 556 767 1821 849; baseline -0.002 -16"><span class='ocrx_word' id='word_1_6' title='bbox 556 771 621 833; x_wconf 86' lang='lat' dir='ltr'>Nec</span> <span class='ocrx_word' id='word_1_7' title='bbox 646 770 777 833; x_wconf 84' lang='lat' dir='ltr'><strong>deterior</strong></span> <span class='ocrx_word' id='word_1_8' title='bbox 801 779 848 831; x_wconf 88' lang='lat' dir='ltr'>est</span> <span class='ocrx_word' id='word_1_9' title='bbox 873 777 925 830; x_wconf 89' lang='lat' dir='ltr'>tua</span> <span class='ocrx_word' id='word_1_10' title='bbox 948 789 1041 830; x_wconf 87' lang='lat' dir='ltr'>causa</span> <span class='ocrx_word' id='word_1_11' title='bbox 1065 770 1093 830; x_wconf 94' lang='lat' dir='ltr'>in</span> <span class='ocrx_word' id='word_1_12' title='bbox 1117 770 1213 831; x_wconf 90' lang='lat' dir='ltr'>altero</span> <span class='ocrx_word' id='word_1_13' title='bbox 1235 769 1388 831; x_wconf 86' lang='lat' dir='ltr'>schemate</span> <span class='ocrx_word' id='word_1_14' title='bbox 1405 770 1581 832; x_wconf 88' lang='lat' dir='ltr'>Vitellianis</span> <span class='ocrx_word' id='word_1_15' title='bbox 1605 770 1670 849; x_wconf 87' lang='lat' dir='ltr'>(fig.</span> <span class='ocrx_word' id='word_1_16' title='bbox 1687 767 1746 843; x_wconf 83' lang='lat'>22)</span> <span class='ocrx_word' id='word_1_17' title='bbox 1771 769 1821 830; x_wconf 90' lang='lat' dir='ltr'>ubi</span> 
     </span>
     <span class='ocr_line' id='line_1_3' title="bbox 469 858 1821 939; baseline -0.001 -17"><span class='ocrx_word' id='word_1_18' title='bbox 469 863 567 939; x_wconf 82' lang='lat' dir='ltr'>imago</span> <span class='ocrx_word' id='word_1_19' title='bbox 590 860 749 922; x_wconf 84' lang='lat' dir='ltr'>Vitelliani</span> <span class='ocrx_word' id='word_1_20' title='bbox 779 869 826 921; x_wconf 88' lang='lat' dir='ltr'>est</span> <span class='ocrx_word' id='word_1_21' title='bbox 857 867 926 920; x_wconf 92' lang='lat' dir='ltr'>ante</span> <span class='ocrx_word' id='word_1_22' title='bbox 951 860 1120 938; x_wconf 88' lang='lat' dir='ltr'>speculum,</span> <span class='ocrx_word' id='word_1_23' title='bbox 1155 858 1279 919; x_wconf 89' lang='lat' dir='ltr'>veritati</span> <span class='ocrx_word' id='word_1_24' title='bbox 1309 866 1387 938; x_wconf 88' lang='lat' dir='ltr'>post.</span> <span class='ocrx_word' id='word_1_25' title='bbox 1434 860 1523 920; x_wconf 89' lang='lat' dir='ltr'>Meae</span> <span class='ocrx_word' id='word_1_26' title='bbox 1555 868 1656 920; x_wconf 88' lang='lat' dir='ltr'>tamen</span> <span class='ocrx_word' id='word_1_27' title='bbox 1687 858 1821 920; x_wconf 87' lang='lat' dir='ltr'>rationes</span> 
     </span>
     <span class='ocr_line' id='line_1_4' title="bbox 468 946 1822 1029; baseline -0.001 -18"><span class='ocrx_word' id='word_1_28' title='bbox 468 952 562 1012; x_wconf 88' lang='lat' dir='ltr'>multo</span> <span class='ocrx_word' id='word_1_29' title='bbox 586 949 731 1029; x_wconf 88' lang='lat' dir='ltr'>majorem</span> <span class='ocrx_word' id='word_1_30' title='bbox 755 948 939 1011; x_wconf 88' lang='lat' dir='ltr'>exhibebunt</span> <span class='ocrx_word' id='word_1_31' title='bbox 961 947 1122 1026; x_wconf 87' lang='lat' dir='ltr'>imaginem</span> <span class='ocrx_word' id='word_1_32' title='bbox 1151 966 1182 1009; x_wconf 92' lang='lat' dir='ltr'>re</span> <span class='ocrx_word' id='word_1_33' title='bbox 1207 946 1288 1026; x_wconf 90' lang='lat' dir='ltr'>ipsa,</span> <span class='ocrx_word' id='word_1_34' title='bbox 1320 957 1390 1009; x_wconf 87' lang='lat' dir='ltr'>tuae</span> <span class='ocrx_word' id='word_1_35' title='bbox 1414 949 1569 1028; x_wconf 87' lang='lat' dir='ltr'>aequalem</span> <span class='ocrx_word' id='word_1_36' title='bbox 1599 946 1756 1020; x_wconf 83' lang='lat' dir='ltr'>exhibent,</span> <span class='ocrx_word' id='word_1_37' title='bbox 1787 955 1822 1009; x_wconf 94' lang='lat' dir='ltr'>ut</span> 
     </span>
     <span class='ocr_line' id='line_1_5' title="bbox 465 1035 1823 1116; baseline 0.001 -19"><span class='ocrx_word' id='word_1_38' title='bbox 465 1039 581 1112; x_wconf 89' lang='lat' dir='ltr'>videas,</span> <span class='ocrx_word' id='word_1_39' title='bbox 606 1038 635 1100; x_wconf 93' lang='lat' dir='ltr'>in</span> <span class='ocrx_word' id='word_1_40' title='bbox 661 1039 799 1099; x_wconf 84' lang='lat' dir='ltr'>concavis</span> <span class='ocrx_word' id='word_1_41' title='bbox 823 1046 904 1099; x_wconf 87' lang='lat' dir='ltr'>stare</span> <span class='ocrx_word' id='word_1_42' title='bbox 929 1056 985 1098; x_wconf 89' lang='lat' dir='ltr'>non</span> <span class='ocrx_word' id='word_1_43' title='bbox 1011 1056 1100 1116; x_wconf 93' lang='lat' dir='ltr'>posse</span> <span class='ocrx_word' id='word_1_44' title='bbox 1123 1045 1192 1097; x_wconf 87' lang='lat' dir='ltr'>tuas</span> <span class='ocrx_word' id='word_1_45' title='bbox 1216 1037 1380 1115; x_wconf 90' lang='lat' dir='ltr'>parallelas</span> <span class='ocrx_word' id='word_1_46' title='bbox 1405 1037 1611 1115; x_wconf 79' lang='lat' dir='ltr'>apparentiae.</span> <span class='ocrx_word' id='word_1_47' title='bbox 1660 1035 1713 1097; x_wconf 88' lang='lat' dir='ltr'>Sic</span> <span class='ocrx_word' id='word_1_48' title='bbox 1736 1043 1769 1098; x_wconf 89' lang='lat' dir='ltr'>et</span> <span class='ocrx_word' id='word_1_49' title='bbox 1791 1036 1823 1098; x_wconf 91' lang='lat' dir='ltr'>in</span> 
     </span>
     <span class='ocr_line' id='line_1_6' title="bbox 469 1107 1822 1204; baseline -0.002 -16"><span class='ocrx_word' id='word_1_50' title='bbox 469 1128 560 1190; x_wconf 89' lang='lat' dir='ltr'>tertio</span> <span class='ocrx_word' id='word_1_51' title='bbox 585 1107 673 1200; x_wconf 74' lang='lat' dir='ltr'>(tl),</span> <span class='ocrx_word' id='word_1_52' title='bbox 703 1126 752 1187; x_wconf 91' lang='lat' dir='ltr'>nbi</span> <span class='ocrx_word' id='word_1_53' title='bbox 781 1127 903 1204; x_wconf 85' lang='lat' dir='ltr'>elegans</span> <span class='ocrx_word' id='word_1_54' title='bbox 934 1133 981 1188; x_wconf 90' lang='lat' dir='ltr'>est</span> <span class='ocrx_word' id='word_1_55' title='bbox 1012 1125 1145 1187; x_wconf 82' lang='lat' dir='ltr'>fallacia.</span> <span class='ocrx_word' id='word_1_56' title='bbox 1192 1125 1271 1186; x_wconf 90' lang='lat' dir='ltr'>Nam</span> <span class='ocrx_word' id='word_1_57' title='bbox 1303 1135 1375 1204; x_wconf 90' lang='lat' dir='ltr'>puto</span> <span class='ocrx_word' id='word_1_58' title='bbox 1406 1127 1535 1188; x_wconf 84' lang='lat' dir='ltr'>sutorum</span> <span class='ocrx_word' id='word_1_59' title='bbox 1563 1135 1596 1187; x_wconf 89' lang='lat' dir='ltr'>nt</span> <span class='ocrx_word' id='word_1_60' title='bbox 1624 1126 1713 1186; x_wconf 90' lang='lat' dir='ltr'>ambo</span> <span class='ocrx_word' id='word_1_61' title='bbox 1743 1125 1822 1187; x_wconf 93' lang='lat' dir='ltr'>oculi</span> 
     </span>
     <span class='ocr_line' id='line_1_7' title="bbox 468 1209 1821 1295; baseline -0.001 -18"><span class='ocrx_word' id='word_1_62' title='bbox 468 1216 558 1277; x_wconf 90' lang='lat' dir='ltr'>simul</span> <span class='ocrx_word' id='word_1_63' title='bbox 582 1217 678 1294; x_wconf 86' lang='lat' dir='ltr'>aperti</span> <span class='ocrx_word' id='word_1_64' title='bbox 702 1215 903 1295; x_wconf 90' lang='lat' dir='ltr'>imaginentur</span> <span class='ocrx_word' id='word_1_65' title='bbox 933 1215 988 1276; x_wconf 91' lang='lat' dir='ltr'>eibi</span> <span class='ocrx_word' id='word_1_66' title='bbox 1014 1233 1102 1274; x_wconf 87' lang='lat' dir='ltr'>unam</span> <span class='ocrx_word' id='word_1_67' title='bbox 1127 1214 1286 1292; x_wconf 81' lang='lat' dir='ltr'>imaginem</span> <span class='ocrx_word' id='word_1_68' title='bbox 1315 1214 1438 1276; x_wconf 88' lang='lat' dir='ltr'>duomm</span> <span class='ocrx_word' id='word_1_69' title='bbox 1462 1215 1614 1275; x_wconf 91' lang='lat' dir='ltr'>oculorum</span> <span class='ocrx_word' id='word_1_70' title='bbox 1645 1209 1821 1275; x_wconf 80' lang='lat' dir='ltr'>haerentem</span> 
     </span>
    </p>
   </div>
   <div class='ocr_carea' id='block_1_3' title="bbox 371 1301 1822 1383">
    <p class='ocr_par' dir='ltr' id='par_1_3' title="bbox 371 1301 1822 1383">
     <span class='ocr_line' id='line_1_8' title="bbox 371 1301 1822 1383; baseline -0.003 -16"><span class='ocrx_word' id='word_1_71' title='bbox 371 1354 377 1368; x_wconf 86' lang='lat'>.</span> <span class='ocrx_word' id='word_1_72' title='bbox 470 1305 498 1367; x_wconf 94' lang='lat' dir='ltr'>in</span> <span class='ocrx_word' id='word_1_73' title='bbox 523 1305 618 1383; x_wconf 89' lang='lat' dir='ltr'>ipsius</span> <span class='ocrx_word' id='word_1_74' title='bbox 642 1305 809 1383; x_wconf 88' lang='lat' dir='ltr'>superficiei</span> <span class='ocrx_word' id='word_1_75' title='bbox 837 1312 947 1383; x_wconf 92' lang='lat' dir='ltr'>puncto</span> <span class='ocrx_word' id='word_1_76' title='bbox 973 1303 1012 1364; x_wconf 90' lang='lat' dir='ltr'>G.</span> <span class='ocrx_word' id='word_1_77' title='bbox 1061 1301 1147 1373; x_wconf 82' lang='lat' dir='ltr'>erod</span> <span class='ocrx_word' id='word_1_78' title='bbox 1180 1303 1205 1362; x_wconf 90' lang='lat' dir='ltr'>si</span> <span class='ocrx_word' id='word_1_79' title='bbox 1234 1303 1281 1363; x_wconf 91' lang='lat' dir='ltr'>hic</span> <span class='ocrx_word' id='word_1_80' title='bbox 1305 1303 1408 1364; x_wconf 90' lang='lat' dir='ltr'>unicus</span> <span class='ocrx_word' id='word_1_81' title='bbox 1432 1305 1534 1365; x_wconf 90' lang='lat' dir='ltr'>oculus</span> <span class='ocrx_word' id='word_1_82' title='bbox 1563 1302 1745 1383; x_wconf 85' lang='lat' dir='ltr'>imaginatur</span> <span class='ocrx_word' id='word_1_83' title='bbox 1764 1302 1822 1364; x_wconf 85' lang='lat' dir='ltr'>sibi</span> 
     </span>
    </p>
   </div>
   <div class='ocr_carea' id='block_1_4' title="bbox 465 1392 1824 4493">
    <p class='ocr_par' dir='ltr' id='par_1_4' title="bbox 465 1392 1823 3143">
     <span class='ocr_line' id='line_1_9' title="bbox 467 1392 1820 1474; baseline -0.001 -19"><span class='ocrx_word' id='word_1_84' title='bbox 467 1402 580 1455; x_wconf 89' lang='lat' dir='ltr'>certam</span> <span class='ocrx_word' id='word_1_85' title='bbox 596 1394 725 1474; x_wconf 85' lang='lat' dir='ltr'>aliquam</span> <span class='ocrx_word' id='word_1_86' title='bbox 741 1393 926 1468; x_wconf 86' lang='lat' dir='ltr'>distantiam,</span> <span class='ocrx_word' id='word_1_87' title='bbox 942 1393 1037 1453; x_wconf 89' lang='lat' dir='ltr'>habes</span> <span class='ocrx_word' id='word_1_88' title='bbox 1054 1402 1259 1470; x_wconf 87' lang='lat' dir='ltr'>argumentum</span> <span class='ocrx_word' id='word_1_89' title='bbox 1275 1393 1478 1455; x_wconf 89' lang='lat' dir='ltr'>concurrentis</span> <span class='ocrx_word' id='word_1_90' title='bbox 1495 1392 1662 1454; x_wconf 86' lang='lat' dir='ltr'>latitudinis</span> <span class='ocrx_word' id='word_1_91' title='bbox 1675 1392 1820 1471; x_wconf 92' lang='lat' dir='ltr'>pupillae.</span> 
     </span>
     <span class='ocr_line' id='line_1_10' title="bbox 469 1479 1822 1562; baseline -0.002 -19"><span class='ocrx_word' id='word_1_92' title='bbox 469 1482 531 1544; x_wconf 87' lang='lat' dir='ltr'>Sed</span> <span class='ocrx_word' id='word_1_93' title='bbox 555 1482 749 1561; x_wconf 90' lang='lat' dir='ltr'>periclitabor</span> <span class='ocrx_word' id='word_1_94' title='bbox 772 1483 820 1543; x_wconf 91' lang='lat' dir='ltr'>hic</span> <span class='ocrx_word' id='word_1_95' title='bbox 845 1501 970 1562; x_wconf 91' lang='lat' dir='ltr'>quoqne,</span> <span class='ocrx_word' id='word_1_96' title='bbox 996 1482 1022 1542; x_wconf 89' lang='lat' dir='ltr'>si</span> <span class='ocrx_word' id='word_1_97' title='bbox 1041 1481 1171 1542; x_wconf 78' lang='lat' dir='ltr'>facultas</span> <span class='ocrx_word' id='word_1_98' title='bbox 1194 1481 1264 1541; x_wconf 91' lang='lat' dir='ltr'>mihi</span> <span class='ocrx_word' id='word_1_99' title='bbox 1281 1479 1410 1542; x_wconf 87' lang='lat' dir='ltr'>dabitur.</span> <span class='ocrx_word' id='word_1_100' title='bbox 1457 1482 1552 1543; x_wconf 92' lang='lat' dir='ltr'>Miror</span> <span class='ocrx_word' id='word_1_101' title='bbox 1571 1490 1671 1543; x_wconf 90' lang='lat' dir='ltr'>autem</span> <span class='ocrx_word' id='word_1_102' title='bbox 1691 1490 1722 1541; x_wconf 88' lang='lat' dir='ltr'>te</span> <span class='ocrx_word' id='word_1_103' title='bbox 1748 1482 1822 1542; x_wconf 89' lang='lat' dir='ltr'>haec</span> 
     </span>
     <span class='ocr_line' id='line_1_11' title="bbox 469 1569 1822 1651; baseline -0.001 -19"><span class='ocrx_word' id='word_1_104' title='bbox 469 1572 622 1650; x_wconf 87' lang='lat' dir='ltr'>disputare</span> <span class='ocrx_word' id='word_1_105' title='bbox 647 1571 732 1651; x_wconf 89' lang='lat' dir='ltr'>quasi</span> <span class='ocrx_word' id='word_1_106' title='bbox 756 1581 858 1632; x_wconf 89' lang='lat' dir='ltr'>essent</span> <span class='ocrx_word' id='word_1_107' title='bbox 882 1570 953 1632; x_wconf 92' lang='lat' dir='ltr'>mihi</span> <span class='ocrx_word' id='word_1_108' title='bbox 978 1569 1138 1644; x_wconf 88' lang='lat' dir='ltr'>contraria,</span> <span class='ocrx_word' id='word_1_109' title='bbox 1163 1589 1230 1630; x_wconf 90' lang='lat' dir='ltr'>cum</span> <span class='ocrx_word' id='word_1_110' title='bbox 1246 1588 1280 1630; x_wconf 93' lang='lat' dir='ltr'>eo</span> <span class='ocrx_word' id='word_1_111' title='bbox 1304 1570 1381 1648; x_wconf 90' lang='lat' dir='ltr'>ipso,</span> <span class='ocrx_word' id='word_1_112' title='bbox 1406 1571 1483 1648; x_wconf 92' lang='lat' dir='ltr'>quod</span> <span class='ocrx_word' id='word_1_113' title='bbox 1500 1571 1662 1632; x_wconf 88' lang='lat' dir='ltr'>metatione</span> <span class='ocrx_word' id='word_1_114' title='bbox 1681 1570 1822 1649; x_wconf 88' lang='lat' dir='ltr'>imaginis</span> 
     </span>
     <span class='ocr_line' id='line_1_12' title="bbox 467 1658 1822 1741; baseline -0.001 -21"><span class='ocrx_word' id='word_1_115' title='bbox 467 1681 487 1720; x_wconf 90' lang='lat' dir='ltr'>a</span> <span class='ocrx_word' id='word_1_116' title='bbox 509 1659 630 1720; x_wconf 91' lang='lat' dir='ltr'>catheto</span> <span class='ocrx_word' id='word_1_117' title='bbox 654 1660 693 1720; x_wconf 88' lang='lat' dir='ltr'>ad</span> <span class='ocrx_word' id='word_1_118' title='bbox 717 1659 894 1721; x_wconf 84' lang='lat' dir='ltr'>dualitatem</span> <span class='ocrx_word' id='word_1_119' title='bbox 918 1660 965 1720; x_wconf 90' lang='lat' dir='ltr'>vol</span> <span class='ocrx_word' id='word_1_120' title='bbox 990 1659 1195 1741; x_wconf 87' lang='lat' dir='ltr'>pluralitatem</span> <span class='ocrx_word' id='word_1_121' title='bbox 1219 1658 1362 1719; x_wconf 87' lang='lat' dir='ltr'>linearum</span> <span class='ocrx_word' id='word_1_122' title='bbox 1387 1658 1510 1720; x_wconf 88' lang='lat' dir='ltr'>visionis</span> <span class='ocrx_word' id='word_1_123' title='bbox 1535 1660 1683 1739; x_wconf 89' lang='lat' dir='ltr'>(ejusdem</span> <span class='ocrx_word' id='word_1_124' title='bbox 1701 1659 1822 1737; x_wconf 91' lang='lat' dir='ltr'>puncti)</span> 
     </span>
     <span class='ocr_line' id='line_1_13' title="bbox 470 1747 1821 1827; baseline -0.001 -17"><span class='ocrx_word' id='word_1_125' title='bbox 470 1748 619 1821; x_wconf 86' lang='lat' dir='ltr'>transtuli,</span> <span class='ocrx_word' id='word_1_126' title='bbox 645 1748 733 1810; x_wconf 90' lang='lat' dir='ltr'>simul</span> <span class='ocrx_word' id='word_1_127' title='bbox 759 1749 894 1810; x_wconf 91' lang='lat' dir='ltr'>omnibus</span> <span class='ocrx_word' id='word_1_128' title='bbox 911 1748 1088 1827; x_wconf 89' lang='lat' dir='ltr'>hujusmodi,</span> <span class='ocrx_word' id='word_1_129' title='bbox 1114 1765 1248 1827; x_wconf 90' lang='lat' dir='ltr'>quaeque</span> <span class='ocrx_word' id='word_1_130' title='bbox 1268 1747 1329 1808; x_wconf 90' lang='lat' dir='ltr'>alia</span> <span class='ocrx_word' id='word_1_131' title='bbox 1352 1748 1483 1809; x_wconf 87' lang='lat' dir='ltr'>fortasse</span> <span class='ocrx_word' id='word_1_132' title='bbox 1498 1748 1584 1826; x_wconf 90' lang='lat' dir='ltr'>plura</span> <span class='ocrx_word' id='word_1_133' title='bbox 1606 1748 1729 1826; x_wconf 85' lang='lat' dir='ltr'>produci</span> <span class='ocrx_word' id='word_1_134' title='bbox 1744 1766 1821 1826; x_wconf 90' lang='lat' dir='ltr'>pos-</span> 
     </span>
     <span class='ocr_line' id='line_1_14' title="bbox 468 1835 1821 1916; baseline -0.002 -18"><span class='ocrx_word' id='word_1_135' title='bbox 468 1846 548 1910; x_wconf 86' lang='lat' dir='ltr'>sunt,</span> <span class='ocrx_word' id='word_1_136' title='bbox 573 1838 761 1898; x_wconf 88' lang='lat' dir='ltr'>occasionem</span> <span class='ocrx_word' id='word_1_137' title='bbox 785 1838 994 1910; x_wconf 84' lang='lat' dir='ltr'>sufficientem,</span> <span class='ocrx_word' id='word_1_138' title='bbox 1019 1835 1197 1916; x_wconf 89' lang='lat' dir='ltr'>quibusdam</span> <span class='ocrx_word' id='word_1_139' title='bbox 1221 1835 1312 1897; x_wconf 88' lang='lat' dir='ltr'>etiam</span> <span class='ocrx_word' id='word_1_140' title='bbox 1337 1835 1481 1915; x_wconf 89' lang='lat' dir='ltr'>exemplis</span> <span class='ocrx_word' id='word_1_141' title='bbox 1506 1837 1720 1908; x_wconf 85' lang='lat' dir='ltr'>confirmatam,</span> <span class='ocrx_word' id='word_1_142' title='bbox 1746 1837 1821 1896; x_wconf 90' lang='lat' dir='ltr'>snb-</span> 
     </span>
     <span class='ocr_line' id='line_1_15' title="bbox 468 1924 1822 2005; baseline -0.001 -18"><span class='ocrx_word' id='word_1_143' title='bbox 468 1926 646 1987; x_wconf 90' lang='lat' dir='ltr'>ministravi.</span> <span class='ocrx_word' id='word_1_144' title='bbox 692 1926 798 1988; x_wconf 84' lang='lat' dir='ltr'>Defuit</span> <span class='ocrx_word' id='word_1_145' title='bbox 822 1926 894 1987; x_wconf 92' lang='lat' dir='ltr'>mihi</span> <span class='ocrx_word' id='word_1_146' title='bbox 924 1925 979 1987; x_wconf 90' lang='lat' dir='ltr'>hoc</span> <span class='ocrx_word' id='word_1_147' title='bbox 1008 1944 1111 1999; x_wconf 89' lang='lat' dir='ltr'>unum,</span> <span class='ocrx_word' id='word_1_148' title='bbox 1138 1926 1216 2004; x_wconf 94' lang='lat' dir='ltr'>qnod</span> <span class='ocrx_word' id='word_1_149' title='bbox 1245 1925 1275 1985; x_wconf 96' lang='lat' dir='ltr'>in</span> <span class='ocrx_word' id='word_1_150' title='bbox 1304 1944 1438 1986; x_wconf 90' lang='lat' dir='ltr'>convexo</span> <span class='ocrx_word' id='word_1_151' title='bbox 1469 1926 1591 2005; x_wconf 90' lang='lat' dir='ltr'>speculo</span> <span class='ocrx_word' id='word_1_152' title='bbox 1615 1924 1753 2000; x_wconf 89' lang='lat' dir='ltr'>substiti,</span> <span class='ocrx_word' id='word_1_153' title='bbox 1785 1926 1822 1986; x_wconf 93' lang='lat' dir='ltr'>de</span> 
     </span>
     <span class='ocr_line' id='line_1_16' title="bbox 467 2013 1823 2094; baseline -0.001 -17"><span class='ocrx_word' id='word_1_154' title='bbox 467 2033 598 2077; x_wconf 88' lang='lat' dir='ltr'>concavo</span> <span class='ocrx_word' id='word_1_155' title='bbox 622 2033 661 2075; x_wconf 91' lang='lat' dir='ltr'>ex</span> <span class='ocrx_word' id='word_1_156' title='bbox 684 2016 787 2094; x_wconf 89' lang='lat' dir='ltr'>regula</span> <span class='ocrx_word' id='word_1_157' title='bbox 811 2015 1027 2076; x_wconf 87' lang='lat' dir='ltr'>contrariorum</span> <span class='ocrx_word' id='word_1_158' title='bbox 1047 2014 1182 2093; x_wconf 89' lang='lat' dir='ltr'>judicare</span> <span class='ocrx_word' id='word_1_159' title='bbox 1206 2021 1377 2075; x_wconf 91' lang='lat' dir='ltr'>contentus.</span> <span class='ocrx_word' id='word_1_160' title='bbox 1423 2013 1465 2075; x_wconf 85' lang='lat' dir='ltr'>Et</span> <span class='ocrx_word' id='word_1_161' title='bbox 1479 2022 1579 2076; x_wconf 88' lang='lat' dir='ltr'>tamen</span> <span class='ocrx_word' id='word_1_162' title='bbox 1604 2014 1669 2076; x_wconf 91' lang='lat' dir='ltr'>sine</span> <span class='ocrx_word' id='word_1_163' title='bbox 1688 2032 1823 2075; x_wconf 88' lang='lat' dir='ltr'>concavo</span> 
     </span>
     <span class='ocr_line' id='line_1_17' title="bbox 468 2100 1823 2183; baseline -0.002 -17"><span class='ocrx_word' id='word_1_164' title='bbox 468 2102 581 2166; x_wconf 90' lang='lat' dir='ltr'>obtinui</span> <span class='ocrx_word' id='word_1_165' title='bbox 615 2123 737 2165; x_wconf 91' lang='lat' dir='ltr'>causam</span> <span class='ocrx_word' id='word_1_166' title='bbox 768 2104 826 2165; x_wconf 89' lang='lat' dir='ltr'>loci</span> <span class='ocrx_word' id='word_1_167' title='bbox 851 2102 990 2182; x_wconf 90' lang='lat' dir='ltr'>imaginis</span> <span class='ocrx_word' id='word_1_168' title='bbox 1014 2102 1183 2183; x_wconf 84' lang='lat' dir='ltr'>quaesitam</span> <span class='ocrx_word' id='word_1_169' title='bbox 1207 2104 1289 2182; x_wconf 83' lang='lat' dir='ltr'>(cap.</span> <span class='ocrx_word' id='word_1_170' title='bbox 1314 2103 1368 2178; x_wconf 90' lang='lat' dir='ltr'>lll,</span> <span class='ocrx_word' id='word_1_171' title='bbox 1402 2100 1466 2176; x_wconf 87' lang='grc'>19).</span> <span class='ocrx_word' id='word_1_172' title='bbox 1514 2103 1580 2165; x_wconf 83' lang='lat' dir='ltr'>Nisi</span> <span class='ocrx_word' id='word_1_173' title='bbox 1611 2103 1688 2165; x_wconf 86' lang='lat' dir='ltr'>forte</span> <span class='ocrx_word' id='word_1_174' title='bbox 1712 2102 1768 2164; x_wconf 93' lang='lat' dir='ltr'>hoc</span> <span class='ocrx_word' id='word_1_175' title='bbox 1791 2110 1823 2165; x_wconf 91' lang='lat' dir='ltr'>te</span> 
     </span>
     <span class='ocr_line' id='line_1_18' title="bbox 466 2191 1820 2275; baseline -0.002 -21"><span class='ocrx_word' id='word_1_176' title='bbox 466 2199 577 2262; x_wconf 90' lang='lat' dir='ltr'>movet,</span> <span class='ocrx_word' id='word_1_177' title='bbox 603 2194 681 2273; x_wconf 92' lang='lat' dir='ltr'>quod</span> <span class='ocrx_word' id='word_1_178' title='bbox 706 2192 824 2272; x_wconf 90' lang='lat' dir='ltr'>disputo</span> <span class='ocrx_word' id='word_1_179' title='bbox 840 2193 925 2275; x_wconf 87' lang='lat' dir='ltr'>qqasi</span> <span class='ocrx_word' id='word_1_180' title='bbox 950 2192 986 2252; x_wconf 93' lang='lat' dir='ltr'>de</span> <span class='ocrx_word' id='word_1_181' title='bbox 1005 2211 1037 2253; x_wconf 88' lang='lat' dir='ltr'>re</span> <span class='ocrx_word' id='word_1_182' title='bbox 1061 2191 1240 2265; x_wconf 88' lang='lat' dir='ltr'>certissima,</span> <span class='ocrx_word' id='word_1_183' title='bbox 1265 2210 1317 2252; x_wconf 91' lang='lat' dir='ltr'>cur</span> <span class='ocrx_word' id='word_1_184' title='bbox 1332 2192 1415 2253; x_wconf 89' lang='lat' dir='ltr'>locus</span> <span class='ocrx_word' id='word_1_185' title='bbox 1430 2192 1570 2271; x_wconf 90' lang='lat' dir='ltr'>imaginis</span> <span class='ocrx_word' id='word_1_186' title='bbox 1586 2192 1627 2253; x_wconf 91' lang='lat' dir='ltr'>sit</span> <span class='ocrx_word' id='word_1_187' title='bbox 1640 2191 1820 2253; x_wconf 85' lang='lat' dir='ltr'>incatheto.</span> 
     </span>
     <span class='ocr_line' id='line_1_19' title="bbox 465 2279 1822 2361; baseline -0.003 -18"><span class='ocrx_word' id='word_1_188' title='bbox 465 2281 512 2343; x_wconf 90' lang='lat' dir='ltr'>At</span> <span class='ocrx_word' id='word_1_189' title='bbox 534 2281 704 2343; x_wconf 84' lang='lat' dir='ltr'>meminisse</span> <span class='ocrx_word' id='word_1_190' title='bbox 729 2282 868 2357; x_wconf 86' lang='lat' dir='ltr'>debuisti,</span> <span class='ocrx_word' id='word_1_191' title='bbox 892 2289 1001 2361; x_wconf 91' lang='lat' dir='ltr'>postea</span> <span class='ocrx_word' id='word_1_192' title='bbox 1024 2280 1185 2342; x_wconf 87' lang='lat' dir='ltr'>limitatam</span> <span class='ocrx_word' id='word_1_193' title='bbox 1209 2280 1287 2342; x_wconf 88' lang='lat' dir='ltr'>hanc</span> <span class='ocrx_word' id='word_1_194' title='bbox 1310 2281 1547 2360; x_wconf 86' lang='lat' dir='ltr'>propositionem</span> <span class='ocrx_word' id='word_1_195' title='bbox 1580 2281 1670 2341; x_wconf 87' lang='lat' dir='ltr'>etiam</span> <span class='ocrx_word' id='word_1_196' title='bbox 1694 2279 1723 2342; x_wconf 93' lang='lat' dir='ltr'>in</span> <span class='ocrx_word' id='word_1_197' title='bbox 1748 2299 1822 2341; x_wconf 91' lang='lat' dir='ltr'>eon·</span> 
     </span>
     <span class='ocr_line' id='line_1_20' title="bbox 467 2365 1822 2451; baseline -0.001 -21"><span class='ocrx_word' id='word_1_198' title='bbox 467 2370 563 2432; x_wconf 88' lang='lat' dir='ltr'>vexis.</span> <span class='ocrx_word' id='word_1_199' title='bbox 611 2368 672 2432; x_wconf 87' lang='lat' dir='ltr'>Cur</span> <span class='ocrx_word' id='word_1_200' title='bbox 695 2378 796 2432; x_wconf 90' lang='lat' dir='ltr'>autern</span> <span class='ocrx_word' id='word_1_201' title='bbox 811 2389 993 2449; x_wconf 89' lang='lat' dir='ltr'>magnopere</span> <span class='ocrx_word' id='word_1_202' title='bbox 1008 2368 1144 2448; x_wconf 86' lang='lat' dir='ltr'>glorieris</span> <span class='ocrx_word' id='word_1_203' title='bbox 1168 2368 1325 2448; x_wconf 89' lang='lat' dir='ltr'>proposita</span> <span class='ocrx_word' id='word_1_204' title='bbox 1347 2387 1432 2449; x_wconf 91' lang='lat' dir='ltr'>prop.</span> <span class='ocrx_word' id='word_1_205' title='bbox 1452 2365 1504 2431; x_wconf 81' lang='lat'>67.</span> <span class='ocrx_word' id='word_1_206' title='bbox 1525 2369 1576 2430; x_wconf 89' lang='lat' dir='ltr'>lib.</span> <span class='ocrx_word' id='word_1_207' title='bbox 1593 2370 1679 2431; x_wconf 92' lang='lat' dir='ltr'>Vlll.</span> <span class='ocrx_word' id='word_1_208' title='bbox 1699 2370 1822 2451; x_wconf 90' lang='lat' dir='ltr'>(quarn-</span> 
     </span>
     <span class='ocr_line' id='line_1_21' title="bbox 469 2455 1823 2538; baseline 0.001 -20"><span class='ocrx_word' id='word_1_209' title='bbox 469 2458 569 2520; x_wconf 91' lang='lat' dir='ltr'>visin</span> <span class='ocrx_word' id='word_1_210' title='bbox 594 2458 674 2519; x_wconf 91' lang='lat' dir='ltr'>bana</span> <span class='ocrx_word' id='word_1_211' title='bbox 701 2462 818 2528; x_wconf 79' lang='lat' dir='ltr'>eausa),</span> <span class='ocrx_word' id='word_1_212' title='bbox 843 2460 972 2520; x_wconf 91' lang='lat' dir='ltr'>nondum</span> <span class='ocrx_word' id='word_1_213' title='bbox 996 2459 1092 2520; x_wconf 93' lang='lat' dir='ltr'>video.</span> <span class='ocrx_word' id='word_1_214' title='bbox 1138 2457 1242 2519; x_wconf 89' lang='lat' dir='ltr'>Docta</span> <span class='ocrx_word' id='word_1_215' title='bbox 1265 2458 1343 2518; x_wconf 88' lang='lat' dir='ltr'>enirn</span> <span class='ocrx_word' id='word_1_216' title='bbox 1368 2458 1432 2537; x_wconf 85' lang='lat' dir='ltr'>(hg.</span> <span class='ocrx_word' id='word_1_217' title='bbox 1457 2455 1514 2532; x_wconf 83' lang='grc'>24)</span> <span class='ocrx_word' id='word_1_218' title='bbox 1540 2478 1577 2518; x_wconf 91' lang='lat' dir='ltr'>ex</span> <span class='ocrx_word' id='word_1_219' title='bbox 1601 2458 1627 2519; x_wconf 93' lang='lat' dir='ltr'>B</span> <span class='ocrx_word' id='word_1_220' title='bbox 1656 2466 1742 2519; x_wconf 79' lang='lat' dir='ltr'>reeta</span> <span class='ocrx_word' id='word_1_221' title='bbox 1769 2476 1823 2538; x_wconf 93' lang='lat' dir='ltr'>per</span> 
     </span>
     <span class='ocr_line' id='line_1_22' title="bbox 469 2546 1822 2627; baseline -0.001 -18"><span class='ocrx_word' id='word_1_222' title='bbox 469 2554 605 2610; x_wconf 87' lang='lat' dir='ltr'>centrum</span> <span class='ocrx_word' id='word_1_223' title='bbox 629 2566 725 2627; x_wconf 90' lang='lat' dir='ltr'>eaque</span> <span class='ocrx_word' id='word_1_224' title='bbox 748 2555 780 2609; x_wconf 93' lang='lat' dir='ltr'>et</span> <span class='ocrx_word' id='word_1_225' title='bbox 794 2547 855 2610; x_wconf 89' lang='lat' dir='ltr'>DG</span> <span class='ocrx_word' id='word_1_226' title='bbox 874 2546 1057 2609; x_wconf 89' lang='lat' dir='ltr'>continuatis</span> <span class='ocrx_word' id='word_1_227' title='bbox 1081 2547 1119 2607; x_wconf 91' lang='lat' dir='ltr'>ad</span> <span class='ocrx_word' id='word_1_228' title='bbox 1143 2564 1329 2619; x_wconf 84' lang='lat' dir='ltr'>coneursum,</span> <span class='ocrx_word' id='word_1_229' title='bbox 1355 2547 1481 2608; x_wconf 92' lang='lat' dir='ltr'>Vitellio</span> <span class='ocrx_word' id='word_1_230' title='bbox 1500 2546 1555 2608; x_wconf 89' lang='lat' dir='ltr'>tibi</span> <span class='ocrx_word' id='word_1_231' title='bbox 1570 2546 1666 2607; x_wconf 92' lang='lat' dir='ltr'>locum</span> <span class='ocrx_word' id='word_1_232' title='bbox 1681 2546 1822 2626; x_wconf 87' lang='lat' dir='ltr'>imaginis</span> 
     </span>
     <span class='ocr_line' id='line_1_23' title="bbox 469 2636 1821 2714; baseline -0.004 -14"><span class='ocrx_word' id='word_1_233' title='bbox 469 2636 513 2700; x_wconf 91' lang='lat' dir='ltr'>rei</span> <span class='ocrx_word' id='word_1_234' title='bbox 536 2637 622 2697; x_wconf 89' lang='lat' dir='ltr'>visae</span> <span class='ocrx_word' id='word_1_235' title='bbox 651 2638 792 2698; x_wconf 90' lang='lat' dir='ltr'>ostendet</span> <span class='ocrx_word' id='word_1_236' title='bbox 819 2637 848 2698; x_wconf 92' lang='lat' dir='ltr'>in</span> <span class='ocrx_word' id='word_1_237' title='bbox 873 2637 929 2698; x_wconf 90' lang='lat' dir='ltr'>hoc</span> <span class='ocrx_word' id='word_1_238' title='bbox 954 2655 1099 2697; x_wconf 87' lang='lat' dir='ltr'>concursu</span> <span class='ocrx_word' id='word_1_239' title='bbox 1127 2643 1215 2696; x_wconf 90' lang='lat' dir='ltr'>extra</span> <span class='ocrx_word' id='word_1_240' title='bbox 1238 2636 1405 2714; x_wconf 89' lang='lat' dir='ltr'>speculum,</span> <span class='ocrx_word' id='word_1_241' title='bbox 1435 2654 1489 2696; x_wconf 90' lang='lat' dir='ltr'>nec</span> <span class='ocrx_word' id='word_1_242' title='bbox 1520 2636 1564 2696; x_wconf 89' lang='lat' dir='ltr'>ita</span> <span class='ocrx_word' id='word_1_243' title='bbox 1587 2636 1712 2697; x_wconf 90' lang='lat' dir='ltr'>multum</span> <span class='ocrx_word' id='word_1_244' title='bbox 1736 2636 1821 2697; x_wconf 90' lang='lat' dir='ltr'>utin</span> 
     </span>
     <span class='ocr_line' id='line_1_24' title="bbox 466 2723 1822 2806; baseline -0.002 -19"><span class='ocrx_word' id='word_1_245' title='bbox 466 2723 617 2805; x_wconf 90' lang='lat' dir='ltr'>prioribus</span> <span class='ocrx_word' id='word_1_246' title='bbox 642 2724 763 2787; x_wconf 91' lang='lat' dir='ltr'>errabit.</span> <span class='ocrx_word' id='word_1_247' title='bbox 811 2726 916 2806; x_wconf 87' lang='lat' dir='ltr'>Itaque</span> <span class='ocrx_word' id='word_1_248' title='bbox 941 2747 959 2786; x_wconf 89' lang='lat' dir='ltr'>a</span> <span class='ocrx_word' id='word_1_249' title='bbox 982 2737 1013 2785; x_wconf 91' lang='lat' dir='ltr'>te</span> <span class='ocrx_word' id='word_1_250' title='bbox 1035 2723 1213 2804; x_wconf 88' lang='lat' dir='ltr'>postulabit,</span> <span class='ocrx_word' id='word_1_251' title='bbox 1239 2732 1272 2784; x_wconf 92' lang='lat' dir='ltr'>ut</span> <span class='ocrx_word' id='word_1_252' title='bbox 1295 2724 1336 2785; x_wconf 92' lang='lat' dir='ltr'>sit</span> <span class='ocrx_word' id='word_1_253' title='bbox 1358 2723 1426 2785; x_wconf 90' lang='lat' dir='ltr'>Tibi</span> <span class='ocrx_word' id='word_1_254' title='bbox 1450 2743 1575 2803; x_wconf 88' lang='lat' dir='ltr'>magnus</span> <span class='ocrx_word' id='word_1_255' title='bbox 1590 2725 1712 2805; x_wconf 89' lang='lat' dir='ltr'>Apollo.</span> <span class='ocrx_word' id='word_1_256' title='bbox 1760 2723 1822 2786; x_wconf 87' lang='lat' dir='ltr'>Sed</span> 
     </span>
     <span class='ocr_line' id='line_1_25' title="bbox 467 2813 1820 2895; baseline -0.001 -20"><span class='ocrx_word' id='word_1_257' title='bbox 467 2825 500 2875; x_wconf 93' lang='lat' dir='ltr'>tn</span> <span class='ocrx_word' id='word_1_258' title='bbox 521 2814 646 2876; x_wconf 80' lang='lat' dir='ltr'>forsitan</span> <span class='ocrx_word' id='word_1_259' title='bbox 673 2815 728 2875; x_wconf 90' lang='lat' dir='ltr'>hnc</span> <span class='ocrx_word' id='word_1_260' title='bbox 752 2815 885 2895; x_wconf 86' lang='lat' dir='ltr'>respicis,</span> <span class='ocrx_word' id='word_1_261' title='bbox 912 2814 990 2894; x_wconf 92' lang='lat' dir='ltr'>qnod</span> <span class='ocrx_word' id='word_1_262' title='bbox 1014 2813 1154 2892; x_wconf 86' lang='lat' dir='ltr'>analogia</span> <span class='ocrx_word' id='word_1_263' title='bbox 1178 2822 1345 2874; x_wconf 89' lang='lat' dir='ltr'>ceterorum</span> <span class='ocrx_word' id='word_1_264' title='bbox 1365 2813 1566 2893; x_wconf 87' lang='lat' dir='ltr'>exemplorum</span> <span class='ocrx_word' id='word_1_265' title='bbox 1582 2814 1710 2875; x_wconf 90' lang='lat' dir='ltr'>suadeat</span> <span class='ocrx_word' id='word_1_266' title='bbox 1726 2814 1820 2876; x_wconf 90' lang='lat' dir='ltr'>simn-</span> 
     </span>
     <span class='ocr_line' id='line_1_26' title="bbox 467 2901 1822 2982; baseline -0.001 -18"><span class='ocrx_word' id='word_1_267' title='bbox 467 2904 541 2978; x_wconf 89' lang='lat' dir='ltr'>lare,</span> <span class='ocrx_word' id='word_1_268' title='bbox 566 2902 684 2964; x_wconf 90' lang='lat' dir='ltr'>visibile</span> <span class='ocrx_word' id='word_1_269' title='bbox 709 2923 776 2965; x_wconf 86' lang='lat' dir='ltr'>esse</span> <span class='ocrx_word' id='word_1_270' title='bbox 800 2903 829 2965; x_wconf 90' lang='lat' dir='ltr'>in</span> <span class='ocrx_word' id='word_1_271' title='bbox 843 2904 910 2974; x_wconf 87' lang='grc' dir='ltr'>ΕΙ),</span> <span class='ocrx_word' id='word_1_272' title='bbox 934 2902 1115 2982; x_wconf 88' lang='lat' dir='ltr'>penultimae</span> <span class='ocrx_word' id='word_1_273' title='bbox 1140 2902 1317 2964; x_wconf 89' lang='lat' dir='ltr'>radiationis</span> <span class='ocrx_word' id='word_1_274' title='bbox 1341 2902 1430 2976; x_wconf 87' lang='lat' dir='ltr'>linea,</span> <span class='ocrx_word' id='word_1_275' title='bbox 1456 2903 1494 2963; x_wconf 92' lang='lat' dir='ltr'>ad</span> <span class='ocrx_word' id='word_1_276' title='bbox 1515 2902 1667 2964; x_wconf 91' lang='lat' dir='ltr'>minimum</span> <span class='ocrx_word' id='word_1_277' title='bbox 1691 2903 1771 2964; x_wconf 90' lang='lat' dir='ltr'>ultra</span> <span class='ocrx_word' id='word_1_278' title='bbox 1784 2901 1822 2962; x_wconf 91' lang='lat' dir='ltr'>D.</span> 
     </span>
     <span class='ocr_line' id='line_1_27' title="bbox 468 2986 1823 3071; baseline -0.002 -18"><span class='ocrx_word' id='word_1_279' title='bbox 468 2989 535 3062; x_wconf 86' lang='lat' dir='ltr'>Quo</span> <span class='ocrx_word' id='word_1_280' title='bbox 572 2999 661 3071; x_wconf 89' lang='lat' dir='ltr'>pacto</span> <span class='ocrx_word' id='word_1_281' title='bbox 689 2991 810 3067; x_wconf 90' lang='lat' dir='ltr'>iterum,</span> <span class='ocrx_word' id='word_1_282' title='bbox 846 3000 878 3054; x_wconf 90' lang='lat' dir='ltr'>ut</span> <span class='ocrx_word' id='word_1_283' title='bbox 906 2993 934 3054; x_wconf 93' lang='lat' dir='ltr'>in</span> <span class='ocrx_word' id='word_1_284' title='bbox 966 2992 1016 3053; x_wconf 90' lang='lat' dir='ltr'>lib.</span> <span class='ocrx_word' id='word_1_285' title='bbox 1042 2990 1128 3064; x_wconf 86' lang='lat' dir='ltr'>Vlll,</span> <span class='ocrx_word' id='word_1_286' title='bbox 1155 2986 1208 3052; x_wconf 73' lang='lat'>45.</span> <span class='ocrx_word' id='word_1_287' title='bbox 1233 3010 1394 3053; x_wconf 89' lang='lat' dir='ltr'>concursus</span> <span class='ocrx_word' id='word_1_288' title='bbox 1424 3010 1489 3052; x_wconf 88' lang='lat' dir='ltr'>curn</span> <span class='ocrx_word' id='word_1_289' title='bbox 1520 2990 1642 3054; x_wconf 88' lang='lat' dir='ltr'>catheto</span> <span class='ocrx_word' id='word_1_290' title='bbox 1674 2989 1823 3071; x_wconf 89' lang='lat' dir='ltr'>contingit</span> 
     </span>
     <span class='ocr_line' id='line_1_28' title="bbox 466 3075 1201 3143; baseline -0.005 0"><span class='ocrx_word' id='word_1_291' title='bbox 466 3090 546 3143; x_wconf 91' lang='lat' dir='ltr'>retro</span> <span class='ocrx_word' id='word_1_292' title='bbox 571 3081 697 3142; x_wconf 90' lang='lat' dir='ltr'>oculum.</span> <span class='ocrx_word' id='word_1_293' title='bbox 1199 3075 1201 3081; x_wconf 80' lang='lat'>&#39;</span> 
     </span>
    </p>

    <p class='ocr_par' dir='ltr' id='par_1_5' title="bbox 467 3167 1824 3871">
     <span class='ocr_line' id='line_1_29' title="bbox 557 3167 1822 3248; baseline -0.002 -17"><span class='ocrx_word' id='word_1_294' title='bbox 557 3169 619 3231; x_wconf 88' lang='lat' dir='ltr'>Sed</span> <span class='ocrx_word' id='word_1_295' title='bbox 643 3171 854 3231; x_wconf 89' lang='lat' dir='ltr'>concludamus</span> <span class='ocrx_word' id='word_1_296' title='bbox 878 3170 956 3230; x_wconf 91' lang='lat' dir='ltr'>hunc</span> <span class='ocrx_word' id='word_1_297' title='bbox 980 3170 1077 3231; x_wconf 87' lang='lat' dir='ltr'>locum</span> <span class='ocrx_word' id='word_1_298' title='bbox 1101 3167 1295 3248; x_wconf 79' lang='lat' dir='ltr'>repetitione.</span> <span class='ocrx_word' id='word_1_299' title='bbox 1313 3175 1382 3229; x_wconf 87' lang='lat' dir='ltr'>tuae</span> <span class='ocrx_word' id='word_1_300' title='bbox 1407 3168 1615 3229; x_wconf 91' lang='lat' dir='ltr'>conclusionis.</span> <span class='ocrx_word' id='word_1_301' title='bbox 1662 3168 1761 3229; x_wconf 89' lang='lat' dir='ltr'>Infers</span> <span class='ocrx_word' id='word_1_302' title='bbox 1785 3188 1822 3229; x_wconf 91' lang='lat' dir='ltr'>ex</span> 
     </span>
     <span class='ocr_line' id='line_1_30' title="bbox 470 3256 1820 3337; baseline -0.001 -17"><span class='ocrx_word' id='word_1_303' title='bbox 470 3257 531 3320; x_wconf 90' lang='lat' dir='ltr'>tuis</span> <span class='ocrx_word' id='word_1_304' title='bbox 555 3258 717 3337; x_wconf 90' lang='lat' dir='ltr'>exemplis,</span> <span class='ocrx_word' id='word_1_305' title='bbox 749 3259 911 3337; x_wconf 87' lang='lat' dir='ltr'>imaginem</span> <span class='ocrx_word' id='word_1_306' title='bbox 939 3277 996 3319; x_wconf 92' lang='lat' dir='ltr'>non</span> <span class='ocrx_word' id='word_1_307' title='bbox 1021 3277 1088 3319; x_wconf 89' lang='lat' dir='ltr'>esse</span> <span class='ocrx_word' id='word_1_308' title='bbox 1119 3259 1147 3318; x_wconf 93' lang='lat' dir='ltr'>in</span> <span class='ocrx_word' id='word_1_309' title='bbox 1173 3256 1294 3319; x_wconf 87' lang='lat' dir='ltr'>catheto</span> <span class='ocrx_word' id='word_1_310' title='bbox 1323 3256 1512 3317; x_wconf 88' lang='lat' dir='ltr'>incidentiae.</span> <span class='ocrx_word' id='word_1_311' title='bbox 1557 3256 1687 3318; x_wconf 90' lang='lat' dir='ltr'>Nimium</span> <span class='ocrx_word' id='word_1_312' title='bbox 1716 3256 1820 3318; x_wconf 83' lang='lat' dir='ltr'>infers.</span> 
     </span>
     <span class='ocr_line' id='line_1_31' title="bbox 467 3344 1822 3427; baseline -0.001 -19"><span class='ocrx_word' id='word_1_313' title='bbox 467 3348 547 3409; x_wconf 88' lang='lat' dir='ltr'>Nam</span> <span class='ocrx_word' id='word_1_314' title='bbox 575 3347 604 3407; x_wconf 92' lang='lat' dir='ltr'>in</span> <span class='ocrx_word' id='word_1_315' title='bbox 633 3348 724 3427; x_wconf 91' lang='lat' dir='ltr'>plano</span> <span class='ocrx_word' id='word_1_316' title='bbox 753 3346 874 3425; x_wconf 91' lang='lat' dir='ltr'>speculo</span> <span class='ocrx_word' id='word_1_317' title='bbox 899 3348 1004 3408; x_wconf 87' lang='lat' dir='ltr'>lateris</span> <span class='ocrx_word' id='word_1_318' title='bbox 1033 3348 1112 3427; x_wconf 89' lang='lat' dir='ltr'>ipse;</span> <span class='ocrx_word' id='word_1_319' title='bbox 1144 3347 1173 3407; x_wconf 95' lang='lat' dir='ltr'>in</span> <span class='ocrx_word' id='word_1_320' title='bbox 1203 3344 1344 3406; x_wconf 88' lang='lat' dir='ltr'>convexis</span> <span class='ocrx_word' id='word_1_321' title='bbox 1372 3355 1455 3407; x_wconf 92' lang='lat' dir='ltr'>certo</span> <span class='ocrx_word' id='word_1_322' title='bbox 1479 3346 1538 3407; x_wconf 89' lang='lat' dir='ltr'>situ</span> <span class='ocrx_word' id='word_1_323' title='bbox 1569 3346 1721 3408; x_wconf 92' lang='lat' dir='ltr'>oculorum</span> <span class='ocrx_word' id='word_1_324' title='bbox 1745 3345 1822 3408; x_wconf 89' lang='lat' dir='ltr'>evici</span> 
     </span>
     <span class='ocr_line' id='line_1_32' title="bbox 468 3433 1821 3515; baseline 0.001 -20"><span class='ocrx_word' id='word_1_325' title='bbox 468 3435 548 3515; x_wconf 90' lang='lat' dir='ltr'>ipse:</span> <span class='ocrx_word' id='word_1_326' title='bbox 582 3435 642 3497; x_wconf 89' lang='lat' dir='ltr'>situ</span> <span class='ocrx_word' id='word_1_327' title='bbox 671 3435 789 3497; x_wconf 90' lang='lat' dir='ltr'>diverso</span> <span class='ocrx_word' id='word_1_328' title='bbox 814 3436 965 3497; x_wconf 89' lang='lat' dir='ltr'>oculomm</span> <span class='ocrx_word' id='word_1_329' title='bbox 990 3436 1123 3509; x_wconf 90' lang='lat' dir='ltr'>ostendi,</span> <span class='ocrx_word' id='word_1_330' title='bbox 1152 3453 1257 3513; x_wconf 91' lang='lat' dir='ltr'>parum</span> <span class='ocrx_word' id='word_1_331' title='bbox 1285 3441 1317 3495; x_wconf 93' lang='lat' dir='ltr'>et</span> <span class='ocrx_word' id='word_1_332' title='bbox 1339 3434 1390 3495; x_wconf 90' lang='lat' dir='ltr'>vix</span> <span class='ocrx_word' id='word_1_333' title='bbox 1413 3435 1555 3496; x_wconf 88' lang='lat' dir='ltr'>sensibile</span> <span class='ocrx_word' id='word_1_334' title='bbox 1585 3433 1736 3515; x_wconf 90' lang='lat' dir='ltr'>quippiam</span> <span class='ocrx_word' id='word_1_335' title='bbox 1765 3435 1821 3497; x_wconf 87' lang='lat' dir='ltr'>ab·</span> 
     </span>
     <span class='ocr_line' id='line_1_33' title="bbox 468 3522 1820 3604; baseline 0 -20"><span class='ocrx_word' id='word_1_336' title='bbox 468 3543 567 3585; x_wconf 84' lang='lat' dir='ltr'>errare.</span> <span class='ocrx_word' id='word_1_337' title='bbox 591 3524 752 3604; x_wconf 91' lang='lat' dir='ltr'>imaginem</span> <span class='ocrx_word' id='word_1_338' title='bbox 776 3546 794 3585; x_wconf 92' lang='lat' dir='ltr'>a</span> <span class='ocrx_word' id='word_1_339' title='bbox 818 3525 948 3587; x_wconf 90' lang='lat' dir='ltr'>catheto.</span> <span class='ocrx_word' id='word_1_340' title='bbox 996 3526 1079 3586; x_wconf 89' lang='lat' dir='ltr'>Tuae</span> <span class='ocrx_word' id='word_1_341' title='bbox 1103 3543 1173 3602; x_wconf 89' lang='lat' dir='ltr'>ergo</span> <span class='ocrx_word' id='word_1_342' title='bbox 1198 3523 1270 3584; x_wconf 92' lang='lat' dir='ltr'>nihil</span> <span class='ocrx_word' id='word_1_343' title='bbox 1294 3522 1351 3583; x_wconf 92' lang='lat' dir='ltr'>nisi</span> <span class='ocrx_word' id='word_1_344' title='bbox 1376 3524 1567 3602; x_wconf 82' lang='lat' dir='ltr'>exceptiones</span> <span class='ocrx_word' id='word_1_345' title='bbox 1592 3532 1662 3584; x_wconf 92' lang='lat' dir='ltr'>sunt</span> <span class='ocrx_word' id='word_1_346' title='bbox 1685 3524 1721 3584; x_wconf 90' lang='lat' dir='ltr'>de</span> <span class='ocrx_word' id='word_1_347' title='bbox 1746 3542 1820 3585; x_wconf 90' lang='lat' dir='ltr'>con-</span> 
     </span>
     <span class='ocr_line' id='line_1_34' title="bbox 469 3612 1822 3693; baseline 0 -19"><span class='ocrx_word' id='word_1_348' title='bbox 469 3631 544 3674; x_wconf 89' lang='lat' dir='ltr'>cavo</span> <span class='ocrx_word' id='word_1_349' title='bbox 568 3632 662 3693; x_wconf 92' lang='lat' dir='ltr'>eoque</span> <span class='ocrx_word' id='word_1_350' title='bbox 688 3634 744 3675; x_wconf 92' lang='lat' dir='ltr'>non</span> <span class='ocrx_word' id='word_1_351' title='bbox 770 3615 858 3675; x_wconf 86' lang='lat' dir='ltr'>omni.</span> <span class='ocrx_word' id='word_1_352' title='bbox 906 3614 939 3674; x_wconf 92' lang='lat' dir='ltr'>ln</span> <span class='ocrx_word' id='word_1_353' title='bbox 964 3632 1073 3692; x_wconf 88' lang='lat' dir='ltr'>genere</span> <span class='ocrx_word' id='word_1_354' title='bbox 1097 3621 1198 3674; x_wconf 85' lang='lat' dir='ltr'>tamen</span> <span class='ocrx_word' id='word_1_355' title='bbox 1223 3612 1279 3672; x_wconf 91' lang='lat' dir='ltr'>hoc</span> <span class='ocrx_word' id='word_1_356' title='bbox 1294 3630 1420 3685; x_wconf 85' lang='lat' dir='ltr'>mecum,</span> <span class='ocrx_word' id='word_1_357' title='bbox 1444 3612 1596 3674; x_wconf 89' lang='lat' dir='ltr'>cathetum</span> <span class='ocrx_word' id='word_1_358' title='bbox 1621 3630 1654 3672; x_wconf 90' lang='lat' dir='ltr'>se</span> <span class='ocrx_word' id='word_1_359' title='bbox 1673 3613 1740 3691; x_wconf 91' lang='lat' dir='ltr'>ipso</span> <span class='ocrx_word' id='word_1_360' title='bbox 1764 3631 1822 3674; x_wconf 91' lang='lat' dir='ltr'>nou</span> 
     </span>
     <span class='ocr_line' id='line_1_35' title="bbox 468 3695 1824 3781; baseline -0.001 -18"><span class='ocrx_word' id='word_1_361' title='bbox 468 3710 570 3781; x_wconf 91' lang='lat' dir='ltr'>aptam</span> <span class='ocrx_word' id='word_1_362' title='bbox 596 3721 662 3762; x_wconf 91' lang='lat' dir='ltr'>esse</span> <span class='ocrx_word' id='word_1_363' title='bbox 687 3705 724 3763; x_wconf 90' lang='lat' dir='ltr'>ad</span> <span class='ocrx_word' id='word_1_364' title='bbox 750 3703 906 3763; x_wconf 85' lang='lat' dir='ltr'>locandam</span> <span class='ocrx_word' id='word_1_365' title='bbox 930 3702 1098 3781; x_wconf 90' lang='lat' dir='ltr'>imaginem.</span> <span class='ocrx_word' id='word_1_366' title='bbox 1147 3700 1204 3762; x_wconf 94' lang='lat' dir='ltr'>Ubi</span> <span class='ocrx_word' id='word_1_367' title='bbox 1235 3695 1364 3761; x_wconf 87' lang='lat' dir='ltr'>collo&#39;ces</span> <span class='ocrx_word' id='word_1_368' title='bbox 1388 3700 1566 3779; x_wconf 88' lang='lat' dir='ltr'>imaginem,</span> <span class='ocrx_word' id='word_1_369' title='bbox 1601 3701 1731 3763; x_wconf 88' lang='lat' dir='ltr'>dubitas.</span> <span class='ocrx_word' id='word_1_370' title='bbox 1780 3702 1824 3762; x_wconf 85' lang='lat' dir='ltr'>At</span> 
     </span>
     <span class='ocr_line' id='line_1_36' title="bbox 469 3789 1715 3871; baseline -0.002 -19"><span class='ocrx_word' id='word_1_371' title='bbox 469 3811 526 3871; x_wconf 91' lang='lat' dir='ltr'>ego</span> <span class='ocrx_word' id='word_1_372' title='bbox 551 3791 685 3870; x_wconf 88' lang='lat' dir='ltr'>regulam</span> <span class='ocrx_word' id='word_1_373' title='bbox 709 3792 908 3852; x_wconf 90' lang='lat' dir='ltr'>universalem</span> <span class='ocrx_word' id='word_1_374' title='bbox 934 3791 1001 3851; x_wconf 86' lang='lat' dir='ltr'>dedi</span> <span class='ocrx_word' id='word_1_375' title='bbox 1025 3799 1056 3853; x_wconf 91' lang='lat' dir='ltr'>et</span> <span class='ocrx_word' id='word_1_376' title='bbox 1080 3789 1301 3863; x_wconf 89' lang='lat' dir='ltr'>demonstravi,</span> <span class='ocrx_word' id='word_1_377' title='bbox 1327 3796 1360 3851; x_wconf 91' lang='lat' dir='ltr'>ut</span> <span class='ocrx_word' id='word_1_378' title='bbox 1383 3789 1503 3850; x_wconf 92' lang='lat' dir='ltr'>dubium</span> <span class='ocrx_word' id='word_1_379' title='bbox 1527 3790 1568 3851; x_wconf 89' lang='lat' dir='ltr'>sit</span> <span class='ocrx_word' id='word_1_380' title='bbox 1591 3789 1715 3851; x_wconf 91' lang='lat' dir='ltr'>nullum.</span> 
     </span>
    </p>

    <p class='ocr_par' dir='ltr' id='par_1_6' title="bbox 466 3876 1824 4493">
     <span class='ocr_line' id='line_1_37' title="bbox 520 3876 1824 3959; baseline 0 -19"><span class='ocrx_word' id='word_1_381' title='bbox 520 3944 530 3952; x_wconf 68' lang='grc'><strong><em>,</em></strong></span> <span class='ocrx_word' id='word_1_382' title='bbox 559 3878 638 3950; x_wconf 83' lang='lat' dir='ltr'>Quid</span> <span class='ocrx_word' id='word_1_383' title='bbox 662 3898 733 3940; x_wconf 89' lang='lat' dir='ltr'>vero</span> <span class='ocrx_word' id='word_1_384' title='bbox 766 3881 804 3940; x_wconf 91' lang='lat' dir='ltr'>ad</span> <span class='ocrx_word' id='word_1_385' title='bbox 828 3880 923 3941; x_wconf 91' lang='lat' dir='ltr'>Tuam</span> <span class='ocrx_word' id='word_1_386' title='bbox 954 3880 1134 3941; x_wconf 88' lang='lat' dir='ltr'>modestiam</span> <span class='ocrx_word' id='word_1_387' title='bbox 1159 3878 1275 3939; x_wconf 91' lang='lat' dir='ltr'>dicam?</span> <span class='ocrx_word' id='word_1_388' title='bbox 1321 3876 1401 3948; x_wconf 87' lang='lat' dir='ltr'>Quid</span> <span class='ocrx_word' id='word_1_389' title='bbox 1425 3878 1503 3938; x_wconf 89' lang='lat' dir='ltr'>euim</span> <span class='ocrx_word' id='word_1_390' title='bbox 1527 3879 1584 3940; x_wconf 91' lang='lat' dir='ltr'>nisi</span> <span class='ocrx_word' id='word_1_391' title='bbox 1606 3888 1639 3939; x_wconf 91' lang='lat' dir='ltr'>ut</span> <span class='ocrx_word' id='word_1_392' title='bbox 1663 3878 1824 3959; x_wconf 90' lang='lat' dir='ltr'>ingenuam</span> 
     </span>
     <span class='ocr_line' id='line_1_38' title="bbox 467 3965 1823 4049; baseline -0.001 -20"><span class='ocrx_word' id='word_1_393' title='bbox 467 3969 672 4032; x_wconf 89' lang='lat' dir='ltr'>commendem</span> <span class='ocrx_word' id='word_1_394' title='bbox 696 3969 824 4048; x_wconf 86' lang='lat' dir='ltr'>mihique</span> <span class='ocrx_word' id='word_1_395' title='bbox 848 3969 1024 4030; x_wconf 91' lang='lat' dir='ltr'>imitandam</span> <span class='ocrx_word' id='word_1_396' title='bbox 1048 3986 1222 4049; x_wconf 90' lang='lat' dir='ltr'>proponam.</span> <span class='ocrx_word' id='word_1_397' title='bbox 1270 3965 1416 4036; x_wconf 85' lang='lat' dir='ltr'>Quamvis</span> <span class='ocrx_word' id='word_1_398' title='bbox 1447 3976 1478 4027; x_wconf 86' lang='lat' dir='ltr'>tu</span> <span class='ocrx_word' id='word_1_399' title='bbox 1502 3974 1565 4027; x_wconf 91' lang='lat' dir='ltr'>tarn</span> <span class='ocrx_word' id='word_1_400' title='bbox 1590 3967 1699 4047; x_wconf 83' lang='lat' dir='ltr'>frigido</span> <span class='ocrx_word' id='word_1_401' title='bbox 1722 3967 1823 4030; x_wconf 90' lang='lat' dir='ltr'>victo-</span> 
     </span>
     <span class='ocr_line' id='line_1_39' title="bbox 466 4055 1824 4137; baseline -0.001 -18"><span class='ocrx_word' id='word_1_402' title='bbox 466 4059 531 4119; x_wconf 90' lang='lat' dir='ltr'>riae</span> <span class='ocrx_word' id='word_1_403' title='bbox 555 4058 655 4120; x_wconf 89' lang='lat' dir='ltr'>studio</span> <span class='ocrx_word' id='word_1_404' title='bbox 680 4057 778 4118; x_wconf 87' lang='lat' dir='ltr'>vicisti</span> <span class='ocrx_word' id='word_1_405' title='bbox 803 4066 903 4118; x_wconf 90' lang='lat' dir='ltr'>tamen</span> <span class='ocrx_word' id='word_1_406' title='bbox 929 4058 1046 4137; x_wconf 90' lang='lat' dir='ltr'>opticos</span> <span class='ocrx_word' id='word_1_407' title='bbox 1070 4067 1102 4118; x_wconf 90' lang='lat' dir='ltr'>et</span> <span class='ocrx_word' id='word_1_408' title='bbox 1124 4057 1154 4118; x_wconf 93' lang='lat' dir='ltr'>in</span> <span class='ocrx_word' id='word_1_409' title='bbox 1179 4064 1296 4135; x_wconf 88' lang='lat' dir='ltr'>partem</span> <span class='ocrx_word' id='word_1_410' title='bbox 1321 4055 1461 4135; x_wconf 92' lang='lat' dir='ltr'>triumphi</span> <span class='ocrx_word' id='word_1_411' title='bbox 1491 4056 1593 4131; x_wconf 92' lang='lat' dir='ltr'>venis,</span> <span class='ocrx_word' id='word_1_412' title='bbox 1633 4056 1768 4136; x_wconf 89' lang='lat' dir='ltr'>adeoque</span> <span class='ocrx_word' id='word_1_413' title='bbox 1793 4063 1824 4119; x_wconf 87' lang='lat' dir='ltr'>et</span> 
     </span>
     <span class='ocr_line' id='line_1_40' title="bbox 466 4143 1824 4226; baseline -0.001 -18"><span class='ocrx_word' id='word_1_414' title='bbox 466 4167 513 4208; x_wconf 92' lang='lat' dir='ltr'>me</span> <span class='ocrx_word' id='word_1_415' title='bbox 536 4147 644 4208; x_wconf 91' lang='lat' dir='ltr'>vincis.</span> <span class='ocrx_word' id='word_1_416' title='bbox 683 4146 816 4208; x_wconf 89' lang='lat' dir='ltr'>Tametsi</span> <span class='ocrx_word' id='word_1_417' title='bbox 841 4147 919 4207; x_wconf 89' lang='lat' dir='ltr'>enirn</span> <span class='ocrx_word' id='word_1_418' title='bbox 935 4165 996 4207; x_wconf 92' lang='lat' dir='ltr'>rem</span> <span class='ocrx_word' id='word_1_419' title='bbox 1020 4146 1117 4226; x_wconf 87' lang='lat' dir='ltr'>ipsam</span> <span class='ocrx_word' id='word_1_420' title='bbox 1142 4152 1227 4206; x_wconf 89' lang='lat' dir='ltr'>tenet</span> <span class='ocrx_word' id='word_1_421' title='bbox 1250 4143 1325 4205; x_wconf 92' lang='lat' dir='ltr'>liber</span> <span class='ocrx_word' id='word_1_422' title='bbox 1348 4163 1447 4220; x_wconf 91' lang='lat' dir='ltr'>meus,</span> <span class='ocrx_word' id='word_1_423' title='bbox 1472 4145 1587 4224; x_wconf 92' lang='lat' dir='ltr'>passim</span> <span class='ocrx_word' id='word_1_424' title='bbox 1611 4153 1713 4207; x_wconf 90' lang='lat' dir='ltr'>tamen</span> <span class='ocrx_word' id='word_1_425' title='bbox 1729 4145 1824 4208; x_wconf 90' lang='lat' dir='ltr'>verba</span> 
     </span>
     <span class='ocr_line' id='line_1_41' title="bbox 468 4232 1821 4315; baseline -0.001 -18"><span class='ocrx_word' id='word_1_426' title='bbox 468 4244 500 4297; x_wconf 89' lang='lat' dir='ltr'>et</span> <span class='ocrx_word' id='word_1_427' title='bbox 521 4235 717 4314; x_wconf 87' lang='lat' dir='ltr'>repetitiones</span> <span class='ocrx_word' id='word_1_428' title='bbox 741 4254 826 4296; x_wconf 87' lang='lat' dir='ltr'>meae</span> <span class='ocrx_word' id='word_1_429' title='bbox 851 4243 920 4296; x_wconf 89' lang='lat' dir='ltr'>sunt</span> <span class='ocrx_word' id='word_1_430' title='bbox 944 4236 1105 4315; x_wconf 90' lang='lat' dir='ltr'>ejusmodi,</span> <span class='ocrx_word' id='word_1_431' title='bbox 1128 4232 1307 4313; x_wconf 89' lang='lat' dir='ltr'>praesertim</span> <span class='ocrx_word' id='word_1_432' title='bbox 1332 4233 1432 4313; x_wconf 90' lang='lat' dir='ltr'>eapite</span> <span class='ocrx_word' id='word_1_433' title='bbox 1455 4234 1515 4308; x_wconf 89' lang='lat' dir='ltr'>IV,</span> <span class='ocrx_word' id='word_1_434' title='bbox 1546 4253 1581 4295; x_wconf 87' lang='lat' dir='ltr'>aa</span> <span class='ocrx_word' id='word_1_435' title='bbox 1612 4234 1639 4295; x_wconf 89' lang='lat' dir='ltr'>si</span> <span class='ocrx_word' id='word_1_436' title='bbox 1667 4235 1758 4314; x_wconf 88' lang='lat' dir='ltr'>plane</span> <span class='ocrx_word' id='word_1_437' title='bbox 1783 4235 1821 4296; x_wconf 88' lang='lat' dir='ltr'>ab</span> 
     </span>
     <span class='ocr_line' id='line_1_42' title="bbox 468 4321 1824 4403; baseline 0.001 -19"><span class='ocrx_word' id='word_1_438' title='bbox 468 4323 632 4402; x_wconf 91' lang='lat' dir='ltr'>opticorum</span> <span class='ocrx_word' id='word_1_439' title='bbox 656 4324 780 4386; x_wconf 89' lang='lat' dir='ltr'>catheto</span> <span class='ocrx_word' id='word_1_440' title='bbox 804 4331 928 4398; x_wconf 86' lang='lat' dir='ltr'>starem,</span> <span class='ocrx_word' id='word_1_441' title='bbox 954 4342 1041 4403; x_wconf 91' lang='lat' dir='ltr'>quam</span> <span class='ocrx_word' id='word_1_442' title='bbox 1065 4332 1097 4385; x_wconf 93' lang='lat' dir='ltr'>tu</span> <span class='ocrx_word' id='word_1_443' title='bbox 1122 4322 1313 4402; x_wconf 79' lang='lat' dir='ltr'>expugnasti.</span> <span class='ocrx_word' id='word_1_444' title='bbox 1359 4322 1439 4385; x_wconf 88' lang='lat' dir='ltr'>Nam</span> <span class='ocrx_word' id='word_1_445' title='bbox 1461 4323 1598 4401; x_wconf 87' lang='lat' dir='ltr'>prolecto</span> <span class='ocrx_word' id='word_1_446' title='bbox 1623 4321 1692 4384; x_wconf 90' lang='lat' dir='ltr'>aliis</span> <span class='ocrx_word' id='word_1_447' title='bbox 1716 4343 1824 4386; x_wconf 90' lang='lat' dir='ltr'>usurus</span> 
     </span>
     <span class='ocr_line' id='line_1_43' title="bbox 469 4411 1823 4493; baseline 0.001 -20"><span class='ocrx_word' id='word_1_448' title='bbox 469 4412 509 4473; x_wconf 85' lang='lat' dir='ltr'>lui</span> <span class='ocrx_word' id='word_1_449' title='bbox 533 4411 648 4485; x_wconf 89' lang='lat' dir='ltr'>verbis,</span> <span class='ocrx_word' id='word_1_450' title='bbox 673 4413 698 4473; x_wconf 90' lang='lat' dir='ltr'>si</span> <span class='ocrx_word' id='word_1_451' title='bbox 723 4423 791 4475; x_wconf 89' lang='lat' dir='ltr'>tuas</span> <span class='ocrx_word' id='word_1_452' title='bbox 815 4414 871 4473; x_wconf 92' lang='lat' dir='ltr'>has</span> <span class='ocrx_word' id='word_1_453' title='bbox 895 4413 1080 4493; x_wconf 85' lang='lat' dir='ltr'>objectiones</span> <span class='ocrx_word' id='word_1_454' title='bbox 1103 4412 1185 4492; x_wconf 90' lang='lat' dir='ltr'>prius</span> <span class='ocrx_word' id='word_1_455' title='bbox 1209 4411 1350 4490; x_wconf 86' lang='lat' dir='ltr'>legissem</span> <span class='ocrx_word' id='word_1_456' title='bbox 1374 4419 1406 4472; x_wconf 88' lang='lat' dir='ltr'>et</span> <span class='ocrx_word' id='word_1_457' title='bbox 1429 4411 1455 4471; x_wconf 90' lang='lat' dir='ltr'>si</span> <span class='ocrx_word' id='word_1_458' title='bbox 1470 4411 1526 4488; x_wconf 91' lang='lat' dir='ltr'>hoe</span> <span class='ocrx_word' id='word_1_459' title='bbox 1550 4411 1718 4488; x_wconf 89' lang='lat' dir='ltr'>scivissem,</span> <span class='ocrx_word' id='word_1_460' title='bbox 1743 4412 1823 4474; x_wconf 87' lang='lat' dir='ltr'>ima·</span> 
     </span>
    </p>
   </div>
   <div class='ocr_carea' id='block_1_5' title="bbox 468 4499 1411 4581">
    <p class='ocr_par' dir='ltr' id='par_1_7' title="bbox 468 4499 1411 4581">
     <span class='ocr_line' id='line_1_44' title="bbox 468 4499 1411 4581; baseline -0.001 -20"><span class='ocrx_word' id='word_1_461' title='bbox 468 4500 555 4580; x_wconf 90' lang='lat' dir='ltr'>gines</span> <span class='ocrx_word' id='word_1_462' title='bbox 578 4502 608 4561; x_wconf 95' lang='lat' dir='ltr'>in</span> <span class='ocrx_word' id='word_1_463' title='bbox 633 4502 773 4563; x_wconf 87' lang='lat' dir='ltr'>concavis</span> <span class='ocrx_word' id='word_1_464' title='bbox 796 4502 885 4581; x_wconf 90' lang='lat' dir='ltr'>plane</span> <span class='ocrx_word' id='word_1_465' title='bbox 910 4510 998 4563; x_wconf 86' lang='lat' dir='ltr'>extra</span> <span class='ocrx_word' id='word_1_466' title='bbox 1021 4502 1176 4563; x_wconf 90' lang='lat' dir='ltr'>cathetum</span> <span class='ocrx_word' id='word_1_467' title='bbox 1199 4499 1309 4561; x_wconf 90' lang='lat' dir='ltr'>alicubi</span> <span class='ocrx_word' id='word_1_468' title='bbox 1333 4519 1411 4561; x_wconf 90' lang='lat' dir='ltr'>esse.</span> 
     </span>
    </p>
   </div>
   <div class='ocr_carea' id='block_1_6' title="bbox 466 4588 1824 5225">
    <p class='ocr_par' dir='ltr' id='par_1_8' title="bbox 467 4588 1822 4726">
     <span class='ocr_line' id='line_1_45' title="bbox 555 4588 1822 4656; baseline -0.002 -16"><span class='ocrx_word' id='word_1_469' title='bbox 555 4590 612 4640; x_wconf 84' lang='lat' dir='ltr'>Huc</span> <span class='ocrx_word' id='word_1_470' title='bbox 630 4606 707 4655; x_wconf 87' lang='lat' dir='ltr'>usqae</span> <span class='ocrx_word' id='word_1_471' title='bbox 725 4590 893 4656; x_wconf 86' lang='lat' dir='ltr'>Keplerus.</span> <span class='ocrx_word' id='word_1_472' title='bbox 929 4590 987 4641; x_wconf 85' lang='lat' dir='ltr'>Janr</span> <span class='ocrx_word' id='word_1_473' title='bbox 1006 4590 1139 4641; x_wconf 88' lang='lat' dir='ltr'>redeuntes</span> <span class='ocrx_word' id='word_1_474' title='bbox 1159 4589 1191 4638; x_wconf 85' lang='lat' dir='ltr'>ad</span> <span class='ocrx_word' id='word_1_475' title='bbox 1209 4588 1501 4654; x_wconf 85' lang='lat' dir='ltr'>Brenggerlliteras,</span> <span class='ocrx_word' id='word_1_476' title='bbox 1530 4601 1644 4652; x_wconf 85' lang='lat' dir='ltr'>eaquae</span> <span class='ocrx_word' id='word_1_477' title='bbox 1663 4588 1747 4651; x_wconf 87' lang='lat' dir='ltr'>priora</span> <span class='ocrx_word' id='word_1_478' title='bbox 1766 4605 1822 4653; x_wconf 92' lang='lat' dir='ltr'>pro·</span> 
     </span>
     <span class='ocr_line' id='line_1_46' title="bbox 467 4661 1307 4726; baseline -0.004 -15"><span class='ocrx_word' id='word_1_479' title='bbox 467 4662 531 4711; x_wconf 86' lang='lat' dir='ltr'>xime</span> <span class='ocrx_word' id='word_1_480' title='bbox 550 4668 685 4725; x_wconf 87' lang='lat' dir='ltr'>sequuntur</span> <span class='ocrx_word' id='word_1_481' title='bbox 701 4663 873 4726; x_wconf 81' lang='lat' dir='ltr'>proponimus.</span> <span class='ocrx_word' id='word_1_482' title='bbox 892 4664 1037 4712; x_wconf 84' lang='lat' dir='ltr'>intermixtis</span> <span class='ocrx_word' id='word_1_483' title='bbox 1056 4662 1159 4725; x_wconf 86' lang='lat' dir='ltr'>Kepleri</span> <span class='ocrx_word' id='word_1_484' title='bbox 1177 4661 1307 4724; x_wconf 85' lang='lat' dir='ltr'>responsis.</span> 
     </span>
    </p>

    <p class='ocr_par' dir='ltr' id='par_1_9' title="bbox 466 4730 1824 5225">
     <span class='ocr_line' id='line_1_47' title="bbox 555 4730 1823 4798; baseline -0.002 -15"><span class='ocrx_word' id='word_1_485' title='bbox 555 4732 640 4793; x_wconf 84' lang='lat' dir='ltr'>Quod,</span> <span class='ocrx_word' id='word_1_486' title='bbox 659 4734 746 4798; x_wconf 89' lang='lat' dir='ltr'>inquit,</span> <span class='ocrx_word' id='word_1_487' title='bbox 765 4735 790 4782; x_wconf 90' lang='lat' dir='ltr'>in</span> <span class='ocrx_word' id='word_1_488' title='bbox 809 4734 1047 4783; x_wconf 80' lang='lat' dir='ltr'>reflexionibus</span> <span class='ocrx_word' id='word_1_489' title='bbox 1066 4747 1083 4782; x_wconf 88' lang='lat' dir='ltr'>a</span> <span class='ocrx_word' id='word_1_490' title='bbox 1095 4749 1134 4782; x_wconf 90' lang='lat' dir='ltr'>me</span> <span class='ocrx_word' id='word_1_491' title='bbox 1147 4734 1302 4783; x_wconf 80' lang='lat' dir='ltr'>observatum</span> <span class='ocrx_word' id='word_1_492' title='bbox 1315 4732 1437 4781; x_wconf 87' lang='lat' dir='ltr'>hactenus</span> <span class='ocrx_word' id='word_1_493' title='bbox 1450 4731 1551 4793; x_wconf 86' lang='lat' dir='ltr'>scripsi,</span> <span class='ocrx_word' id='word_1_494' title='bbox 1570 4730 1636 4779; x_wconf 88' lang='lat' dir='ltr'>idern</span> <span class='ocrx_word' id='word_1_495' title='bbox 1655 4731 1680 4778; x_wconf 92' lang='lat' dir='ltr'>in</span> <span class='ocrx_word' id='word_1_496' title='bbox 1698 4731 1823 4781; x_wconf 79' lang='lat' dir='ltr'>refrac-</span> 
     </span>
     <span class='ocr_line' id='line_1_48' title="bbox 467 4793 1823 4868; baseline -0.001 -15"><span class='ocrx_word' id='word_1_497' title='bbox 467 4793 741 4868; x_wconf 78' lang='lat' dir='ltr'>tron&#39;ibns‘qnoque</span> <span class='ocrx_word' id='word_1_498' title='bbox 764 4806 878 4854; x_wconf 88' lang='lat' dir='ltr'>accidere</span> <span class='ocrx_word' id='word_1_499' title='bbox 907 4821 955 4853; x_wconf 92' lang='lat' dir='ltr'>non</span> <span class='ocrx_word' id='word_1_500' title='bbox 983 4806 1020 4852; x_wconf 89' lang='lat' dir='ltr'>ita</span> <span class='ocrx_word' id='word_1_501' title='bbox 1038 4804 1132 4868; x_wconf 89' lang='lat' dir='ltr'>pridem</span> <span class='ocrx_word' id='word_1_502' title='bbox 1152 4803 1323 4853; x_wconf 84' lang='lat' dir='ltr'>animadverti.</span> <span class='ocrx_word' id='word_1_503' title='bbox 1360 4802 1432 4851; x_wconf 90' lang='lat' dir='ltr'>Mota</span> <span class='ocrx_word' id='word_1_504' title='bbox 1450 4808 1489 4851; x_wconf 88' lang='lat' dir='ltr'>est</span> <span class='ocrx_word' id='word_1_505' title='bbox 1507 4801 1565 4850; x_wconf 91' lang='lat' dir='ltr'>mihi</span> <span class='ocrx_word' id='word_1_506' title='bbox 1587 4809 1646 4850; x_wconf 86' lang='lat' dir='ltr'>ante</span> <span class='ocrx_word' id='word_1_507' title='bbox 1664 4804 1823 4864; x_wconf 83' lang='lat' dir='ltr'>septennium</span> 
     </span>
     <span class='ocr_line' id='line_1_49' title="bbox 466 4872 1824 4939; baseline 0 -16"><span class='ocrx_word' id='word_1_508' title='bbox 466 4877 579 4938; x_wconf 84' lang='lat' dir='ltr'>quaestio</span> <span class='ocrx_word' id='word_1_509' title='bbox 599 4876 738 4939; x_wconf 73' lang='lat' dir='ltr'>aquodam</span> <span class='ocrx_word' id='word_1_510' title='bbox 765 4877 915 4938; x_wconf 88' lang='lat' dir='ltr'>reipublicae</span> <span class='ocrx_word' id='word_1_511' title='bbox 934 4876 1097 4939; x_wconf 79' lang='lat' dir='ltr'>Angustanae</span> <span class='ocrx_word' id='word_1_512' title='bbox 1115 4876 1231 4939; x_wconf 88' lang='lat' dir='ltr'>primario</span> <span class='ocrx_word' id='word_1_513' title='bbox 1250 4875 1299 4922; x_wconf 86' lang='lat' dir='ltr'>rire</span> <span class='ocrx_word' id='word_1_514' title='bbox 1319 4874 1349 4923; x_wconf 90' lang='lat' dir='ltr'>de</span> <span class='ocrx_word' id='word_1_515' title='bbox 1367 4873 1472 4922; x_wconf 80' lang='lat' dir='ltr'>mirabili</span> <span class='ocrx_word' id='word_1_516' title='bbox 1492 4873 1548 4928; x_wconf 85' lang='lat' dir='ltr'>illa,</span> <span class='ocrx_word' id='word_1_517' title='bbox 1577 4887 1607 4921; x_wconf 87' lang='lat' dir='ltr'>ex</span> <span class='ocrx_word' id='word_1_518' title='bbox 1624 4872 1780 4922; x_wconf 88' lang='lat' dir='ltr'>Batavorum</span> <span class='ocrx_word' id='word_1_519' title='bbox 1798 4874 1824 4923; x_wconf 85' lang='lat' dir='ltr'>ia</span> 
     </span>
     <span class='ocr_line' id='line_1_50' title="bbox 466 4943 1824 5010; baseline 0 -16"><span class='ocrx_word' id='word_1_520' title='bbox 466 4944 539 4995; x_wconf 85' lang='lat' dir='ltr'>Nova</span> <span class='ocrx_word' id='word_1_521' title='bbox 556 4946 661 4996; x_wconf 86' lang='lat' dir='ltr'>Zembla</span> <span class='ocrx_word' id='word_1_522' title='bbox 678 4946 860 4995; x_wconf 86' lang='lat' dir='ltr'>hibemantium</span> <span class='ocrx_word' id='word_1_523' title='bbox 879 4948 1049 4995; x_wconf 83' lang='lat' dir='ltr'>observatione</span> <span class='ocrx_word' id='word_1_524' title='bbox 1069 4946 1209 5010; x_wconf 82' lang='lat' dir='ltr'>divulgata,</span> <span class='ocrx_word' id='word_1_525' title='bbox 1229 4944 1292 4994; x_wconf 88' lang='lat' dir='ltr'>Solis</span> <span class='ocrx_word' id='word_1_526' title='bbox 1312 4945 1429 4994; x_wconf 89' lang='lat' dir='ltr'>occultati</span> <span class='ocrx_word' id='word_1_527' title='bbox 1449 4950 1548 5006; x_wconf 87' lang='lat' dir='ltr'>etpost</span> <span class='ocrx_word' id='word_1_528' title='bbox 1566 4944 1678 4993; x_wconf 89' lang='lat' dir='ltr'>brumam</span> <span class='ocrx_word' id='word_1_529' title='bbox 1696 4943 1824 4994; x_wconf 78' lang='lat' dir='ltr'>redeuntis</span> 
     </span>
     <span class='ocr_line' id='line_1_51' title="bbox 468 5013 1823 5082; baseline -0.001 -16"><span class='ocrx_word' id='word_1_530' title='bbox 468 5013 661 5080; x_wconf 77' lang='lat' dir='ltr'>anticipatibne:</span> <span class='ocrx_word' id='word_1_531' title='bbox 681 5019 750 5079; x_wconf 88' lang='lat' dir='ltr'>cujus</span> <span class='ocrx_word' id='word_1_532' title='bbox 769 5023 796 5065; x_wconf 93' lang='lat' dir='ltr'>et</span> <span class='ocrx_word' id='word_1_533' title='bbox 812 5024 840 5065; x_wconf 90' lang='lat' dir='ltr'>tn</span> <span class='ocrx_word' id='word_1_534' title='bbox 858 5019 883 5065; x_wconf 90' lang='lat' dir='ltr'>in</span> <span class='ocrx_word' id='word_1_535' title='bbox 896 5017 1091 5082; x_wconf 81' lang='lat' dir='ltr'>Paralipomenis</span> <span class='ocrx_word' id='word_1_536' title='bbox 1104 5016 1238 5068; x_wconf 86' lang='lat' dir='ltr'>meministi</span> <span class='ocrx_word' id='word_1_537' title='bbox 1252 5014 1325 5079; x_wconf 87' lang='lat' dir='ltr'>(Cap.</span> <span class='ocrx_word' id='word_1_538' title='bbox 1339 5015 1377 5065; x_wconf 91' lang='lat' dir='ltr'>IV</span> <span class='ocrx_word' id='word_1_539' title='bbox 1378 5051 1384 5071; x_wconf 86' lang='lat'>,</span> <span class='ocrx_word' id='word_1_540' title='bbox 1400 5013 1437 5075; x_wconf 88' lang='grc'>9).</span> <span class='ocrx_word' id='word_1_541' title='bbox 1476 5013 1585 5063; x_wconf 86' lang='lat' dir='ltr'>Causam</span> <span class='ocrx_word' id='word_1_542' title='bbox 1603 5017 1656 5077; x_wconf 82' lang='lat' dir='ltr'>ejus</span> <span class='ocrx_word' id='word_1_543' title='bbox 1670 5020 1722 5064; x_wconf 87' lang='lat' dir='ltr'>tum</span> <span class='ocrx_word' id='word_1_544' title='bbox 1740 5014 1823 5071; x_wconf 63' lang='lat' dir='ltr'>remla</span> 
     </span>
     <span class='ocr_line' id='line_1_52' title="bbox 467 5086 1824 5151; baseline 0.001 -16"><span class='ocrx_word' id='word_1_545' title='bbox 467 5087 533 5151; x_wconf 89' lang='lat' dir='ltr'>qnod</span> <span class='ocrx_word' id='word_1_546' title='bbox 551 5094 577 5137; x_wconf 92' lang='lat' dir='ltr'>et</span> <span class='ocrx_word' id='word_1_547' title='bbox 594 5097 622 5138; x_wconf 84' lang='lat' dir='ltr'>tn</span> <span class='ocrx_word' id='word_1_548' title='bbox 640 5089 717 5145; x_wconf 85' lang='lat' dir='ltr'>iacis,</span> <span class='ocrx_word' id='word_1_549' title='bbox 746 5089 770 5136; x_wconf 91' lang='lat' dir='ltr'>ln</span> <span class='ocrx_word' id='word_1_550' title='bbox 789 5087 963 5137; x_wconf 79' lang='lat' dir='ltr'>refractionem</span> <span class='ocrx_word' id='word_1_551' title='bbox 991 5089 1023 5138; x_wconf 88' lang='lat' dir='ltr'>ab</span> <span class='ocrx_word' id='word_1_552' title='bbox 1049 5093 1107 5138; x_wconf 77' lang='lat' dir='ltr'>atre</span> <span class='ocrx_word' id='word_1_553' title='bbox 1126 5087 1157 5137; x_wconf 91' lang='lat' dir='ltr'>ob</span> <span class='ocrx_word' id='word_1_554' title='bbox 1176 5088 1305 5137; x_wconf 79' lang='lat' dir='ltr'>trimestris</span> <span class='ocrx_word' id='word_1_555' title='bbox 1330 5088 1381 5136; x_wconf 84' lang='lat' dir='ltr'>tere</span> <span class='ocrx_word' id='word_1_556' title='bbox 1399 5087 1479 5136; x_wconf 83' lang='lat' dir='ltr'>noctis</span> <span class='ocrx_word' id='word_1_557' title='bbox 1498 5086 1575 5150; x_wconf 80' lang='lat' dir='ltr'>frigus</span> <span class='ocrx_word' id='word_1_558' title='bbox 1594 5086 1708 5136; x_wconf 84' lang='lat' dir='ltr'>densiore</span> <span class='ocrx_word' id='word_1_559' title='bbox 1726 5086 1824 5136; x_wconf 80' lang='lat' dir='ltr'>reddite</span> 
     </span>
     <span class='ocr_line' id='line_1_53' title="bbox 467 5157 1823 5225; baseline 0.001 -16"><span class='ocrx_word' id='word_1_560' title='bbox 467 5158 570 5209; x_wconf 75' lang='lat' dir='ltr'>lactans</span> <span class='ocrx_word' id='word_1_561' title='bbox 606 5159 741 5225; x_wconf 85' lang='lat' dir='ltr'>Postquam</span> <span class='ocrx_word' id='word_1_562' title='bbox 760 5165 858 5218; x_wconf 84' lang='lat' dir='ltr'>autem,</span> <span class='ocrx_word' id='word_1_563' title='bbox 884 5157 1094 5211; x_wconf 78' lang='lat' dir='ltr'>delineationem</span> <span class='ocrx_word' id='word_1_564' title='bbox 1113 5158 1202 5210; x_wconf 76' lang='lat' dir='ltr'>charta</span> <span class='ocrx_word' id='word_1_565' title='bbox 1218 5159 1300 5216; x_wconf 85' lang='lat' dir='ltr'>tacta,</span> <span class='ocrx_word' id='word_1_566' title='bbox 1323 5158 1389 5209; x_wconf 87' lang='lat' dir='ltr'>hana</span> <span class='ocrx_word' id='word_1_567' title='bbox 1406 5172 1459 5208; x_wconf 84' lang='lat' dir='ltr'>reru</span> <span class='ocrx_word' id='word_1_568' title='bbox 1477 5157 1554 5208; x_wconf 85' lang='lat' dir='ltr'>oculis</span> <span class='ocrx_word' id='word_1_569' title='bbox 1571 5158 1736 5222; x_wconf 76' lang='lat' dir='ltr'>spectandam</span> <span class='ocrx_word' id='word_1_570' title='bbox 1753 5157 1823 5209; x_wconf 77' lang='lat' dir='ltr'>exhi-</span> 
     </span>
    </p>
   </div>
   <div class='ocr_carea' id='block_1_7' title="bbox 0 0 2298 6192">
    <p class='ocr_par' dir='ltr' id='par_1_10' title="bbox 0 0 2298 6192">
     <span class='ocr_line' id='line_1_54' title="bbox 0 0 2298 6192; baseline 0 0"><span class='ocrx_word' id='word_1_571' title='bbox 0 0 2298 6192; x_wconf 95' lang='lat' dir='ltr'> </span> 
     </span>
    </p>
   </div>
  </div>
 </body>
</html>
