4584 6192
902 549 933 598 de
951 547 1019 597 Jovie
1038 543 1202 599 satellitibus.
1579 575 1581 580 ·
1668 548 1732 614 513

463 722 520 784 Die
544 721 575 784 7.
591 720 780 801 Septembris
804 743 890 784 mane
914 723 990 786 hora
1012 720 1043 786 4.
1059 723 1179 805 Jupiter
1203 728 1251 784 est
1273 723 1357 784 visus
1380 741 1448 786 cnm
1472 725 1587 786 dnobus
1610 726 1730 788 satelli-

374 810 470 886 tibus,
494 830 552 872 uno
576 830 670 892 parvo
694 820 725 871 et
749 813 830 873 claro
855 813 893 873 ad
923 815 1069 876 orientem
1094 814 1149 874 sub
1173 812 1248 892 ipsis
1277 812 1370 875 radiis
1392 812 1496 886 Jovis,
1525 815 1620 876 altero
1645 813 1732 894 quasi

374 900 468 961 tertia
490 907 578 978 parte
601 900 792 961 instrumenti
817 901 953 980 ampliati
977 922 1084 964 versus
1108 921 1258 964 occasum.
1304 901 1407 962 Testis
1432 903 1570 967 Ursinus.

462 989 547 1050 Hora
571 989 675 1068 quinta
699 1009 755 1049 non
781 990 908 1068 amplius
931 991 992 1052 vidi
1016 992 1207 1064 orientalem,
1233 989 1310 1050 vidit
1332 998 1432 1053 tamen
1457 1000 1489 1053 et
1513 992 1638 1070 agnovit
1659 991 1728 1054 Dm.

374 1077 591 1157 Tengnaglius,
615 1077 796 1138 Archidueis
818 1079 965 1157 Leopoldi
981 1089 1038 1140 etc.
1065 1089 1200 1141 secretus
1225 1077 1414 1140 consiliarius
1439 1080 1651 1156 (admonitus),
1677 1079 1731 1141 sed

372 1166 508 1228 vicissim
530 1185 588 1226 non
612 1166 689 1226 vidit
711 1167 936 1229 occidentalem.
982 1169 1058 1230 Erat
1081 1170 1169 1230 Luna
1192 1167 1367 1248 propinqua.

463 1256 548 1316 Mars
572 1255 676 1315 stabat
699 1274 790 1335 snpra
812 1256 929 1317 Lunam
954 1260 1015 1318 fere
1047 1258 1162 1318 duabus
1187 1258 1292 1318 Lunae
1321 1256 1568 1331 semidiametris,
1602 1258 1731 1318 nondum

374 1345 404 1406 in
429 1345 511 1405 linea
534 1344 688 1405 sectionis.

463 1432 521 1493 Die
554 1430 584 1492 9.
619 1431 810 1511 Septembris
843 1432 917 1492 hora
941 1431 971 1495 2.
1003 1442 1034 1494 et
1068 1432 1097 1496 3.
1134 1434 1261 1494 vidimus
1294 1443 1374 1507 tres;
1407 1432 1482 1494 duos
1517 1433 1730 1508 occidentales,

374 1521 575 1583 clarissimum
600 1522 647 1600 qni
671 1519 741 1579 Jori
766 1520 899 1599 propior,
930 1523 1026 1582 minus
1051 1523 1201 1584 distantes
1231 1541 1318 1602 qnam
1342 1520 1526 1584 clarissimus
1554 1520 1691 1583 distabat
1713 1541 1733 1582 a

374 1610 464 1672 Jove.
511 1609 652 1670 Extimus
682 1609 780 1670 minus
809 1609 931 1671 dimidio
966 1612 1155 1673 instrumenti
1185 1611 1322 1672 distabat
1345 1631 1363 1671 a
1385 1610 1473 1672 Jove.
1520 1611 1605 1673 Unus
1629 1614 1731 1672 orien-

375 1699 448 1760 talis
473 1697 527 1759 sub
552 1698 626 1777 ipsis
651 1698 743 1758 radiis
766 1697 854 1759 Jovis
878 1701 987 1773 clarns,
1013 1723 1031 1760 a
1053 1700 1130 1760 Jove
1155 1699 1277 1761 dimidio
1306 1700 1425 1760 distans
1449 1701 1526 1780 ejus,
1552 1699 1630 1778 quod
1653 1698 1733 1761 inter
1827 1739 1830 1748 ·

374 1807 407 1848 se
442 1785 600 1848 distabant
632 1786 848 1846 occidentales.
901 1787 1053 1867 Segethns
1087 1808 1191 1850 ornnes
1226 1797 1288 1850 tres
1325 1788 1402 1850 vidit
1431 1795 1462 1849 et
1500 1787 1605 1850 eodem
1641 1785 1730 1849 modo

374 1875 535 1956 disposuit.
582 1875 619 1937 D.
646 1874 822 1936 Sclmltetus
847 1873 990 1938 Caesaris
1013 1878 1143 1940 Fiscalis
1171 1896 1224 1957 per
1248 1876 1390 1940 Silesiam
1423 1878 1547 1957 agnovit
1580 1877 1648 1949 (sed
1672 1874 1729 1937 ad·

375 1964 523 2036 monitus)
548 1964 748 2025 clarissimum
773 1963 1015 2027 occidentalium.

463 2053 557 2114 Hisce
586 2051 847 2114 observationibus
877 2054 989 2117 habitis
1017 2062 1049 2116 et
1077 2055 1136 2118 fide
1166 2061 1356 2116 narratorum
1382 2051 1515 2115 Galilaei
1546 2051 1731 2114 sufficienter

374 2143 561 2216 continuata,
586 2161 653 2202 cum
676 2149 707 2201 et
731 2141 919 2204 discessurus
942 2151 1100 2222 putaretur
1124 2144 1255 2216 Elector,
1281 2141 1401 2205 restitui
1425 2143 1667 2203 instrumentum.

463 2230 530 2291 Tibi
545 2249 616 2290 vero
631 2232 743 2291 Lector
757 2229 851 2292 amice
866 2231 921 2293 hoc
938 2233 1076 2312 quicquid
1092 2240 1140 2294 est
1155 2251 1316 2311 paucarum
1332 2241 1363 2292 et
1377 2237 1606 2311 properaturum
1621 2229 1729 2290 obser·

375 2319 533 2381 rationum
562 2317 792 2398 impertiendum
824 2319 942 2398 publice
972 2322 1090 2394 censui,
1125 2329 1159 2381 ut
1183 2329 1235 2381 aut
1258 2340 1356 2381 meam
1387 2337 1577 2400 meorumque
1605 2317 1730 2407 testium

370 2409 461 2471 tidem
493 2417 636 2487 sequutus
670 2407 798 2486 posthac
831 2409 911 2470 omni
944 2410 1079 2487 seposita
1119 2409 1308 2471 dubitatione
1345 2410 1506 2471 veritatem
1542 2407 1730 2488 patefactam

372 2516 536 2579 agnoscas,
560 2504 613 2557 aut
635 2496 690 2556 tibi
715 2497 853 2557 debono
878 2497 1076 2560 instrumento
1100 2498 1278 2578 prospicias,
1305 2499 1382 2577 qnod
1401 2498 1431 2559 in
1452 2516 1515 2560 rem
1538 2503 1729 2578 praesentem

370 2596 402 2650 te
427 2588 560 2649 deducat
582 2584 739 2663 αὐτοπτην.
788 2585 866 2647 Vale
890 2594 922 2646 et
949 2587 1045 2649 Deum
1075 2588 1104 2649 in
1133 2587 1273 2666 operibus
1304 2588 1366 2650 suis
1395 2587 1547 2648 celebrare
1578 2601 1729 2666 nunquam

372 2677 486 2738 desine.
533 2675 653 2754 Pragae
681 2674 731 2735 ll.
756 2672 945 2753 Septembris
969 2695 1046 2737 anno
1070 2674 1203 2738 MDcx.

371 2819 529 2881 Thomae
553 2813 707 2895 Segethi
731 2816 901 2878 Britanni
926 2817 955 2877 in
980 2814 1176 2878 illustrissimi
1204 2815 1269 2876 l'iri
1294 2813 1425 2877 Galilaei
1448 2812 1579 2876 Galilaei
1604 2814 1730 2878 Patricii

370 2905 542 2971 Florentini
575 2911 607 2964 et
639 2902 790 2966 Sereniss.
824 2905 930 2984 Magni
962 2905 1123 2966 Iletruriae
1157 2904 1251 2966 Ducis
1284 2903 1386 2967 Cosmi
1417 2905 1456 2966 ll.
1488 2903 1665 2984 Philosophi
1698 2911 1730 2966 et

598 2992 809 3055 Mathematici
835 2994 1062 3056 observationes
1087 2994 1235 3055 coelestes
1259 2993 1499 3073 Epigrammata.

459 3101 485 3162 Ι.
533 3097 618 3169 Quae
643 3099 758 3159 latuere
782 3100 838 3161 soli
863 3101 973 3162 saeclis
997 3100 1152 3178 incognita
1174 3099 1291 3180 priscis,

584 3187 696 3266 Magno
721 3187 820 3249 animo
845 3189 875 3249 in
899 3189 996 3250 lucem
1020 3189 1130 3270 potulit
1155 3199 1226 3250 aute
1250 3189 1354 3268 Ligur.

532 3277 648 3338 Accola
670 3295 746 3337 nunc
769 3276 857 3350 Arni,
882 3277 992 3339 saeclis
1016 3277 1171 3356 incognita
1194 3278 1319 3351 eunctis,

584 3364 716 3426 Protulit
740 3365 768 3425 in
794 3366 899 3441 lucem,
926 3385 1001 3445 quae
1026 3366 1142 3428 latuere
1165 3366 1238 3446 poli.

532 3453 587 3515 Ille
611 3453 695 3514 dedit
719 3452 811 3515 multo
835 3454 999 3516 vincendas
1023 3455 1168 3535 sanguine
1194 3462 1309 3529 terras;

585 3540 694 3603 Sidera
718 3549 750 3601 at
774 3543 821 3604 hic
845 3544 917 3604 nulli
943 3543 1041 3606 noxia.
1089 3543 1191 3622 Major
1215 3544 1325 3608 uteri!

447 3671 487 3732 ΙΙ.
535 3667 594 3731 Uni
618 3686 693 3746 quae
719 3667 867 3748 quondam
892 3669 1034 3730 lucebant
1057 3668 1157 3729 sidera
1181 3667 1273 3738 coelo,

585 3753 671 3826 Quae
696 3756 815 3818 fuerant
838 3758 911 3818 solis
937 3756 1059 3836 cognita
1082 3756 1249 3829 coelitibus,

533 3845 672 3906 Humano
696 3845 871 3924 aspicienda
894 3845 978 3906 dedit
1001 3844 1103 3924 generi
1128 3843 1295 3906 Galilaeae.

585 3934 732 3994 Mortales
755 3934 812 3995 hoc
836 3942 885 3995 est
907 3935 1034 3995 reddere
1057 3931 1113 3996 Dis
1140 3932 1265 3995 similes.

433 4061 490 4122 lIl.
538 4059 696 4120 Lucebant
720 4057 823 4132 Coelo,
844 4058 907 4137 jam
932 4064 962 4118 et
987 4057 1089 4118 Terris
1113 4056 1215 4118 sidera
1238 4055 1348 4117 lucent.

586 4147 633 4208 An
658 4166 716 4208 non
741 4148 797 4208 hoc
822 4147 916 4207 lucem
941 4155 988 4208 est
1012 4147 1122 4208 addere
1146 4142 1319 4207 sideribus?

532 4235 684 4307 Quantum
708 4235 744 4297 o!
769 4255 856 4314 quarn
879 4235 1014 4314 pulcrum
1038 4233 1110 4307 (nisi
1134 4241 1168 4295 tn
1192 4231 1332 4294 Galilaea
1356 4228 1482 4298 fuisses)

584 4325 713 4386 Divinae
738 4324 847 4385 mentis
872 4324 1042 4385 delituisset
1066 4323 1159 4403 opus!

531 4413 648 4475 Abdita
672 4414 750 4493 quod
773 4411 899 4490 primurn
923 4431 976 4491 per
999 4421 1029 4472 te
1052 4408 1199 4492 patefecit
1223 4407 1354 4492 Olympi,

585 4501 767 4563 Permultum
792 4500 884 4562 debes
909 4509 942 4561 tu
966 4489 1106 4563 Galilaea
1130 4500 1206 4571 Deo,

532 4591 576 4652 At
600 4591 656 4651 tibi
679 4590 806 4651 multum
830 4590 975 4662 homines,
1001 4591 1112 4651 debent
1136 4585 1191 4649 tibi
1215 4585 1315 4648 sidera
1338 4583 1480 4650 multum:

583 4679 713 4741 Multum
738 4676 829 4739 etiam
855 4677 944 4738 debet
967 4677 1107 4757 Juppiter
1129 4675 1194 4755 ipse
1219 4673 1284 4736 tibi.

428 4805 487 4869 IV.
534 4802 669 4864 Aethere
693 4801 871 4862 subductum
895 4798 1072 4863 mortalibus
1096 4800 1198 4861 intulit
1221 4799 1329 4879 ignem,

584 4891 625 4952 Et
649 4890 774 4951 meritus
797 4908 924 4970 poenam
948 4895 997 4949 est
1018 4885 1240 4969 Japetionides.

532 4979 575 5040 At
599 4988 631 5040 tu
655 4978 705 5057 qni
729 4978 862 5040 occultos
887 4976 1015 5040 antehac
1039 4976 1179 5039 Galilaea
1202 4982 1249 5036 tot
1271 4973 1356 5052 ignes

585 5067 703 5129 Inrexti
727 5067 839 5140 Terris,
863 5067 934 5148 quid
958 5066 1115 5128 mereare?
1138 5064 1254 5126 Polum.

447 5173 538 5222 [opteri
551 5174 627 5222 open.
641 5173 668 5212 11.
