4584 6192
497 595 507 610 x
531 626 552 696 6
947 633 1047 683 Literae
1065 629 1168 695 Kepleri
1186 630 1336 694 adcrunnque
1353 633 1455 677 mutuae

534 815 654 873 ceteros
685 807 865 871 observandi
899 806 1004 869 modos
1037 806 1147 868 eludit:
1181 807 1209 866 in
1243 803 1317 866 solis
1350 801 1518 866 defectibus
1542 801 1698 865 Solaribus
1722 801 1887 882 peritorum

530 898 698 979 optinorum
720 898 824 959 oculos
847 898 975 958 omnium
1000 894 1167 957 rectissime
1190 893 1333 956 incurrit:
1364 893 1414 973 qui
1436 901 1471 953 ut
1493 892 1545 953 ille
1567 892 1663 953 Persa
1683 889 1765 953 Solis
1789 898 1887 952 ortum

531 986 686 1050 conversis
709 987 748 1048 ad
771 1004 910 1047 occasum
931 984 1038 1058 oculis,
1063 984 1106 1045 sic
1129 983 1229 1063 ipsum
1250 981 1399 1043 deiectum
1423 982 1500 1044 facie
1524 1000 1544 1041 a
1566 978 1638 1041 Sole
1667 997 1775 1041 aversa
1797 996 1889 1057 super

531 1075 637 1137 tabula
660 1074 821 1136 tenebroso
846 1075 910 1135 loco
934 1072 1132 1134 delitescente
1157 1070 1408 1150 contemplantur.
1441 1068 1538 1140 Quem
1562 1068 1682 1130 modum
1707 1066 1888 1129 observandi

515 1163 591 1232 ,etsi
614 1163 739 1224 tradunt
762 1171 913 1236 auctores,
939 1180 996 1224 nou
1020 1171 1093 1242 puto
1107 1168 1210 1223 tamen
1223 1166 1400 1238 usurpatum
1419 1178 1439 1218 a
1453 1158 1595 1238 Tychone
1619 1155 1767 1219 destituto
1791 1154 1888 1235 eclip-

532 1250 617 1314 sibus
640 1251 775 1331 maguis;
796 1260 827 1312 et
849 1250 909 1331 ipsi
933 1250 1024 1332 etiam
1040 1258 1179 1312 auctores
1193 1247 1324 1309 nondum
1338 1246 1415 1307 hanc
1430 1245 1598 1309 doctrinam
1620 1244 1666 1307 ita
1684 1245 1889 1315 excoluemut,
1949 1251 1953 1261 “

531 1339 578 1402 nti
601 1340 697 1401 excoli
721 1347 840 1419 potest;
871 1341 977 1411 credo,
1002 1340 1073 1418 quia
1095 1358 1181 1400 rarus
1205 1336 1271 1416 ejus
1294 1354 1366 1397 usus
1390 1342 1447 1397 est.

576 1426 578 1430 ’
621 1427 682 1491 Sed
715 1428 754 1489 ad
787 1447 849 1489 rem
881 1428 976 1507 ipsam
1006 1436 1055 1489 est
1094 1425 1304 1489 accedendum.
1353 1425 1388 1485 ln
1421 1424 1569 1503 eclipseos
1602 1422 1723 1501 negotio
1760 1422 1888 1501 primum

531 1518 631 1580 locum
653 1516 710 1577 sibi
742 1516 897 1578 vindicant
927 1524 1026 1577 motus
1049 1516 1248 1578 luminarium.
1295 1513 1409 1575 Locum
1432 1514 1533 1593 itaque
1549 1510 1631 1574 Solis
1658 1530 1761 1573 verum
1785 1511 1888 1593 Tycho

524 1623 570 1691 ex
602 1604 831 1667 correctissimis
863 1606 976 1667 tabulis
1009 1606 1048 1666 ad
1082 1604 1235 1667 meridiem
1267 1602 1455 1683 aequabilem
1487 1601 1547 1662 diei
1584 1598 1730 1664 10.Ju1ii
1763 1608 1795 1660 et
1821 1617 1888 1662 me-

530 1692 678 1847 {iqliaqum
705 1694 916 1754 Huennensem
949 1694 1107 1756 constituit
1141 1688 1200 1755 18⁰
1222 1689 1254 1753 8¹
1278 1706 1324 1765 ea,
1362 1691 1542 1752 diametrum
1576 1688 1658 1752 Solis
1691 1697 1889 1768 apparentem

577 1781 586 1813 Ι
631 1780 685 1845 011.

619 1870 653 1931 In
677 1869 809 1931 motibus
832 1872 937 1932 Lunae
962 1870 1068 1932 mediis
1092 1868 1260 1932 adhucdum
1290 1869 1385 1932 utitur
1408 1864 1584 1929 Canonibus
1607 1864 1791 1938 Prutenicis,
1830 1864 1888 1926 nisi

530 1959 610 2038 qnod
637 1967 685 2020 tot
708 1960 818 2020 seculis
846 1967 919 2039 quot
943 1960 1009 2038 jam
1033 1981 1052 2021 a
1074 1960 1290 2040 Nabonassare
1314 1958 1400 2037 lapsa
1424 1963 1510 2028 snut,
1534 1955 1676 2037 Tychone
1695 1954 1796 2034 judice
1820 1953 1888 2015 exi-

530 2065 589 2128 gno
613 2048 745 2127 spatiolo
769 2048 895 2110 ulterius
918 2048 1057 2127 pervenit
1079 2049 1184 2111 Lunae
1208 2046 1432 2119 concentricns,
1459 2063 1549 2126 quam
1572 2067 1590 2106 a
1614 2044 1782 2107 Prutenicis
1805 2044 1887 2105 indi-

530 2143 630 2205 catur,
663 2136 811 2215 scrupulis
834 2156 877 2199 sc.
907 2133 1011 2201 l‘20‘t
1058 2137 1238 2200 Anomaliae
1262 2155 1333 2199 vero
1357 2135 1461 2198 eodem
1486 2135 1574 2197 modo
1606 2134 1691 2196 addit
1709 2153 1773 2199 scr.
1797 2129 1886 2197 8‘0‘t

532 2222 716 2285 Latitudinis
740 2233 852 2286 motum
877 2225 1016 2307 relinquit
1039 2226 1235 2299 invariatum,
1259 2234 1404 2307 quantum
1427 2223 1547 2304 quidem
1569 2223 1642 2286 mihi
1665 2229 1797 2287 constat.

619 2311 671 2372 Ad
695 2312 904 2393 explicandum
929 2334 1031 2377 verum
1054 2314 1159 2378 Lunae
1184 2324 1298 2378 motum
1321 2315 1488 2392 indigemus
1508 2313 1710 2392 explicatione
1734 2319 1887 2393 systema-

529 2397 570 2461 tis
584 2401 723 2464 Lnnnris.
755 2397 823 2471 Quo
856 2403 922 2465 loco
945 2424 1043 2466 meam
1066 2403 1161 2485 ipsius
1184 2422 1295 2485 sequor
1317 2401 1497 2465 seutentiam
1513 2402 1618 2463 ascitis
1633 2401 1812 2483 Tycbonicis
1827 2420 1886 2462 nu·

530 2486 631 2554 meris.
659 2490 781 2552 Etenim
804 2491 855 2558 ille
871 2490 1029 2571 (lopernioi
1052 2492 1190 2573 vestigiis
1204 2494 1348 2555 insistens
1362 2491 1522 2573 plurimum
1545 2490 1690 2552 abhorret
1712 2511 1731 2551 a
1753 2496 1886 2553 motuum

531 2577 763 2660 inaequalitate,
798 2580 962 2659 cujusmodi
987 2581 1182 2646 Ptolemaeus
1211 2580 1388 2643 introduxit.
1436 2580 1540 2658 ltaque
1573 2585 1606 2640 nt
1629 2598 1732 2640 omnes
1756 2597 1887 2641 errorum

529 2665 633 2727 Lunae
658 2668 771 2729 formas
795 2687 849 2747 per
873 2677 971 2730 motus
996 2670 1173 2733 circulorum
1197 2670 1338 2749 aequales
1362 2688 1453 2748 super
1471 2667 1584 2729 centris
1606 2667 1736 2749 propriis
1761 2667 1887 2730 demon-

529 2760 621 2831 stret,
658 2756 804 2835 plurimos
834 2757 958 2819 adhibet
981 2758 1147 2831 orbiculos,
1184 2776 1307 2837 quorum
1331 2756 1558 2819 coacervatione
1582 2757 1729 2835 perplexa
1751 2756 1888 2819 redditur

528 2844 706 2925 systematis
729 2845 957 2926 contemplatio.
997 2846 1087 2920 Mihi,
1113 2847 1249 2927 quamvis
1263 2854 1449 2926 repugnante
1464 2844 1589 2907 multum
1610 2845 1763 2925 lychnus,
1787 2844 1886 2923 magis

529 2938 655 2994 naturae
679 2952 812 2995 consona
834 2932 954 2997 videtur
976 2935 1171 3016 simplicitas,
1196 2955 1284 3015 qnam
1300 2943 1333 2997 ιιι
1347 2934 1509 3008 obtineam,
1533 2934 1738 2996 Ptolemaicae
1753 2942 1886 2996 motuum

528 3017 739 3102 inaequalitati
775 3022 937 3084 remedium
970 3031 1020 3084 est
1050 3044 1070 3084 a
1093 3022 1290 3102 penitissimis
1324 3032 1449 3085 naturae
1480 3022 1687 3103 penetralibus
1709 3023 1884 3103 petendum.

529 3105 606 3171 Dico
631 3127 703 3189 ergo
727 3119 832 3173 contra
863 3129 953 3189 qnam
977 3109 1163 3191 Copemicus
1187 3111 1235 3174 vel
1259 3112 1377 3195 Tyrium
1413 3120 1538 3174 naturae
1568 3111 1697 3173 maxime
1723 3130 1886 3173 consonum

529 3215 614 3269 esse,
637 3206 676 3259 ut
699 3198 850 3276 planeta
874 3206 979 3261 tauto
1002 3200 1085 3280 plus
1108 3221 1128 3262 a
1151 3200 1351 3263 celeritate
1374 3207 1495 3263 motus
1518 3201 1711 3273 remittat,
1744 3207 1885 3280 quanto

531 3285 683 3366 longius
707 3305 726 3346 a
749 3293 878 3348 centro
901 3307 965 3349 sno
990 3288 1217 3367 digreditur:
1242 3297 1404 3371 propterea
1426 3290 1504 3370 quod
1528 3278 1561 3351 et
1573 3296 1707 3350 veterum
1722 3296 1794 3349 ante
1808 3286 1886 3349 Pto-

528 3374 679 3435 lemanum
703 3382 736 3434 et
758 3383 864 3436 nostra
886 3383 988 3437 aetate
1013 3374 1172 3457 Oopemici
1196 3384 1228 3440 et
1255 3380 1321 3458 jam
1345 3378 1495 3461 'l‘ychouis
1523 3378 1686 3439 observata
1710 3383 1887 3438 constanter

527 3466 701 3523 testantur:
727 3461 869 3525 virtutem
893 3464 1049 3527 metricem
1064 3485 1080 3527 e
1095 3474 1199 3529 centro
1222 3467 1251 3528 in
1276 3466 1536 3529 circumferentiae
1560 3465 1762 3546 capacitatem
1777 3464 1884 3526 distri-

529 3547 610 3649 bui..
635 3549 744 3629 ltaque
769 3550 864 3621 virtus
893 3563 1004 3632 quanto
1038 3554 1156 3635 longius
1181 3554 1361 3638 digreditur,
1396 3564 1482 3617 tanto
1514 3554 1612 3633 magis
1646 3559 1822 3616 attenuatur
1853 3554 1884 3614 in

529 3636 742 3716 spatiosiorem
767 3639 870 3702 orbem
901 3641 1048 3720 dispersa.
1095 3645 1194 3706 Minor
1223 3662 1295 3723 ergo
1319 3651 1419 3707 motus
1444 3645 1601 3724 impressio
1627 3643 1727 3704 estin
1752 3642 1885 3722 planeta,

531 3744 600 3788 cnm
623 3724 651 3786 is
674 3726 734 3788 alio
765 3735 865 3790 motus
889 3730 1033 3811 principio
1057 3732 1091 3793 fit
1114 3733 1257 3796 remotior
1281 3755 1299 3795 a
1322 3733 1394 3794 sede
1409 3730 1541 3793 virtutis.
1580 3728 1656 3794 Onm
1680 3731 1771 3809 igitur
1795 3730 1887 3791 etiam

531 3812 637 3876 Lunae
667 3814 801 3890 accidat,
836 3825 870 3877 ut
896 3817 963 3897 jan
986 3820 1109 3900 propius
1139 3822 1263 3884 absita
1287 3822 1459 3883 centrosni
1483 3819 1577 3894 orbis,
1613 3820 1691 3899 quod
1716 3821 1810 3880 Terra
1840 3827 1889 3879 est

532 3901 583 3974 (nt
606 3919 672 3963 cnm
696 3911 793 3965 totum
810 3903 913 3967 Solem
937 3908 1041 3988 tegit),
1060 3911 1126 3990 jam
1151 3911 1269 3990 longius
1295 3909 1343 3983 (ut
1367 3927 1434 3971 cnm
1457 3908 1600 3970 circulum
1624 3909 1661 3970 de
1684 3906 1757 3969 Sole
1782 3907 1887 3968 lucen-

533 3996 595 4092 tem
618 3989 790 4072 relinquit),
825 3994 944 4058 accidet
966 3997 1064 4060 eidem
1086 3997 1194 4073 etiam,
1226 4008 1260 4061 ut
1291 3999 1322 4060 in
1346 3998 1404 4060 hac
1432 4016 1543 4078 magna
1566 3996 1714 4058 distantia
1736 3996 1890 4058 lentescat

463 4169 465 4173 .
532 4095 599 4157 ejus
622 4087 738 4180 motus,
771 4081 800 4143 in
832 4082 886 4145 illa
909 4086 1044 4149 breviore
1067 4087 1250 4150 intendatur.
1298 4086 1363 4149 Hoc
1386 4092 1477 4167 pacto
1508 4084 1727 4148 ratiocinantes
1751 4104 1789 4146 ex
1812 4103 1887 4146 con·

532 4172 668 4268 eentrrqo
692 4174 725 4230 et
747 4170 863 4250 duobus
887 4173 1044 4255 epicyclis,
1069 4195 1143 4257 qnos
1158 4176 1252 4238 habet
1266 4175 1382 4258 Tycha
1406 4193 1496 4236 unum
1518 4173 1714 4236 retinebimus
1737 4172 1887 4235 eccentri-

532 4271 600 4318 cnm
623 4274 710 4335 erqne
734 4257 954 4338 assignabimus
976 4272 1110 4325 centrum
1131 4264 1281 4344 quoddam
1300 4262 1495 4344 aequalitatis
1525 4262 1614 4343 louge
1638 4281 1729 4341 supra
1752 4268 1889 4323 centrum

533 4341 625 4445 orbis.
653 4345 721 4447 ‘Ad
750 4346 827 4409 hanc
851 4369 916 4412 rem
938 4352 1124 4431 probandam
1149 4352 1265 4415 inverto
1289 4352 1438 4433 quoddam
1468 4351 1634 4430 optinorum
1662 4351 1792 4411 axioma.
1839 4349 1889 4411 Illi

532 4448 611 4521 enim
635 4452 698 4495 erc:
724 4436 769 4497 Tc
791 4433 986 4519 nop’p‘mrspoa
1007 4462 1158 4519 manopera
1180 4443 1365 4520 βραὸυιερον
1387 4444 1530 4502 κινεισθαι
1553 4445 1641 4501 doner.
1673 4438 1716 4500 Et
1738 4438 1806 4501 hinc
1829 4457 1888 4499 na-

533 4530 658 4583 scuntur
682 4524 767 4585 nohis
792 4528 970 4604 eccentrici,
999 4528 1136 4609 quamvis
1160 4528 1219 4591 lios
1239 4529 1330 4592 etiam
1354 4529 1474 4590 aliunde
1497 4528 1672 4607 probemus,
1708 4526 1888 4609 praesertim

534 4608 564 4670 io
587 4608 785 4676 luminaribus
809 4635 846 4677 ex
866 4616 1004 4679 variabili
1028 4617 1240 4699 diametrorum
1262 4637 1411 4680 mensura.
1458 4617 1524 4696 Ego
1548 4616 1607 4677 sic:
1639 4617 1684 4677 Τα
1706 4618 1890 4695 βραιυιερω

533 4719 668 4774 sesemen
690 4696 883 4782 redimerent
905 4710 1056 4785 qaprndur
1078 4710 1167 4768 dean.
1207 4704 1447 4787 Onm'pla'netae
1467 4713 1566 4767 motus
1589 4705 1683 4767 multo
1707 4703 1817 4766 lentior
1830 4711 1888 4777 est,

533 4805 624 4865 qnam
647 4799 803 4878 comperta
825 4792 892 4871 ejo's
921 4792 1131 4873 propinquitas
1154 4795 1281 4874 patitur,
1316 4801 1386 4856 tnnc
1419 4795 1537 4873 culpam
1570 4793 1730 4854 secundum
1761 4792 1888 4871 primum

533 4875 653 4938 axionm
675 4877 705 4939 in
729 4880 924 4943 remotionem
948 4883 1153 4957 conferentes,
1185 4884 1273 4963 longe
1296 4883 1485 4946 remotiorem
1509 4900 1575 4943 euru
1599 4880 1758 4954 (metiendi
1781 4882 1889 4951 causa)

533 4962 675 5039 iacimus,
700 4984 789 5046 quam
812 4987 883 5031 rere
907 4977 964 5031 est.
1011 4970 1117 5051 ltaque
1142 4980 1278 5034 cendum
1302 4972 1394 5035 altius
1417 4978 1560 5051 tanquam
1584 4969 1649 5030 orbi
1672 4970 1766 5031 multo
1790 4967 1888 5048 magis

418 5122 431 5138 ι,
533 5054 703 5118 eccentrino
726 5055 926 5137 assignamus.

623 5141 674 5204 Sit
695 5143 847 5219 ATerra,
872 5146 899 5208 B
922 5152 1057 5209 centrum
1080 5146 1266 5244 eccentrici,
1285 5147 1310 5211 C
1327 5156 1460 5211 centrum
1485 5144 1691 5227 aequalitatis,
1715 5144 1742 5203 T
1763 5145 1889 5225 planeta
