4584 6192
551 582 594 650 64
976 585 1075 633 Liserae
1094 582 1195 647 Keplesi
1214 530 1483 684 aliorumque'mntnaa

551 780 608 823 non
629 769 729 821 tamen
746 760 836 840 plane
854 769 963 840 quarta
977 778 1048 838 pars
1061 761 1156 838 ipsius
1181 758 1244 822 CB.
1292 762 1399 839 Margo
1413 761 1514 838 itaque
1527 760 1577 838 qui
1589 759 1723 821 incendit
1746 759 1775 819 in
1800 768 1911 840 quarta

552 870 625 911 enae
649 850 789 910 diametri
819 861 869 909 est
899 851 976 910 inter
1000 846 1025 908 C
1050 860 1080 908 et
1104 849 1142 921 F,
1177 848 1329 927 proximus
1361 849 1420 927 ipsi
1445 846 1469 909 C
1495 859 1526 907 et
1549 848 1586 908 B.
1632 847 1739 928 Itaque
1769 867 1828 909 non
1863 858 1912 910 est

552 939 698 1018 exquisite
723 958 824 999 verum
850 948 958 1018 quarta
981 938 1120 998 diametri
1153 950 1301 1017 utcunque
1325 947 1434 997 sumta
1482 938 1526 997 At
1554 945 1660 997 contra
1678 935 1710 997 in
1732 935 1910 1015 parabolica

551 1027 689 1108 speculo,
715 1028 798 1106 cnjus
822 1026 1011 1106 profunditas
1034 1034 1083 1085 est
1102 1033 1211 1103 quarta
1231 1026 1383 1097 diametri,
1409 1044 1512 1086 omnes
1536 1025 1654 1086 omnino
1677 1025 1756 1086 radii
1779 1044 1910 1087 concur-

552 1125 621 1177 runt
647 1115 676 1175 in
701 1117 780 1176 idem
804 1129 959 1195 punctum,
991 1113 1069 1193 quod
1094 1114 1198 1175 focus
1222 1114 1345 1188 dicitur,
1380 1115 1496 1174 distans
1520 1113 1610 1192 duplo
1634 1135 1652 1174 a
1675 1113 1809 1194 margine
1834 1114 1912 1193 ejus,

552 1206 631 1285 qnod
657 1205 753 1265 distat
776 1226 794 1264 a
818 1204 919 1264 fundo.
968 1203 1063 1262 Vides
1087 1203 1193 1281 igitur,
1219 1204 1372 1280 blaginnm
1396 1213 1563 1264 mutuatum
1588 1222 1655 1262 esse
1679 1203 1756 1263 hauc
1780 1202 1911 1265 locutio·

553 1312 621 1356 nem
646 1314 665 1353 a
688 1293 861 1373 parabolico
886 1303 916 1351 et
939 1310 1097 1370 perperam
1129 1293 1375 1354 accommodasse
1398 1293 1437 1352 ad
1460 1291 1660 1370 sphaericum.
1707 1289 1794 1361 Quae
1814 1312 1910 1371 argu-

552 1383 699 1443 mentaris
723 1382 759 1442 de
784 1381 919 1460 speculo,
946 1381 1028 1458 cnjus
1053 1381 1201 1440 diameter
1223 1381 1265 1440 sit
1284 1377 1356 1453 30¹,
1382 1399 1440 1441 non
1465 1389 1534 1440 sunt
1558 1380 1643 1459 hujus
1668 1381 1740 1454 loci,
1765 1382 1909 1442 conside·

553 1490 653 1532 ramus
677 1471 755 1530 euim
780 1470 894 1530 radium
919 1488 956 1528 ex
980 1478 1083 1529 centro
1108 1466 1190 1529 Solis
1215 1469 1432 1546 egredientem,
1458 1487 1515 1528 non
1540 1478 1680 1529 curantes
1704 1470 1783 1548 quod
1799 1468 1853 1531 Sol
1869 1470 1912 1531 sit

551 1559 706 1640 physicum
730 1568 887 1637 punctum,
925 1558 955 1617 id
984 1567 1033 1617 est
1056 1576 1175 1635 corpus.
1222 1557 1319 1635 Igitur
1349 1577 1414 1617 cum
1439 1557 1505 1617 dico
1529 1576 1632 1618 omnes
1654 1557 1757 1619 radios
1780 1577 1910 1620 concur·

552 1667 619 1708 rere
642 1649 671 1709 in
696 1667 753 1708 uno
777 1655 901 1726 puncto,
936 1646 1002 1706 foco
1025 1646 1202 1724 paraboles,
1238 1646 1373 1725 intelligo
1401 1645 1551 1707 centrales
1584 1665 1621 1706 ex
1645 1644 1729 1709 Sole.
1775 1647 1824 1709 illi
1842 1648 1911 1726 jam

552 1747 713 1816 propterea
736 1736 814 1814 quod
829 1734 883 1796 Sol
906 1753 1014 1813 corpus
1039 1744 1086 1795 est
1109 1734 1240 1814 aliquam
1265 1736 1377 1795 habent
1401 1736 1492 1795 etiam
1516 1734 1720 1809 latitudinem,
1745 1744 1777 1797 et
1799 1736 1827 1797 si
1851 1737 1910 1797 ha·

552 1828 637 1887 litum
661 1825 796 1885 insuffles
820 1824 849 1885 in
874 1825 985 1896 focum,
1020 1823 1190 1883 formabunt
1220 1823 1433 1884 intersectione
1465 1823 1511 1884 sui
1542 1824 1632 1885 etiam
1655 1843 1764 1903 corpus
1788 1825 1911 1905 aliquod

552 1913 787 1975 semirotundum
810 1912 989 1984 condatum,
1028 1912 1057 1972 in
1091 1913 1187 1972 forma
1210 1921 1356 1973 cometae.
1402 1911 1463 1974 Sed
1494 1913 1707 1973 concludamus
1731 1914 1809 1974 hanc
1833 1932 1909 1976 rem.

551 2004 586 2065 In
610 2002 768 2081 sphaerico
801 2003 885 2063 focus
910 2020 966 2062 non
1001 2009 1048 2061 est
1072 2010 1214 2081 puuctum
1239 2002 1293 2060 sed
1317 2002 1411 2072 linea,
1443 2001 1501 2061 uisi
1534 2000 1611 2080 ignis
1635 2012 1688 2063 ant
1711 1999 1765 2064 Sol
1788 2003 1854 2082 ipse
1877 2004 1908 2064 in

553 2101 656 2153 centro
681 2092 733 2165 sit,
760 2099 846 2164 tunc,
872 2091 948 2151 unde
973 2090 1088 2167 egressi
1112 2089 1203 2163 radii,
1229 2090 1334 2150 eodem
1357 2090 1562 2152 reflectuntur.

641 2198 865 2260 Brenggerns,
897 2195 1041 2243 intermixtis
1068 2195 1214 2258 quibusdam
1239 2196 1440 2244 annotationibus
1461 2196 1493 2244 de
1519 2198 1633 2251 cometis.
1661 2197 1724 2256 aiio,
1747 2204 1775 2246 nt
1795 2198 1909 2255 diximus,

552 2267 606 2318 loco
626 2266 778 2324 inserendis,
805 2267 837 2315 ed
863 2266 978 2329 Opticam
1002 2266 1066 2315 redit
1088 2267 1122 2314 sic
1147 2280 1268 2330 pergens:
1293 2265 1380 2316 Redeo
1399 2267 1501 2315 tandem
1528 2264 1560 2316 ad
1584 2269 1675 2330 priores
1695 2276 1752 2317 ιιιι
1773 2269 1860 2318 literas
1872 2267 1909 2330 (d.

554 2335 826 2398 ³0.a‘0‹.16u7),sn
848 2338 934 2401 quibus
955 2338 1036 2400 pergis
1055 2351 1198 2400 comparare
1216 2336 1342 2385 flammam
1364 2338 1490 2401 vulgarem
1515 2352 1572 2387 eum
1597 2338 1678 2388 calore
1701 2340 1780 2389 coidis
1802 2337 1839 2404 (p.
1854 2338 1910 2401 te),

554 2419 606 2460 tum
626 2410 707 2474 quoad
719 2410 866 2471 eJectionem
888 2415 1095 2456 recrementorum
1117 2414 1170 2456 tum
1191 2409 1375 2473 suggestionem
1396 2410 1461 2457 aeris
1483 2416 1509 2458 et
1530 2409 1642 2458 alimenti
1666 2412 1772 2474 pinguis.
1809 2411 1864 2477 ligo
1884 2413 1911 2460 iat

552 2483 591 2531 bis
609 2482 721 2529 omnibus
744 2494 863 2544 magnam
884 2480 1052 2527 animadverto
1075 2478 1257 2535 preeuntem,
1275 2494 1325 2542 qna
1347 2486 1483 2528 commotus
1504 2496 1554 2529 nou
1578 2483 1658 2544 patior
1676 2481 1737 2530 milui
1757 2483 1910 2546 persuaderi,

553 2554 629 2603 ullum
653 2552 769 2600 flammae
792 2550 872 2598 locum
891 2564 945 2597 esse
968 2552 993 2598 iu
1010 2549 1091 2599 corde.
1129 2549 1321 2598 Recrementum
1339 2551 1446 2614 vulgaris
1468 2551 1584 2612 flammae
1606 2553 1698 2601 siccum
1719 2563 1759 2602 est
1779 2561 1806 2604 et
1827 2553 1910 2620 fuligi-

554 2637 641 2673 nosum
664 2636 695 2671 ac
717 2628 805 2670 atrum.
832 2621 918 2668 Cordis
937 2635 994 2669 sero
1009 2636 1058 2669 nou
1083 2621 1146 2669 adeo
1165 2623 1258 2670 siccum
1275 2622 1332 2684 quin
1352 2623 1383 2670 ab
1402 2622 1529 2671 ambiente
1550 2622 1651 2673 hiberno
1670 2624 1759 2689 frigido
1782 2626 1912 2691 inaquam

556 2696 635 2759 possit
656 2693 812 2748 condensari,
833 2706 937 2756 eamque
965 2707 1014 2740 nou
1028 2700 1109 2741 atram
1130 2692 1174 2740 sed
1194 2692 1332 2755 limpidam.
1360 2693 1425 2757 quod
1449 2701 1574 2742 testantur
1601 2694 1673 2743 oculi.
1712 2696 1840 2746 flammae
1864 2696 1910 2746 ali·

554 2774 664 2815 mentum
689 2771 728 2812 ιιι
758 2765 855 2828 pinguis
881 2763 1019 2820 exhalatio,
1055 2771 1084 2811 ut
1105 2771 1172 2812 recte
1194 2765 1278 2811 scribis
1307 2761 1377 2824 (nam
1404 2764 1469 2827 quod
1491 2780 1571 2829 nuper
1591 2765 1654 2814 fumi
1678 2769 1828 2817 mentionem
1854 2768 1911 2827 feci,

554 2837 652 2886 locutus
674 2850 728 2883 sum
751 2850 806 2884 curn
828 2834 973 2889 Aristotele,
1001 2835 1041 2898 qui
1060 2836 1193 2898 ignitomm
1215 2841 1349 2883 meteornm
1368 2837 1499 2884 materiam
1521 2837 1582 2886 facit
1603 2838 1710 2898 ιιιιιιι,
1734 2853 1807 2902 quem
1828 2839 1913 2903 sapori

557 2904 685 2972 opponit),
710 2906 838 2970 sauguinis
868 2920 923 2954 sero
952 2905 1043 2953 halitus
1075 2921 1124 2953 nou
1147 2914 1184 2953 est
1206 2906 1316 2969 pinguis,
1341 2914 1489 2962 unctuosus,
1510 2908 1553 2957 sed
1579 2922 1719 2971 saporosus.
1751 2909 1805 2959 Etsi
1827 2917 1913 2960 autem

555 2979 656 3042 sangnis
683 2977 832 3042 pinguedine
860 2991 910 3025 non
934 2990 1030 3039 prorsus
1054 2982 1157 3031 emeat,
1188 2984 1272 3024 tamen
1300 2978 1325 3025 iu
1353 2991 1382 3025 eo
1403 2986 1533 3040 exsuperat
1561 2986 1620 3027 actu
1646 2978 1780 3030 humiditas
1808 2994 1912 3046 ιιιιιι,

556 3062 620 3114 qnae
639 3050 700 3098 facit
718 3059 745 3098 nt
764 3048 912 3110 ellychnium
931 3049 1052 3111 sanguine
1070 3047 1197 3096 madidum
1216 3050 1298 3111 ignem
1311 3064 1361 3097 nou
1374 3050 1512 3111 concipiat,
1531 3051 1578 3098 nisi
1590 3051 1656 3112 prius
1670 3052 1823 3109 exsiccetur
1842 3052 1910 3102 ideo·

555 3135 602 3186 qne
621 3121 722 3185 sangnis
741 3123 839 3183 ineptus
858 3127 895 3168 est
913 3126 941 3166 nt
959 3120 1088 3167 materiam
1107 3119 1158 3183 igni
1170 3118 1319 3182 suppeditet,
1338 3119 1382 3168 sed
1401 3127 1474 3181 aptus
1491 3126 1521 3169 ιι
1538 3121 1672 3179 flammam,
1693 3124 1774 3186 siqua
1791 3125 1817 3172 in
1836 3123 1911 3174 corde

554 3193 656 3248 luceret,
676 3194 838 3255 extingueret.
876 3193 926 3238 Atr
943 3204 992 3238 nou
1011 3190 1113 3237 vertitur
1131 3192 1156 3237 iu
1176 3190 1290 3238 flammae
1309 3191 1483 3247 substantiam,
1502 3191 1547 3240 sed
1564 3191 1611 3241 hoc
1629 3192 1718 3241 saltem
1736 3201 1865 3257 praestat.
1884 3201 1914 3244 nt

555 3278 602 3313 sua
620 3264 780 3311 ventilatione
800 3263 906 3315 fumum.
927 3275 973 3324 qno
993 3261 1055 3309 alias
1074 3261 1162 3308 obmta
1179 3260 1354 3319 suffocaretur,
1382 3261 1468 3326 abigat
1487 3268 1513 3311 ιι
1531 3263 1640 3319 maeres,
1659 3264 1814 3327 superficiem
1831 3266 1912 3331 ligno·

556 3349 609 3384 rum
628 3334 786 3397 obtegentes,
806 3332 932 3380 sufflando
951 3332 1079 3395 detergat,
1102 3347 1134 3380 ne
1153 3345 1232 3380 norae
1251 3332 1401 3380 exhalationi
1420 3347 1468 3381 ceu
1485 3333 1602 3382 alimento
1621 3350 1652 3383 ex
1669 3335 1737 3399 liguo
1755 3339 1913 3401 consurgenti

557 3418 686 3455 accessum
704 3403 826 3453 occludat.
865 3406 886 3451 Δ
906 3404 980 3452 corde
1007 3417 1063 3451 sero
1091 3402 1224 3451 attrahitur
1251 3408 1294 3451 aer
1317 3404 1498 3467 principaliter,
1527 3411 1556 3452 ut
1581 3408 1712 3455 materiam
1730 3408 1824 3470 spiritui
1843 3408 1914 3457 vitali

558 3476 701 3541 generando
720 3474 869 3538 suppeditet.
907 3474 1006 3523 Doceut
1025 3476 1089 3522 euim
1107 3474 1198 3523 medici
1217 3489 1273 3523 cum
1286 3475 1395 3531 Galeuo,
1414 3472 1480 3523 huuc
1497 3477 1609 3538 spiritum
1628 3491 1657 3526 ex
1676 3491 1766 3541 sapore
1784 3480 1914 3544 sanguinis

557 3561 604 3597 uec
623 3561 671 3594 non
690 3561 720 3595 ex
739 3548 802 3594 aeris
821 3546 934 3609 inspirati
953 3546 1064 3607 portione
1082 3546 1222 3607 purissima,
1242 3561 1288 3595 cen
1306 3547 1412 3594 materia
1431 3561 1461 3595 ex
1475 3561 1531 3609 qna,
1551 3548 1650 3596 misceri
1674 3555 1701 3596 et
1719 3550 1828 3612 produci.
1866 3549 1913 3601 Se·

558 3617 675 3667 cundario
694 3631 750 3665 sero
769 3617 865 3665 confert
883 3621 927 3665 aer
946 3616 977 3664 ad
991 3617 1138 3678 eiectionem
1158 3625 1379 3672 recrementorum3
1399 3625 1426 3665 et
1443 3618 1544 3666 tandem
1562 3633 1606 3681 per
1624 3618 1740 3668 accidens
1758 3620 1792 3669 ad
1810 3622 1914 3687 refrige-

557 3690 679 3739 rationem
699 3688 785 3736 cordis.
824 3685 928 3744 Scribis,
956 3689 1081 3735 cerintus
1099 3689 1220 3735 munitum
1240 3696 1328 3737 contra
1346 3690 1394 3736 rim
1412 3688 1543 3745 flammae3
1569 3688 1628 3737 mihi
1646 3689 1677 3739 de
1696 3691 1741 3739 tali
1759 3693 1915 3743 munimento

557 3761 592 3809 nil
611 3767 717 3809 constat.
755 3757 842 3807 Multis
860 3773 988 3822 corporum
1011 3758 1175 3807 hnmanomm
1193 3759 1380 3809 dissectionibus
1399 3758 1543 3824 Tubingae,
1568 3760 1681 3818 Patavii,
1700 3762 1818 3812 Basileae
1836 3765 1914 3814 inter·

559 3833 608 3891 fui,
627 3831 706 3880 cordis
725 3830 867 3879 substantia
885 3831 952 3878 intus
970 3837 996 3878 et
1008 3837 1084 3878 extra
1101 3843 1178 3893 saepe
1197 3844 1214 3878 a
1231 3845 1271 3879 me
1290 3832 1343 3879 risa
1361 3831 1407 3878 fuit
1425 3836 1451 3879 et
1469 3831 1553 3895 digitis
1571 3831 1689 3894 palpata,
1716 3833 1762 3883 sed
1779 3833 1842 3884 nibil
1860 3849 1914 3886 me·

558 3905 617 3952 mini
637 3917 652 3951 a
671 3917 709 3951 me
728 3903 897 3957 observatum,
917 3900 980 3964 qnod
999 3902 1022 3947 ri
1040 3901 1156 3950 fiammae
1174 3903 1288 3951 ιιιίιιιιι
1306 3902 1390 3964 possit.

646 3973 745 4038 Ignium
763 3972 876 4035 proponis
895 3985 1012 4036 maguam
1031 3973 1178 4021 varietatem
1203 3979 1229 4020 et
1252 3973 1377 4021 flammam
1397 3985 1427 4019 ex
1446 3973 1501 4020 sino
1519 3971 1650 4021 sublimato
1669 3988 1719 4024 non
1737 3974 1810 4025 ralde
1830 3990 1916 4027 acrem

558 4059 628 4098 esse,
648 4045 713 4108 quod
732 4044 848 4093 concedo.
886 4042 951 4091 Nem
970 4044 1034 4107 ignis
1047 4045 1072 4091 in
1091 4044 1198 4092 materia
1217 4042 1296 4092 densa
1314 4049 1340 4090 et
1358 4054 1444 4089 crassa
1462 4043 1536 4106 louge
1549 4045 1645 4092 saevior
1662 4050 1701 4093 est
1719 4060 1794 4110 quam
1811 4047 1838 4097 in
1856 4061 1917 4099 rara

558 4125 585 4166 et
602 4117 687 4171 ιιιιὶ,
707 4116 785 4179 qualis
805 4121 843 4164 est
860 4115 959 4177 spiritns
976 4116 1035 4163 riui.
1072 4114 1130 4165 Jam
1149 4129 1205 4163 sero
1224 4126 1300 4175 sapor
1317 4114 1446 4176 sanguinis
1463 4114 1541 4162 multo
1560 4116 1665 4164 crassior
1684 4123 1737 4173 est,
1764 4130 1842 4180 qnare
1861 4121 1917 4182 elas

558 4188 638 4251 ignis,
658 4188 750 4250 siquis
769 4192 848 4244 esset,
873 4185 1040 4234 vehementior
1058 4192 1125 4234 esset
1146 4198 1221 4248 quam
1243 4184 1283 4248 qni
1302 4197 1318 4232 a
1336 4185 1392 4231 rino
1410 4184 1549 4234 sublimato.
1587 4188 1693 4250 etquis
1712 4190 1809 4254 estqui
1826 4204 1918 4256 perpe·

558 4264 601 4305 tuo
620 4256 692 4318 hujus
710 4264 821 4313 aestum,
840 4270 872 4305 ne
892 4256 973 4304 dicam
991 4257 1055 4304 illius
1073 4254 1212 4305 sustineat?

647 4327 702 4376 leta
719 4343 785 4377 nunc
803 4327 941 4384 sufficiant;
971 4326 1164 4390 suppeditabunt
1182 4326 1252 4374 nobis
1271 4323 1446 4373 commentarii
1473 4326 1503 4374 de
1526 4334 1594 4375 motu
1613 4326 1702 4377 Martis
1720 4343 1809 4379 noram
1829 4331 1915 4383 eonfe-

559 4398 628 4448 rendl
646 4400 792 4455 materiam,
811 4412 872 4463 quos
891 4412 920 4447 ex
939 4399 1055 4447 nundinis
1074 4396 1320 4446 rreueoturtensibus
1336 4397 1390 4457 jam
1410 4396 1560 4446 instantibus
1578 4398 1638 4447 mibi
1657 4399 1739 4449 afferri
1759 4401 1860 4451 ιιιιιο.

648 4468 727 4520 Nonis
744 4470 828 4519 Martii
849 4467 925 4519 1608.

648 4560 851 4638 Keplerus:
875 4558 945 4618 Jam
970 4577 1085 4619 rursum
1109 4556 1274 4617 extinctam
1294 4554 1377 4634 cupis
1395 4557 1546 4617 flammam
1571 4558 1598 4619 in
1623 4559 1722 4621 corde.
1759 4560 1920 4625 Flammae

560 4660 777 4712 recrementum
801 4648 846 4708 ais
870 4657 982 4720 atrum,
1014 4645 1113 4708 cordis
1137 4644 1301 4722 limpidum.
1348 4643 1545 4723 Respondeo,
1577 4665 1636 4708 non
1661 4648 1761 4709 omnis
1784 4651 1920 4729 quaein

560 4739 650 4801 corde
681 4736 821 4798 animalis
850 4736 948 4796 enecti
977 4743 1151 4806 cernuntur,
1189 4752 1243 4811 pro
1273 4745 1459 4794 recremento
1483 4736 1621 4795 flammae
1650 4736 1754 4798 haberi
1776 4748 1919 4817 possunt.

561 4827 676 4889 Verum
699 4827 837 4886 flammae
870 4830 1086 4885 recrementum
1111 4823 1140 4883 in
1175 4821 1265 4882 corde
1290 4822 1409 4882 videtur
1438 4823 1521 4883 calor
1544 4824 1732 4886 arteriarum.
1778 4827 1846 4889 Nec
1870 4837 1921 4891 est

561 4934 686 4978 necesse
711 4933 798 4975 omne
822 4916 961 4975 flammae
995 4919 1211 4972 recrementum
1235 4928 1303 4971 esse
1327 4910 1539 4989 fuliginosam
1572 4912 1635 4973 vini
1662 4912 1763 4975 adusti
1796 4916 1922 4980 flamma

562 5004 674 5065 nullam
699 5002 811 5064 evomit
834 5000 999 5079 fuliginem.
1045 4997 1117 5069 Ais,
1150 4998 1304 5078 sanguinis
1328 4998 1454 5060 halitum
1477 5018 1657 5079 saporosum
1679 5020 1762 5077 esse,
1787 5003 1921 5068 alimen·

563 5100 627 5154 tum
647 5094 785 5153 flammae
808 5089 929 5169 pingue.
978 5085 1140 5161 conclude,
1166 5096 1199 5148 ut
1223 5087 1322 5162 lubet,
1348 5106 1506 5167 vaporem,
1530 5089 1580 5169 qni
1599 5090 1685 5154 halat
1699 5109 1737 5153 ex
1759 5093 1920 5173 sagnuine,
