4584 6192
474 628 538 698 242
943 626 1134 693 Paralipomcns
1151 629 1177 680 in
1196 625 1363 681 vitellianum.

473 808 536 881 BF,
559 815 703 887 punctum
727 807 757 868 A
781 825 833 886 per
856 804 927 879 AG,
953 804 1023 877 GH,
1048 806 1104 866 ΗΒ
1134 806 1230 867 lineas
1260 806 1428 867 lateraliter
1455 806 1621 885 ingreditur
1643 808 1670 869 B
1694 808 1834 869 oculum:

474 896 587 961 direc'te
619 914 690 957 vero
724 904 791 957 erat
820 891 1037 974 ingressumC
1069 894 1197 955 oculum.
1244 892 1347 965 Quare
1379 894 1486 955 videns
1518 895 1602 957 visus
1634 905 1782 976 puuctum
1805 899 1835 958 A

473 984 570 1050 altero
594 984 679 1046 oculo
704 984 835 1057 directe,
870 983 967 1044 altero
992 982 1159 1050 indirecte,
1189 984 1256 1061 jure
1281 982 1447 1058 existimat,
1472 1003 1506 1045 se
1534 984 1638 1046 videre
1671 985 1750 1046 duas
1774 1005 1833 1048 res.

474 1071 591 1145 Quodsi
613 1072 697 1134 visus
720 1091 775 1133 uec
798 1071 827 1132 in
851 1072 877 1132 F
899 1090 954 1131 nec
983 1071 1012 1132 iu
1036 1072 1066 1132 H
1098 1071 1260 1151 dirigatur,
1294 1071 1410 1133 scilicet
1432 1072 1461 1133 in
1487 1073 1583 1133 locum
1612 1073 1835 1143 intermedium,

473 1170 545 1226 tunc
568 1162 596 1224 is
619 1160 700 1242 globi
724 1161 808 1223 locus
832 1159 946 1221 directe
979 1159 1098 1239 quidem
1131 1159 1300 1235 videbitur,
1334 1161 1473 1240 utrinque
1502 1179 1573 1222 vero
1602 1162 1704 1242 imago
1733 1164 1836 1243 aliqua

472 1250 630 1313 indirecte.

561 1339 621 1401 Hic
653 1342 777 1417 propter
815 1334 980 1397 schematis
1020 1336 1276 1413 opportunitatem
1314 1335 1449 1416 quamvis
1487 1344 1574 1398 extra
1607 1338 1691 1399 oleas
1724 1339 1835 1417 adjicio

473 1426 757 1489 demonstrationem
782 1424 857 1503 oJus,
884 1423 962 1504 quod
986 1423 1170 1486 Aristoteles
1194 1425 1328 1486 sectione
1353 1421 1403 1486 31.
1432 1424 1620 1503 problemate
1648 1426 1697 1490 ll.
1724 1437 1757 1487 et
1783 1426 1833 1490 17.

474 1514 610 1598 quaerit:
644 1526 795 1597 quomodo,
827 1541 887 1577 cunr
914 1530 1030 1592 uterque
1061 1524 1156 1576 oculus
1178 1525 1214 1577 ab
1241 1524 1337 1576 eodem
1366 1523 1499 1593 principio
1520 1523 1558 1577 sit
1578 1531 1708 1594 aptatus,
1739 1533 1835 1581 muron

475 1606 542 1662 insit
561 1605 647 1659 oculis
669 1605 800 1666 facultas,
822 1620 904 1657 unam
918 1619 973 1656 rem
990 1619 1039 1671 pro
1060 1604 1174 1672 gemina
1193 1604 1373 1657 aestimandi:
1395 1604 1468 1657 citra
1485 1603 1571 1658 etium
1585 1605 1835 1661 considerationem

472 1685 552 1758 globi
574 1684 656 1755 aquei
677 1691 727 1737 aut
747 1682 853 1755 speculi
875 1682 955 1736 cavit
988 1680 1185 1760 Respondeo,
1217 1701 1393 1742 concurrere
1424 1682 1602 1744 dualitatem
1626 1684 1781 1746 oculorum
1804 1693 1836 1747 et

475 1771 698 1835 distinctionem
723 1770 854 1832 directae
883 1769 1007 1831 visionis
1032 1769 1070 1829 ab
1094 1769 1228 1848 obliqua,
1261 1788 1313 1830 seu
1344 1770 1530 1850 obliquaturn
1560 1772 1598 1832 ab
1625 1771 1757 1834 invicem
1780 1791 1835 1852 per

472 1861 610 1923 diversas
633 1857 801 1938 superficiei
823 1864 937 1938 partes.
976 1857 1024 1919 Sit
1048 1857 1075 1918 in
1096 1857 1192 1935 figura
1207 1853 1258 1919 76.
1280 1859 1333 1918 FH
1358 1860 1467 1937 paries,
1492 1858 1569 1920 oculi
1584 1861 1621 1934 Β,
1642 1857 1678 1929 C,
1704 1878 1832 1939 quonum

471 1950 552 2012 acies
577 1949 605 2010 in
629 1966 718 2008 nuum
741 1946 868 2027 parietis
891 1954 1036 2025 puuctum
1060 1945 1238 2025 dirigantur,
1264 1947 1294 2008 id
1319 1948 1360 2007 sit
1374 1949 1418 2020 F;
1442 1947 1619 2009 intermedio
1644 1950 1710 2009 loco
1734 1950 1832 2010 collo-

471 2045 556 2100 cetur
584 2034 722 2107 visrbile,
746 2035 831 2114 cujus
856 2035 977 2115 'species
1001 2043 1049 2095 est
1078 2034 1269 2110 geminanda,
1294 2034 1324 2095 id
1348 2035 1391 2097 sit
1412 2036 1451 2097 D.
1499 2032 1574 2096 Cum
1598 2035 1692 2115 igitur
1713 2036 1767 2100 FC
1786 2039 1834 2099 sit

472 2126 539 2189 axis
563 2122 641 2187 oculi
666 2116 693 2185 0
716 2123 917 2197 continuatus,
942 2123 971 2184 D
995 2123 1155 2201 apparebit
1182 2125 1267 2185 oculo
1292 2122 1316 2186 C
1341 2124 1372 2185 in
1396 2124 1477 2185 linea
1499 2125 1576 2185 axis.
1623 2125 1755 2187 Etcum
1778 2127 1831 2187 FB

474 2214 517 2277 sit
540 2214 606 2276 axis
631 2211 747 2273 oculiB
772 2212 974 2284 continuatus,
1000 2211 1055 2272 BD
1070 2230 1141 2273 vero
1165 2212 1206 2273 sit
1230 2212 1308 2273 linea
1332 2212 1393 2273 alia
1415 2230 1504 2291 quam
1527 2213 1603 2285 axis,
1628 2214 1657 2274 D
1672 2214 1834 2295 apparebit

473 2304 559 2365 oculo
583 2302 609 2363 B
634 2309 721 2361 extra
744 2300 855 2361 lineam
883 2300 949 2360 axis
972 2301 1002 2361 in
1026 2301 1086 2361 alia
1114 2310 1202 2380 parte
1226 2300 1408 2379 superficiei,
1438 2300 1482 2361 ita
1504 2319 1559 2380 pro
1587 2301 1711 2363 diversa
1733 2302 1832 2363 collo-

472 2392 592 2455 catione
615 2388 646 2450 in
671 2388 765 2449 oculis
790 2388 927 2450 diversae
952 2388 1067 2468 species
1092 2390 1291 2469 apparebunt.
1333 2388 1470 2451 Ebriosis
1493 2390 1596 2470 itaque
1621 2400 1653 2451 et
1675 2391 1832 2462 morbidis,

369 2493 377 2507 ’
474 2487 507 2541 ct
530 2477 632 2559 pueris
656 2474 846 2556 senibusque,
872 2485 903 2537 et
922 2495 1043 2555 quorum
1062 2476 1224 2538 voluntarii
1248 2484 1347 2538 motus
1366 2477 1502 2556 impediti
1523 2487 1603 2548 sunt,
1627 2479 1685 2540 hoc
1708 2480 1832 2541 accidit.

588 2571 591 2576 '
689 2607 743 2672 rig.
765 2604 807 2655 77·
1118 2566 1338 2644 Propositio
1362 2566 1451 2627 VlIl.
1497 2566 1611 2629 Radii
1634 2566 1679 2628 ab
1705 2569 1832 2647 aliquo

1030 2664 1164 2732 puncto
1196 2654 1511 2733 incomparabilis
1542 2655 1755 2718 distantiae
1787 2656 1832 2716 ad

1031 2760 1267 2822 quaecunque
1282 2751 1420 2822 puncta
1439 2743 1540 2823 globi
1555 2745 1663 2824 aquei
1678 2744 1831 2825 allapsi,

1030 2831 1256 2893 refractione
1287 2832 1436 2911 gemina
1469 2834 1574 2893 facta
1602 2841 1833 2897 concurrunt

1031 2937 1108 2981 curn
1133 2938 1213 2993 axe,
1244 2920 1312 2982 hoc
1341 2929 1398 2981 est
1428 2940 1503 2983 cum
1529 2921 1643 2995 linea,
1673 2940 1765 3001 quae
1789 2940 1832 2982 ex

1030 3017 1162 3086 puncto
1202 3008 1376 3071 radiante
1413 3028 1478 3087 per
1517 3019 1685 3072 centrum
1727 3011 1830 3087 globi

1031 3096 1190 3159 ducitur.
1239 3096 1287 3159 Sit
1310 3098 1341 3159 A
1371 3107 1508 3160 centrum
1530 3097 1584 3161 Bc
1615 3099 1699 3178 globi
1732 3099 1830 3180 aquei,

1031 3185 1097 3245 axis
1119 3184 1216 3247 DAF.
1263 3184 1313 3248 Sit
1340 3195 1482 3265 puuctum
1511 3188 1632 3249 radians
1661 3207 1768 3249 versus
1791 3188 1829 3260 D,

1031 3272 1194 3334 distantiae
1226 3274 1265 3334 ad
1293 3274 1415 3352 globum
1445 3275 1701 3356 incomparabilis.
1748 3276 1830 3354 Erg'o

1031 3361 1129 3422 lineae
1154 3382 1172 3421 a
1195 3370 1306 3440 puncto
1330 3362 1381 3425 illo
1405 3363 1445 3424 ad
1468 3366 1663 3445 quodcunque
1686 3375 1830 3444 puuctum

1031 3449 1178 3530 sphaerae
1217 3450 1325 3512 ductae
1364 3452 1579 3514 insensibiliter
1618 3454 1759 3515 different
1793 3452 1830 3513 ab

1032 3537 1303 3618 aequidistantibus
1333 3542 1382 3601 axi
1411 3542 1505 3604 DAF.
1553 3540 1621 3604 Sint
1651 3552 1765 3621 puncta
1794 3542 1829 3615 B,

1033 3627 1076 3699 G,
1113 3627 1210 3689 lineae
1242 3630 1407 3707 parallelae
1440 3629 1490 3690 axi
1522 3630 1593 3704 KB,
1626 3629 1695 3692 LG.
1753 3631 1830 3692 Dico

1031 3734 1229 3777 concursuras
1253 3715 1319 3778 cum
1342 3737 1399 3779 axe
1423 3719 1517 3780 DAF.
1564 3720 1644 3784 Nam
1668 3720 1739 3798 quia
1762 3719 1828 3791 KB,

1031 3802 1090 3865 LG
1113 3803 1144 3865 iu
1168 3805 1328 3884 sphaeram
1348 3807 1516 3868 densiorem
1541 3807 1659 3889 oblique
1684 3808 1828 3879 incidunt,

1031 3892 1234 3971 refringentur
1269 3913 1340 3975 ergo
1377 3895 1417 3956 ad
1453 3896 1736 3975 perpendiculares,
1760 3895 1828 3977 BA,

1033 3980 1103 4055 GA,
1119 3990 1151 4043 et
1165 3980 1261 4054 KBC,
1284 3982 1368 4044 LGH
1389 3985 1464 4046 fiunt
1478 3983 1566 4045 binae
1585 3985 1683 4047 lineae
1702 3985 1830 4065 angulos

1032 4072 1062 4133 in
1094 4069 1130 4144 B,
1162 4068 1199 4144 G,
1235 4071 1389 4136 iacientes.
1441 4074 1521 4153 Ergo
1556 4071 1609 4135 CB
1643 4081 1731 4136 secat
1761 4072 1829 4147 ΒΚ,

1033 4177 1124 4239 quare
1149 4167 1180 4220 et
1202 4160 1268 4238 ejus
1290 4163 1468 4241 parallelum
1492 4162 1552 4223 DA
1575 4163 1733 4243 producta.
1779 4160 1831 4223 Sic

1032 4246 1093 4309 HG
1117 4256 1203 4309 secat
1219 4247 1286 4322 GL,
1310 4268 1401 4329 quare
1423 4260 1454 4312 et
1478 4252 1543 4331 ejus
1566 4252 1744 4331 parallelum
1758 4250 1830 4313 DA.

1031 4336 1074 4397 Et
1097 4336 1166 4416 quia
1188 4334 1252 4412 Bc,
1279 4336 1339 4399 GH
1362 4358 1559 4415 concursurae
1584 4360 1651 4402 cum
1674 4342 1732 4402 AF
1755 4360 1830 4402 exe-

469 4438 525 4492 unt
554 4431 582 4491 in
617 4429 747 4493 medium
781 4430 894 4503 rarius,
929 4429 1131 4509 refringantur
1165 4425 1255 4504 igitur
1283 4448 1302 4488 a
1333 4429 1631 4509 perpendicularibus
1663 4428 1739 4503 AO,
1770 4429 1831 4490 ΑΗ

468 4520 586 4582 ratione
611 4520 779 4594 contraria,
811 4518 929 4598 angulis
952 4537 1024 4581 vero
1048 4514 1171 4583 iisdern,
1200 4522 1233 4575 ut
1258 4515 1320 4577 sint
1343 4518 1486 4597 aequales
1510 4515 1606 4591 KBC,
1631 4516 1728 4592 BCF,
1751 4519 1832 4580 sicut

469 4608 568 4679 LGH,
594 4606 686 4681 GHI,
722 4608 793 4688 quia
825 4608 1006 4669 incidentiae
1030 4608 1056 4669 B
1081 4601 1162 4664 ecc
1192 4606 1335 4683 aequales
1366 4616 1454 4681 sunt,
1484 4615 1518 4667 ut
1542 4615 1574 4667 et
1597 4603 1637 4681 G,
1660 4607 1701 4669 Η.
1750 4607 1830 4668 Vide

467 4696 509 4773 X,
533 4695 561 4762 9.
587 4695 775 4759 Vitellionis.
814 4694 875 4758 Sed
899 4694 953 4760 Bc
975 4696 1043 4777 ipsa
1067 4699 1155 4755 utet
1179 4690 1238 4753 GH
1263 4702 1401 4756 secturae
1426 4703 1514 4756 erant
1529 4695 1595 4765 AF,
1619 4696 1713 4758 multo
1736 4696 1831 4776 igitur

468 4787 565 4866 magis
591 4783 651 4858 CF,
677 4783 723 4847 HI
746 4784 895 4846 secabunt
913 4784 969 4846 AF
992 4786 1020 4846 iu
1044 4784 1070 4845 F
1093 4789 1124 4844 et
1146 4781 1172 4854 1,
1197 4782 1266 4863 quia
1290 4784 1357 4862 plus
1381 4784 1409 4845 in
1434 4784 1508 4846 illud
1531 4784 1612 4845 latus
1636 4783 1829 4848 inclinantur.

535 4863 706 4937 ‘Lemma
730 4874 768 4934 ad
792 4872 1028 4952 propositionem
1048 4871 1104 4932 IX.
1130 4880 1318 4949 sequentem.
1359 4869 1435 4935 Cum
1459 4873 1497 4935 ab
1522 4872 1701 4954 aequalibus
1725 4872 1829 4944 circuli

467 4964 596 5027 arcubus
618 4966 721 5024 rectae
745 4962 892 5025 ducuntur
915 4961 955 5022 ad
978 4955 1123 5042 puuctum
1144 4970 1232 5022 extra
1254 4962 1408 5037 circulum,
1433 4962 1609 5042 inaequales
1631 4970 1704 5024 suut
1727 4961 1829 5041 anguli

467 5052 508 5116 ad
530 5058 672 5131 punctum
696 5049 735 5111 ab
759 5050 935 5129 aequalibus
960 5049 1089 5111 arcubus
1110 5050 1258 5126 subtensi,
1283 5057 1315 5111 et
1332 5044 1474 5130 majores,
1499 5069 1625 5132 quorum
1647 5069 1738 5115 arcus
1757 5059 1830 5113 suut

467 5125 614 5239 diametro
638 5156 694 5224 per
715 5145 860 5219 punctum
884 5136 1054 5201 viciniores.
