4584 6192
972 562 1149 630 aava
1249 593 1253 600 -
1671 557 1738 632 aer

470 737 557 802 Haec
578 736 681 801 omnia
703 745 737 800 et
759 740 785 802 si
808 757 869 821 qua
900 747 972 802 suut
999 741 1073 815 alia,
1101 760 1140 802 ex
1168 744 1268 806 retina
1297 743 1401 805 tunica
1426 744 1551 805 trabunt
1582 741 1739 824 originem,

382 827 436 891 sed
459 827 581 891 diverso
604 834 754 906 respectu.
791 829 923 890 Primum
947 830 1086 911 quicquid
1108 828 1199 910 hujus
1224 831 1335 893 accidit
1356 831 1472 894 visibus
1494 831 1622 907 vitiosis,
1647 851 1740 895 ocea-

382 916 498 979 siouem
521 935 561 979 ex
582 916 790 997 propositione
813 913 865 979 26.
889 916 942 980 27.
971 918 1141 998 praemissa
1173 920 1297 982 invenit.
1343 920 1521 983 Remotiora
1551 938 1674 1002 nempe,
1701 930 1742 982 -ut

378 1012 453 1068 'sunt
475 1023 605 1085 corpora
627 1005 786 1079 coelestia,
810 1005 996 1069 radiationes
1019 1007 1058 1068 ab
1082 1027 1139 1069 uuo
1162 1017 1274 1088 puncto
1299 1017 1411 1089 coguut
1434 1009 1463 1072 iu
1487 1027 1575 1071 unum
1589 1018 1741 1087 puuctum,

382 1102 544 1175 autequam
568 1093 723 1173 attingant
745 1094 943 1171 retiiormem,
973 1115 1065 1176 seque
1098 1103 1200 1158 mutuo
1233 1107 1374 1160 secantes
1407 1099 1436 1159 in
1462 1117 1497 1158 eo
1521 1105 1645 1177 puncto,
1675 1098 1742 1177 jam

382 1183 505 1245 dilatati
527 1184 559 1245 iu
587 1183 717 1246 retinam
748 1183 932 1263 impingunt,
965 1184 1009 1247 sic
1033 1202 1090 1245 nou
1117 1193 1260 1263 puuctum
1284 1186 1400 1249 retinae
1424 1208 1443 1248 a
1465 1195 1577 1267 puncto
1602 1187 1663 1262 rei,
1688 1186 1741 1248 sed

381 1271 609 1351 superficiecula
640 1271 706 1351 ejus
737 1292 756 1334 a
785 1280 896 1350 puncto
924 1273 969 1334 rei
996 1279 1029 1334 et
1056 1273 1100 1335 sic
1128 1293 1147 1334 a
1175 1273 1310 1353 pluribus
1338 1276 1459 1353 punctis
1492 1274 1639 1353 cingitur:
1672 1274 1744 1336 alba

381 1377 453 1423 vero
477 1367 510 1421 et
532 1360 618 1422 clara
640 1360 760 1424 sortiter
783 1360 938 1422 illustrant
959 1381 1045 1423 suam
1068 1363 1265 1440 superficiem.
1311 1365 1441 1425 Faciunt
1468 1364 1580 1441 igitur,
1607 1370 1642 1424 ut
1666 1383 1742 1445 quae

380 1449 492 1512 ibidem
516 1449 679 1528 pinguntur
702 1449 798 1511 minus
822 1449 915 1523 clara,
939 1469 999 1530 qua
1022 1451 1166 1512 terminos
1190 1451 1257 1530 ipsa
1276 1471 1346 1513 suos
1360 1452 1550 1531 protulerant
1573 1451 1744 1531 (proterunt

383 1544 483 1600 autem
507 1539 557 1599 vel
580 1537 669 1599 nimis
693 1545 826 1611 remota,
852 1538 985 1600 sectione
1009 1539 1092 1600 lacta
1115 1548 1186 1600 ante
1209 1539 1356 1609 retinam,
1382 1542 1429 1603 vel
1454 1539 1542 1603 nimis
1564 1540 1742 1620 propinqua,

381 1634 415 1689 ut
432 1627 502 1707 J'am
524 1626 614 1687 modo
636 1626 742 1704 regula
764 1644 861 1704 opaca
883 1645 958 1688 cono
973 1628 1093 1689 radioso
1117 1649 1136 1688 a
1158 1628 1259 1690 retina
1276 1637 1360 1691 secto
1374 1630 1550 1710 priusquam
1572 1628 1603 1689 iu
1621 1646 1742 1690 mucro-

382 1733 450 1778 uem
464 1715 604 1789 desinat;
628 1715 697 1776 vide
719 1733 764 1796 pr.
784 1711 838 1778 ²6.
863 1713 917 1779 27
942 1712 995 1779 28.
1018 1716 1107 1795 huJ'us
1127 1717 1261 1800 capitis),
1286 1718 1377 1797 plane
1392 1718 1574 1780 delitescant
1588 1717 1742 1798 locumque

385 1802 462 1865 albis
485 1804 609 1877 cedant,
635 1804 737 1883 itaque
760 1821 836 1883 pene
859 1804 938 1865 idem
961 1804 1046 1866 fiat
1038 1824 1068 1866 ru
1083 1806 1191 1877 oculos
1203 1806 1281 1886 quod
1296 1824 1386 1886 supra
1410 1807 1447 1868 de
1470 1806 1548 1869 radii
1565 1805 1743 1884 figuratione

382 1893 485 1972 capite
511 1892 553 1954 ll.
578 1892 816 1954 demonstravi
807 1912 839 1954 ru
860 1892 977 1972 pariete
1000 1893 1073 1955 fieri.
1116 1891 1207 1964 Quod
1230 1901 1330 1957 autem
1354 1914 1411 1957 nou
1435 1894 1612 1975 simpliciter
1636 1893 1743 1974 ampli-

381 1988 452 2043 atur
482 1981 603 2061 species
633 1981 777 2055 lucentis,
811 1982 865 2042 sed
898 1981 984 2061 quasi
1016 1982 1234 2061 multiplicatur
1262 1990 1294 2044 et
1317 2003 1355 2044 ex
1378 1984 1481 2046 multis
1508 1981 1661 2045 distinctis
1685 2001 1743 2043 una

383 2070 488 2150 aliqua
516 2070 615 2148 major
637 2069 843 2131 confunditur:
875 2070 906 2131 id
929 2070 1049 2131 videtur
1072 2089 1139 2132 esse
1169 2072 1218 2133 vel
1250 2079 1374 2152 propter
1402 2090 1494 2152 rugas
1523 2089 1633 2145 uvoae,
1667 2088 1744 2151 quae

383 2166 476 2221 noctu
500 2175 570 2219 cnm
593 2158 708 2219 Lunam
732 2158 881 2221 iutuemur
910 2158 1075 2232 dilatatur,
1107 2167 1139 2219 et
1162 2158 1192 2220 iu
1216 2178 1250 2221 se
1273 2160 1361 2238 inque
1385 2179 1477 2239 rugas
1501 2179 1573 2221 suas
1595 2159 1671 2233 coit,
1695 2158 1743 2219 vel

382 2253 509 2328 propter
533 2246 637 2308 hiatus
659 2245 805 2308 ciliarium
836 2265 1040 2326 processuum.
1085 2248 1166 2309 Nam
1194 2249 1360 2309 contractis
1393 2248 1547 2329 palpebris
1577 2254 1609 2309 et
1645 2247 1743 2309 fronte

380 2341 545 2414 corrugata
557 2334 704 2414 plurimae
720 2335 825 2397 talium
845 2335 989 2397 falsarum
1003 2336 1169 2415 specierum
1185 2337 1391 2416 deterguntur,
1415 2356 1472 2399 uon
1488 2344 1589 2399 tamen
1603 2335 1742 2416 undique,

386 2424 457 2505 quia
477 2441 535 2504 per
557 2423 795 2485 contractionem
816 2424 1029 2503 palpebrarum
1054 2444 1113 2488 uon
1137 2425 1265 2505 undique
1293 2426 1396 2488 oculus
1419 2425 1587 2505 aequaliter
1608 2425 1741 2503 tegitur:

383 2512 434 2575 sod
457 2512 658 2574 transversim
673 2511 769 2573 undns
788 2512 974 2592 relinquitur,
991 2512 1132 2593 quamdiu
1155 2514 1319 2594 palpebrae
1342 2533 1430 2593 quam
1455 2514 1608 2576 minimum
1625 2519 1742 2592 patent.

468 2600 537 2662 Hoc
561 2617 634 2680 ergo
656 2601 775 2662 nomine
798 2601 917 2679 pictura
939 2601 1051 2663 visoria
1065 2601 1199 2677 vitiatur,
1225 2620 1313 2681 quam
1332 2602 1474 2665 vitiosam
1498 2601 1582 2683 sequi
1594 2601 1741 2663 visionem

380 2707 506 2751 maesse
529 2696 588 2751 est.
635 2686 669 2750 si
693 2690 829 2768 aequalis
851 2688 952 2751 omnia
974 2690 1123 2752 claritatis
1147 2691 1283 2764 fussent,
1309 2690 1384 2752 visio
1408 2692 1535 2753 confusa
1556 2697 1656 2766 esset3
1675 2689 1740 2769 jam

380 2795 460 2851 vero,
486 2778 559 2858 quia
581 2777 682 2839 lueida
704 2778 906 2858 praepollent,
931 2779 1101 2858 quantitate
1126 2777 1327 2853 vitiantur.*)
1373 2781 1476 2861 Atque
1508 2778 1568 2841 etsi
1598 2778 1741 2841 fortassis
1850 2851 1853 2858 Ι

381 2864 407 2927 iu
430 2866 572 2928 omnibns
595 2884 687 2927 conus
711 2865 855 2945 pictorins
878 2866 1034 2941 dilatatur,
1058 2885 1116 2928 nou
1142 2886 1245 2929 omues
1268 2875 1369 2929 tamen
1393 2869 1470 2930 adeo
1492 2866 1597 2929 subtili
1616 2874 1741 2929 utuntur

380 2954 525 3016 iaculute
548 2953 671 3027 visoria,
696 2963 729 3016 ut
751 2955 888 3017 omnibus
911 2955 1129 3017 radiationibus
1154 2957 1308 3030 sentiaut;
1339 2956 1388 3036 qni
1412 2973 1484 3018 vero
1507 2956 1679 3018 afficiuntur
1702 2954 1740 3017 ab

382 3042 519 3105 omnibus
555 3041 832 3118 radiationibus,
824 3044 843 3104 ri
872 3044 930 3105 soli
957 3043 1058 3105 lucida
1084 3044 1142 3106 sibi
1175 3045 1289 3125 majora
1310 3045 1524 3126 imaginantur.
1578 3044 1658 3106 Hinc
1690 3044 1740 3125 qui

380 3129 487 3210 insigni
517 3130 674 3193 debilitate
703 3132 787 3193 visus
819 3140 905 3205 suut,
943 3151 1001 3193 nou
1031 3131 1133 3193 lucida
1160 3140 1277 3194 tantum
1313 3134 1366 3195 sed
1397 3141 1429 3195 et
1460 3133 1561 3210 nigra,
1598 3132 1689 3195 exilia
1716 3133 1743 3193 si

380 3219 488 3281 ineunt
513 3230 546 3280 et
567 3219 725 3282 immodice
748 3227 875 3293 remota,
900 3221 1054 3300 duplicata
1076 3220 1238 3282 intuentur.

468 3306 613 3388 cognata
645 3308 783 3389 quaestio
817 3316 865 3371 est
892 3309 973 3389 apud
1000 3309 1202 3371 Aristotelem
1239 3309 1372 3372 sectione
1398 3305 1451 3370 31.
1479 3310 1574 3389 procl.
1600 3306 1657 3382 28,
1689 3328 1742 3371 cnr

381 3396 478 3460 lumen
501 3395 534 3457 iu
559 3396 661 3458 oculos
685 3398 807 3458 radians
832 3398 953 3460 auferat
982 3405 1176 3478 conspectum
1206 3417 1305 3461 rernm
1337 3397 1517 3467 vicinamm,
1546 3397 1596 3478 qui
1629 3398 1740 3459 lumine

380 3485 414 3547 ab
437 3484 536 3547 oculis
559 3503 666 3546 averso
689 3486 804 3548 redeat.
822 3496 928 3564 (Quare
946 3513 1015 3568 prae
1035 3497 1166 3552 claritate
1180 3498 1277 3551 Lunae
1291 3504 1343 3552 ant
1354 3497 1432 3552 Jovis
1456 3495 1636 3551 subveneris
1656 3497 1742 3551 minu·

380 3574 448 3631 tiara
461 3575 556 3630 sidera
569 3575 643 3629 iutra
656 3577 763 3647 aliquot
776 3579 879 3649 gradus
893 3576 980 3631 videri
990 3572 1155 3648 nequeunt.)
1177 3575 1255 3637 Nam
1269 3576 1393 3655 perinde
1408 3576 1452 3637 uti
1467 3576 1614 3637 hacteuus
1628 3576 1741 3636 dictum

378 3671 480 3744 partes
501 3662 621 3742 aliquae
644 3664 808 3725 retiiormis
831 3664 1022 3728 illustrantur
1046 3664 1221 3739 fortissime,
1245 3665 1346 3726 sensio
1369 3665 1471 3744 itaque
1493 3672 1542 3724 est
1566 3662 1742 3731 fortissima,

380 3751 558 3832 reliquarum
572 3750 712 3831 partium,
725 3770 801 3833 quae
812 3751 980 3814 visibilibus
991 3753 1175 3833 respondent
1184 3751 1458 3824 circumstantibus,
1472 3752 1603 3813 radiatio
1615 3751 1646 3813 iu
1661 3750 1741 3812 nulla

382 3840 417 3902 ad
430 3839 517 3902 illam
531 3840 723 3920 proportione
739 3849 801 3902 est:
817 3859 910 3921 quare
922 3849 954 3902 et
968 3840 1068 3903 sensio
1082 3860 1159 3921 pene
1173 3843 1265 3903 nulla.
1289 3841 1367 3903 Nam
1384 3840 1427 3901 uti
1442 3859 1475 3901 se
1490 3840 1584 3901 babet
1597 3839 1741 3901 distincta

378 3928 539 3991 rotiiormis
561 3927 681 4008 pictura
704 3929 742 3990 ad
766 3929 942 3992 distinctam
965 3931 1126 4004 visionem,
1158 3929 1204 3991 ita
1233 3930 1322 3992 fortis
1354 3929 1491 4008 picturae
1513 3926 1677 3990 illustratio
1701 3927 1740 3989 ad

379 4015 483 4080 iortem
507 4016 697 4079 sensionem:
721 4019 752 4080 in
776 4037 835 4099 qua
858 4017 982 4098 spiritns
1005 4019 1130 4080 multum
1144 4018 1309 4098 patiuntur.
1349 4018 1451 4097 Magis
1475 4018 1605 4078 tortasse
1619 4025 1743 4098 spectat

377 4105 429 4170 boo
453 4106 494 4168 ad
519 4105 647 4168 alterum
670 4106 754 4169 visus
786 4106 907 4182 vitium,
941 4108 1020 4187 quod
1050 4107 1195 4188 sequitur.
1242 4106 1339 4187 Igitur
1367 4107 1445 4168 alter
1476 4113 1649 4185 respectus,
1683 4125 1740 4188 quo

377 4195 476 4258 retina
508 4193 673 4256 lucidorum
705 4196 840 4275 picturas
873 4196 1012 4276 ampliat,
1052 4195 1170 4257 videtur
1205 4195 1287 4258 ultra
1319 4194 1403 4276 leges
1435 4193 1553 4274 opticas
1585 4194 1739 4258 accedere.

376 4283 491 4346 Tritum
514 4282 634 4362 quidem
658 4292 707 4346 est
729 4285 808 4363 apud
822 4283 974 4365 physicos,
999 4282 1127 4347 candido
1151 4282 1251 4346 colore
1275 4282 1417 4363 dissipari
1440 4281 1541 4345 radios
1557 4279 1651 4359 Solis,
1674 4285 1739 4347 col-

376 4371 425 4451 ligi
448 4371 549 4452 nigro.
593 4371 700 4451 Neque
725 4392 797 4434 saue
822 4374 931 4435 falsum
962 4373 1018 4435 hoc
1042 4392 1110 4435 esse
1140 4373 1278 4446 videtur,
1308 4373 1335 4435 si
1367 4372 1433 4453 quis
1465 4389 1612 4453 papyrum
1640 4373 1740 4436 albam

377 4460 463 4540 globo
488 4478 587 4541 aquen
610 4461 659 4521 vel
683 4462 859 4541 crystallino
889 4461 918 4522 iu
940 4468 1051 4540 puncto
1075 4461 1257 4523 incensionis
1280 4480 1333 4523 seu
1356 4459 1580 4523 intersectionis
1605 4461 1739 4541 objiciat,

376 4549 433 4611 late
458 4548 616 4610 illustrata
638 4548 804 4626 videbitur,
838 4551 893 4612 sed
916 4549 1144 4612 conniventibus
1168 4551 1206 4611 ob
1230 4549 1401 4611 claritatem
1435 4548 1550 4624 oculis3
1582 4549 1628 4610 siu
1652 4550 1740 4629 nigra

376 4645 506 4721 papyrus
531 4637 632 4711 fuerit,
657 4638 815 4716 augustior
837 4638 1010 4717 superficies
1033 4638 1243 4701 illustrabitur.
1279 4636 1356 4709 Quis
1379 4637 1470 4717 igitur
1493 4655 1552 4699 non
1575 4637 1740 4707 existimet,

377 4727 474 4790 radios
498 4725 569 4788 albo
593 4725 704 4806 disjici,
728 4727 813 4809 nigro
837 4726 937 4790 coire?
982 4726 1167 4791 Praesertim
1190 4726 1218 4789 si
1240 4726 1344 4789 videat
1366 4727 1454 4808 nigra
1475 4725 1666 4807 potissimum
1690 4725 1738 4788 in-

457 4928 489 5002 *)
509 4931 651 4989 niterent
669 4931 739 4987 visio
761 4932 877 5018 annilina
896 4939 926 4988 et
945 4932 1016 4987 visio
1041 4949 1168 4988 erronea
1210 4932 1585 4996 daemonstrandum
1603 4946 1650 4986 ros
1670 4929 1740 4985 vidit

380 5014 467 5069 eodem
487 5014 569 5075 locor
598 5027 717 5068 erronea
736 5012 780 5076 fit,
803 5029 863 5067 cnm
883 5014 961 5067 loona
983 5013 1069 5068 omnis
1090 5013 1174 5068 alteri
1204 5020 1311 5067 tautum
1330 5011 1372 5066 rei
1392 5012 1471 5066 visae
1492 5010 1545 5065 soli
1565 5009 1739 5112 attribuitur,

381 5099 542 5149 maeones
561 5090 669 5147 risione
687 5092 815 5163 reliquae
834 5093 877 5147 rei
897 5094 993 5147 eodem
1013 5094 1074 5147 loon
1095 5092 1183 5147 vissa
