4584 6192
474 610 541 681 814
881 611 1244 665 ιιιιιιιιιοιιιιιιιη
1260 612 1412 677 ειη-ιω·

473 810 581 849 sursum
600 809 618 849 u
637 793 713 849 linea
732 793 897 849 hufisonteli
917 798 1106 865 spectaturam
1125 792 1276 867 lingulam:
1302 791 1345 845 sin
1365 792 1401 846 ad
1420 797 1542 856 montes,
1563 794 1702 848 deumne
1744 792 1825 854 Utsi

1139 874 1235 930 Gflm
1254 873 1291 928 sit
1310 866 1413 937 Terra,
1437 874 1488 927 BD
1508 873 1636 938 horim,
1666 872 1744 929 (ΜΕ
1765 874 1825 929 axis

1138 953 1238 1017 mundi.
1259 954 1284 1007 E
1297 953 1376 1024 polus
1397 953 1425 1007 in
1439 953 1526 1017 eaelo,
1546 954 1578 1008 M
1590 955 1674 1023 polus
1687 953 1716 1008 in
1730 954 1824 1022 Terra

1136 1037 1185 1091 Fu
1205 1034 1321 1088 &culus
1342 1034 1523 1105 magneticus.
1563 1034 1642 1105 Engo
1663 1034 1687 1089 si
1708 1052 1823 1108 magne·

1136 1115 1212 1170 ducit
1226 1116 1261 1169 ad
1274 1114 1368 1184 polum
1381 1113 1460 1178 coeli.
1477 1114 1588 1187 linguis
1599 1115 1695 1171 ferreo
1708 1117 1825 1173 habebit

1137 1197 1219 1251 situm
1238 1196 1301 1258 ΔΚ,
1322 1211 1417 1249 versus
1434 1194 1478 1258 Ες
1499 1195 1543 1249 sin
1562 1201 1658 1251 antem
1678 1198 1773 1252 tendit
1791 1198 1825 1251 ud

1061 1273 1073 1309 i
1138 1279 1230 1347 polum
1244 1276 1362 1355 'Terrae
1383 1275 1453 1329 situs
1474 1274 1598 1347 lingulae
1619 1275 1674 1331 erit
1692 1278 1747 1333 sl.
1766 1295 1824 1334 rer·

1138 1374 1185 1413 sus
1198 1357 1235 1413 11
1250 1384 1288 1395 -
1307 1355 1401 1410 Edidit
1418 1357 1463 1412 Jo.
1480 1355 1640 1411 Taisnier
1659 1358 1823 1413 limenius

1138 1454 1210 1492 enno
1239 1431 1325 1492 1562
1347 1436 1478 1491 Coloniae
1503 1436 1630 1491 libellum
1656 1438 1693 1492 de
1721 1438 1823 1493 viribus

1137 1516 1285 1589 magnetis,
1306 1516 1335 1571 in
1348 1532 1402 1588 qno
1421 1516 1572 1581 existimat„
1593 1517 1688 1573 inesse
1706 1519 1737 1574 in
1749 1536 1825 1593 mag-

1139 1606 1203 1653 nete
1224 1614 1278 1651 non
1298 1603 1405 1652 tantum
1423 1596 1494 1667 poli,
1520 1598 1569 1652 sed
1595 1599 1721 1655 omnium
1743 1600 1825 1654 etin

1139 1678 1209 1732 coeii
1223 1678 1342 1748 partium
1360 1694 1477 1741 nusum,
1495 1686 1529 1733 ut
1539 1678 1564 1732 si
1580 1679 1685 1750 globus
1708 1687 1826 1735 exactem

1137 1760 1196 1823 flet,
1217 1764 1247 1812 et
1265 1759 1319 1813 dno
1338 1764 1449 1828 punctu.
1471 1775 1543 1830 quae
1561 1758 1641 1829 polos
1662 1761 1825 1831 respiciunt„

1141 1845 1322 1912 quaerantur,
1343 1855 1435 1910 exque
1452 1837 1486 1892 iis
1510 1839 1612 1911 globus
1637 1844 1826 1912 snspendm

478 1914 823 1972 secundum-eltitudiuem
849 1920 906 1990 poli
926 1919 1009 1991 hujus
1029 1919 1092 1983 loci.
1115 1920 1174 1974 fore
1194 1926 1226 1974 ut
1245 1920 1346 1991 globus
1366 1934 1423 1972 una
1447 1936 1507 1973 curn
1526 1920 1603 1973 coelo
1629 1919 1731 1978 diurno
1752 1928 1825 1977 mota

475 2004 653 2051 convertatur
685 2002 769 2068 etque
789 1997 829 2051 sic
857 2006 946 2056 motus
973 2007 1123 2072 perpetuus
1153 2000 1297 2055 efficiatur.
1339 1998 1393 2054 Sed
1421 2000 1492 2053 haec
1521 2000 1653 2055 existimo
1683 2002 1739 2057 dici
1769 2002 1822 2056 siae

473 2077 677 2148 experimento.
725 2076 799 2131 idem
828 2081 884 2136 alio
912 2084 990 2136 modo
1019 2099 1057 2135 ex
1086 2079 1217 2136 continua'
1245 2079 1311 2135 terri
1338 2080 1503 2134 attractione
1532 2086 1636 2135 motum
1668 2082 1824 2138 continuum

473 2156 568 2213 confici
601 2156 752 2213 existimat.
793 2157 831 2216 Ut
853 2162 876 2215 si
903 2162 1019 2217 circulus
1049 2168 1200 2234 argenteus
1230 2160 1268 2215 eit
1295 2166 1405 2214 erectus
1434 2176 1517 2231 super
1537 2161 1567 2215 11
1591 2168 1690 2217 centro
1711 2170 1744 2218 et
1763 2179 1822 2225 axe,

798 2242 905 2298 habeus
925 2245 1105 2314 undequaque
1126 2241 1274 2298 clericulus
1295 2241 1413 2304 ferreos,
1435 2255 1462 2305 a,
1483 2241 1510 2304 b,
1532 2259 1557 2305 c,
1577 2242 1595 2294 d
1615 2240 1666 2299 uc.
1708 2243 1822 2315 Magnes

677 2326 679 2331 ’
798 2338 864 2378 reru
882 2323 936 2379 LK
955 2324 1069 2379 trahens
1089 2323 1118 2378 iu
1136 2323 1174 2379 K
1213 2322 1294 2377 Hunc
1314 2321 1443 2375 circulum
1470 2320 1613 2376 existimet
1638 2330 1823 2380 atmactarum

799 2404 905 2460 οΙιιιιιιιι
924 2420 947 2476 ς
966 2404 1098 2469 ferreum,
1126 2405 1212 2468 donec
1236 2402 1288 2457 dat
1312 2401 1365 2472 ipsi
1384 2401 1414 2456 K
1436 2401 1594 2471 proximns;
1622 2410 1691 2473 post
1711 2420 1735 2476 g
1753 2410 1822 2460 ttae

799 2486 931 2549 turamh.
952 2486 1048 2541 deinde
1068 2484 1078 2537 i
1097 2484 1180 2538 etsie
1200 2488 1405 2555 consequenter.
1432 2482 1533 2536 Vemm
1552 2499 1606 2536 non
1628 2483 1823 2540 animadvert‘t

801 2567 890 2630 homo,
912 2568 1007 2621 eodem
1022 2564 1088 2634 jure
1109 2570 1262 2619 tracturam
1281 2579 1307 2627 a.
1328 2563 1362 2626 b,
1383 2580 1411 2627 c,
1432 2563 1449 2615 d
1468 2568 1634 2629 remanum,
1656 2564 1712 2619 imo
1734 2573 1822 2620 retem

802 2656 893 2703 turum
913 2646 939 2701 id
959 2652 1098 2717 punctum,
1119 2646 1190 2717 quod
1211 2642 1335 2716 quelibet
1354 2659 1436 2698 monn
1456 2642 1508 2713 ipsi
1527 2643 1656 2713 proxime
1675 2644 1764 2700 fuerit
1779 2647 1821 2700 ad-

801 2729 965 2792 voluturum‚
988 2725 1137 2796 cujusmodi
1153 2732 1197 2780 est
1212 2724 1272 2794 jam
1286 2742 1309 2787 c,
1330 2723 1411 2777 etsie
1431 2722 1592 2778 immobilem
1613 2741 1820 2795 permansum

801 2808 938 2865 circulum
962 2837 993 2847 -
1036 2808 1098 2863 Huc
1116 2806 1254 2861 mentione
1283 2804 1421 2876 magnetis
1448 2803 1523 2858 facta
1553 2806 1655 2861 addere
1675 2807 1772 2873 volni,
1792 2815 1819 2862 nt

682 2885 687 2896 '
801 2889 970 2945 occasionem
997 2888 1140 2950 haberem,
1169 2904 1207 2941 ex
1226 2886 1265 2940 Te
1288 2884 1351 2939 Viro
1375 2884 1475 2939 nrtium
1501 2891 1628 2952 amatore
1647 2892 1677 2940 et
1703 2896 1817 2959 experto

797 2969 953 3042 quaerendi,
975 2985 1012 3024 an
1032 2974 1136 3023 certum
1157 2966 1219 3038 quid
1241 2964 1330 3020 ubivis
1352 2972 1487 3022 terrarum
1507 2968 1540 3019 de
1564 2965 1621 3019 hac
1646 2973 1741 3023 motus
1761 2986 1817 3039 pes·

472 3053 552 3126 petui
573 3053 755 3109 adornatione
773 3049 941 3109 inaudiveris
963 3056 993 3104 et
1005 3066 1041 3104 an
1062 3048 1181 3103 sortasse
1202 3046 1261 3102 tale
1275 3047 1346 3118 quod
1365 3044 1524 3101 miraculum
1544 3045 1705 3115 reperiatur
1726 3048 1756 3104 in
1773 3049 1818 3104 ills

475 3134 692 3191 celebratissima
720 3132 850 3205 principis
875 3129 1003 3186 Bavarici
1032 3128 1207 3199 supellectile
1235 3143 1326 3182 rerum
1356 3126 1576 3191 artificiosam,
1607 3128 1642 3181 de
1670 3145 1733 3200 qua
1758 3129 1815 3185 nihi

476 3213 616 3271 Monachii
641 3214 742 3271 dictum
762 3222 792 3271 et
812 3212 856 3267 oui
880 3210 1009 3265 visendae
1033 3210 1097 3265 hino
1124 3207 1221 3263 Gratia
1242 3225 1261 3263 a
1283 3208 1319 3264 D.
1338 3207 1373 3264 D.
1395 3207 1547 3278 Οιιριιιιο,
1575 3207 1663 3262 vestri
1684 3209 1815 3282 Pn'neipis

475 3296 581 3368 legato.
603 3296 838 3351 commendatitias
853 3293 901 3346 sed
915 3292 1019 3346 frustra
1039 3290 1196 3345 attuleram.
1211 3317 1250 3327 -
1269 3289 1332 3360 Ego
1345 3286 1390 3341 hic
1403 3294 1468 3342 ante
1490 3287 1633 3343 triennum
1646 3306 1690 3344 ex
1705 3292 1814 3347 obem

475 3392 583 3432 mmore
603 3374 692 3430 simile
713 3376 775 3447 quid
798 3370 949 3445 (magnetis
969 3370 1054 3427 motui
1071 3362 1221 3441 perpetuo)
1242 3370 1276 3423 de
1296 3369 1361 3439 igne
1381 3376 1515 3439 perpetuo
1536 3370 1586 3424 sub
1605 3374 1689 3426 terra
1708 3378 1813 3443 reperto

475 3456 575 3519 audivi,
599 3455 721 3526 quamvis
739 3456 765 3510 id
780 3454 934 3511 fabulosum
952 3451 1085 3507 videatur.
1112 3450 1201 3522 Ajunt
1215 3449 1243 3504 in
1256 3448 1420 3503 monasterio
1434 3448 1544 3504 Sisseck
1563 3448 1697 3506 effossam
1718 3458 1813 3508 terram

476 3544 506 3591 et
525 3543 664 3605 repertum
686 3537 819 3591 tumulum
840 3551 898 3589 cum
919 3532 1095 3601 inscriptione
1115 3531 1206 3586 nescio
1232 3530 1310 3599 cujus
1331 3530 1364 3582 de
1385 3529 1490 3584 familia
1509 3527 1574 3582 Juiii
1595 3529 1746 3596 Caesarie,
1768 3533 1811 3587 snb

475 3618 579 3671 tumulo
600 3617 698 3671 vitrum
715 3624 744 3671 et
757 3618 785 3670 in
799 3635 831 3670 eo
846 3615 965 3669 luculum
979 3613 1118 3683 exiguam,
1141 3628 1211 3682 quae
1226 3611 1363 3664 confracto
1377 3609 1448 3664 vitro
1462 3610 1552 3665 statim
1566 3608 1654 3665 neris
1669 3614 1811 3669 exstincta

475 3695 529 3751 Sed
549 3712 605 3751 rem
626 3697 714 3766 ipsam
735 3699 805 3767 quod
832 3695 948 3757 attinet,
978 3694 1071 3747 videor
1098 3690 1242 3763 exquisitis
1272 3689 1424 3744 rationibus
1454 3691 1568 3761 protare
1593 3707 1701 3759 posse,
1731 3711 1813 3765 neque

475 3784 576 3832 motum
596 3778 682 3831 ullum
703 3786 864 3848 perpetuum
887 3772 1008 3844 (excipio
1029 3768 1188 3846 magnetica
1207 3771 1361 3841 hujusmodi
1385 3771 1575 3831 instmnsenta,
1595 3777 1629 3823 ut
1652 3781 1685 3827 et
1704 3775 1771 3837 alia,
1789 3774 1813 3827 in

474 3858 571 3928 quibus
592 3859 644 3911 duo
659 3858 801 3928 principia,
822 3874 905 3912 unum
924 3855 1072 3927 gravitatis
1092 3862 1122 3908 et
1136 3852 1256 3907 levitatis
1278 3853 1395 3905 alterum
1416 3852 1624 3922 conjunguntur.
1650 3860 1685 3908 ut
1698 3856 1722 3910 si
1743 3855 1812 3926 pilae

453 3930 599 3992 ¹aheneue
619 3954 704 3992 carae
725 3956 776 4007 per
796 3955 826 3992 se
846 3954 956 4009 graves,
978 3954 1016 3989 ex
1038 3935 1129 3989 altera
1147 3939 1229 4003 parte
1249 3932 1277 3986 in
1297 3948 1396 4004 equam
1418 3932 1569 4003 ingressae.
1596 3931 1670 3988 fiunt
1691 3936 1769 3990 leves
1788 3942 1813 3987 et

473 4019 639 4072 attollantur
659 4012 731 4086 ce),
753 4036 841 4089 neque
861 4018 945 4072 etiam
967 4019 1163 4087 quadraturam
1188 4012 1293 4077 circuli,
1315 4015 1384 4066 dues
1409 4029 1502 4081 nempe
1521 4027 1618 4065 cruces
1642 4014 1812 4088 ingeniorum

474 4097 527 4150 hoc
549 4114 626 4162 aevo,
647 4098 761 4168 reperiri
783 4115 801 4153 a
821 4114 955 4171 quoquam
976 4114 1066 4167 posse,
1086 4113 1137 4149 neo
1157 4110 1176 4148 a
1195 4100 1296 4148 natura
1315 4092 1383 4147 dsri.

559 4177 613 4232 Sed
633 4197 696 4232 eece
717 4178 826 4235 nimium
846 4186 992 4250 provectus
1014 4194 1072 4236 sum
1092 4182 1122 4230 et
1141 4176 1205 4244 plus
1226 4174 1297 4229 forte
1317 4171 1430 4246 garrivi,
1450 4186 1527 4241 quem
1548 4170 1601 4225 tibi
1623 4190 1677 4244 per
1698 4193 1811 4248 occupa·

472 4254 560 4311 tiones
582 4265 645 4312 tuas
668 4260 764 4329 legere
785 4260 905 4329 expedit.
948 4260 1042 4327 Itnque
1063 4255 1157 4310 deaino
1178 4261 1207 4308 et
1227 4272 1268 4309 me
1290 4255 1383 4327 Magn.
1404 4253 1474 4307 tuae
1499 4252 1619 4307 deminae
1647 4260 1811 4314 commende.

561 4340 639 4396 Vale.
681 4338 771 4394 Grutii
792 4341 848 4396 vlt.
870 4341 928 4395 cel.
947 4342 1015 4410 Apr.
1039 4331 1122 4394 1598.

956 4418 1070 4492 Magnis.
1092 4422 1122 4471 et
1141 4413 1231 4470 NobiL
1252 4415 1328 4469 Tuae

1042 4495 1233 4555 Deditissimus

1389 4573 1425 4627 M
1445 4571 1556 4626 Josam
1574 4574 1695 4648 Κυρὶς.

1344 4652 1449 4724 styriae
1469 4651 1619 4710 Procerum
1639 4657 1737 4713 Μαι.

556 4784 697 4836 Hervartns
721 4789 746 4837 tn
774 4790 930 4852 responsione
957 4802 1003 4839 sna
1029 4786 1064 4849 (d.
1086 4786 1126 4838 15.
1146 4787 1202 4838 Oet.
1227 4784 1300 4836 1598.
1331 4786 1410 4847 θαιρ.
1429 4782 1485 4833 Voi
1503 4784 1526 4839 1,
1543 4799 1567 4848 ρ.
1590 4782 1639 4845 87)
1670 4798 1811 4856 ηιμ.

467 4876 517 4911 ιιι
534 4863 599 4914 ultre
616 4869 706 4932 tangit,
725 4870 834 4932 quamvis
857 4875 944 4932 postea
963 4866 1017 4929 (111.
1037 4870 1097 4933 Maj.
1117 4865 1173 4926 99.)
1197 4868 1235 4917 his
1258 4869 1343 4932 paucis
1360 4866 1389 4915 ad
1407 4864 1476 4912 illum
1492 4865 1575 4914 redit:
1595 4859 1641 4913 De
1658 4878 1718 4917 aen
1736 4864 1810 4919 nni-

470 4935 538 4990 tima
565 4949 695 5010 magnete
724 4942 797 4995 illita
826 4943 947 4996 soribunt
976 4961 1086 5006 omnes,
1117 4950 1200 4996 extra
1229 4942 1401 4997 meridianum
1427 4954 1478 5007 per
1506 4936 1629 4994 insulam
1650 4944 1689 4997 de
1712 4946 1810 5000 Cnerro

468 5012 600 5082 (Azorum
626 5018 719 5086 unum)
747 5022 847 5092 ubique
872 5040 932 5076 eom
959 5024 1101 5087 inclinare,
1131 5030 1243 5091 praeter
1269 5022 1370 5075 unicum
1391 5017 1509 5072 Pilotam
1529 5020 1622 5075 Pedro
1645 5025 1684 5077 de
1706 5026 1811 5081 Hed‘na

470 5096 540 5159 „Del
560 5101 629 5152 Arte
649 5102 789 5173 Narigar“
813 5101 860 5157 doc.
881 5103 928 5157 lib.
949 5105 994 5159 vl.
1033 5105 1139 5157 Deinde
1165 5104 1190 5157 d.
1215 5098 1259 5157 11.
1281 5103 1344 5155 Dec.
1367 5094 1456 5162 1599,
1477 5100 1597 5171 Kepleri
1624 5103 1705 5158 forte
1730 5105 1810 5177 inqui·

469 5174 582 5232 sitiones
601 5188 730 5250 spectans
751 5182 792 5238 illi
817 5183 968 5238 transmisit
994 5184 1056 5248 „ein
1080 5182 1246 5238 Iuste-action
1266 5184 1299 5236 de
1320 5179 1468 5250 Magnete,
1496 5197 1527 5235 so
1547 5188 1611 5236 erat
1630 5184 1730 5242 diesen
1748 5187 1811 5244 seu
