4584 6192
831 591 849 606 ι·
888 569 1244 624 armassemus.
1678 569 1744 636 rra

477 832 592 906 Ain’tu‚
616 833 696 896 Mari
720 836 907 911 doctissime,
932 838 1010 899 male
1034 838 1090 899 tibi
1114 837 1245 898 cessisse
1269 837 1373 897 literas
1398 835 1435 895 ad
1461 835 1604 908 amicum,
1636 802 1742 915 qbibus

367 922 574 1001 *significasti
599 931 630 984 te
650 924 800 985 iuvenisse
822 926 962 1004 periodos
985 927 1195 988 circulatorum
1209 924 1392 987 Jovialium?
1415 924 1457 983 Et
1480 924 1559 1003 apud
1582 926 1648 984 enm
1672 924 1742 1003 qui-

387 1012 464 1078 dem,
489 1012 538 1089 qni
562 1018 673 1072 motuni
699 1014 809 1074 Terrae
834 1015 992 1075 defendit?
1022 1015 1159 1076 nimirum
1183 1015 1260 1094 apud
1284 1012 1471 1093 Keplerum?
1517 1010 1544 1071 Ο
1569 1031 1631 1073 rem
1662 1011 1742 1091 abji-

386 1099 542 1160 ciendam!
581 1100 687 1163 Tibine
711 1121 766 1181 ego
791 1104 865 1164 vitio
888 1114 1005 1165 vertam
1029 1104 1253 1183 indagationem
1277 1102 1594 1182 periodorum-harum
1618 1102 1741 1182 ejusque

385 1189 620 1267 professionem,
661 1190 710 1269 qui
748 1201 778 1252 te
810 1193 928 1253 unicum
961 1211 998 1252 ex
1022 1190 1187 1254 Germania
1220 1201 1326 1253 nostra
1355 1200 1465 1251 testem
1498 1191 1624 1268 produxi
1654 1189 1741 1269 hujus

385 1277 527 1339 veritatis
552 1278 772 1340 deJovialibus
796 1281 1050 1343 circulatoribus?
1073 1283 1118 1342 At
1140 1301 1201 1355 cur,
1227 1281 1334 1360 inquis,
1359 1298 1407 1339 me
1430 1279 1581 1340 vellicasti
1604 1280 1633 1341 in
1658 1298 1741 1340 mar·

385 1366 479 1445 gine?
516 1367 664 1429 Nimirum
689 1369 804 1444 fateris,
830 1379 945 1430 textum
970 1370 1066 1449 ipsum
1091 1372 1129 1432 ad
1153 1380 1235 1432 tuum
1259 1369 1408 1448 pertinere
1433 1368 1585 1428 honorem.
1623 1368 1741 1431 Nomen

388 1462 422 1515 et
452 1456 616 1516 encomium
650 1458 763 1518 incuria
793 1459 974 1540 typographi
1004 1459 1146 1520 omissum
1179 1477 1289 1537 repone
1323 1476 1360 1518 ex
1391 1455 1531 1534 catalogo
1564 1466 1740 1519 erratorum.

387 1541 508 1622 (Comp.
533 1563 563 1623 p.
588 1541 680 1618 469).
728 1547 915 1626 hfargiuibos
948 1565 1019 1607 vero
1053 1550 1172 1609 omniuo
1204 1548 1401 1608 monstranda
1433 1545 1490 1605 fnit
1521 1544 1650 1624 genuina
1672 1564 1741 1606 mea

384 1634 538 1693 sententia
561 1634 597 1694 de
617 1644 698 1695 motu
718 1635 840 1710 Terrae,
866 1656 953 1716 quem
972 1637 1069 1697 obiter
1093 1636 1289 1717 impugnabat
1312 1645 1382 1695 tuus
1404 1643 1515 1707 textus,
1541 1652 1578 1693 ne
1601 1633 1740 1711 opinione

385 1722 634 1797 cedereviderer,
659 1743 747 1802 quam
771 1726 870 1786 animo
895 1726 1022 1786 retineo.
1069 1726 1113 1786 At
1137 1725 1340 1797 offensionem,
1365 1723 1476 1801 inquis,
1502 1721 1618 1800 peperit
1640 1722 1739 1782 nomi-

384 1810 430 1870 nis
454 1810 632 1888 Kepleriani
656 1813 778 1887 mentio,
804 1816 974 1875 sententiae
1000 1815 1064 1894 ejus
1088 1814 1313 1876 contradictio?
1360 1811 1482 1873 Minime
1506 1811 1658 1889 gentium!
1705 1810 1739 1871 Si

384 1899 583 1971 offendisses,
617 1903 787 1981 potuissem
820 1911 903 1963 tuum
935 1911 1052 1964 textum
1084 1904 1217 1964 mittere.
1263 1903 1306 1963 Et
1329 1901 1398 1979 quid
1422 1901 1502 1960 aliud
1532 1907 1580 1959 est
1611 1899 1737 1977 primum

384 1988 568 2066 marginale,
603 2008 692 2068 quam
716 1992 908 2070 exprobratio
932 1991 1138 2071 ineptissimae
1161 1993 1251 2070 hujus
1274 1990 1431 2051 civilitatis
1455 1990 1499 2056 (in
1523 1987 1738 2067 philosophicis

383 2076 502 2154 quidem
516 2077 795 2156 disputationibus),
821 2081 890 2141 dum
913 2089 1002 2159 putas
1025 2081 1207 2159 parcendum
1231 2099 1299 2141 esse
1319 2078 1488 2139 nominibus
1511 2078 1541 2136 in
1556 2077 1737 2137 refutatione

383 2165 568 2243 dogmatum.
622 2167 741 2229 Vellem
775 2168 829 2230 tibi
862 2169 940 2230 Mari
977 2171 1159 2249 persuadere
1192 2188 1300 2249 posse,
1333 2175 1367 2226 ut
1399 2166 1517 2244 quoties
1549 2165 1603 2225 tibi
1633 2166 1738 2227 videor

383 2273 482 2316 errare
507 2254 732 2330 ratiocinando,
767 2258 859 2318 toties
887 2265 920 2318 et
948 2277 1078 2320 errorem
1102 2268 1133 2320 et
1157 2266 1309 2319 auctorem
1333 2256 1453 2334 publice
1476 2255 1619 2332 proderes
1643 2253 1736 2315 vicis-

381 2342 495 2423 simque
520 2344 642 2405 easdem
671 2346 754 2424 leges
777 2347 936 2425 patereris.
983 2348 1060 2407 Nam
1085 2367 1161 2428 quae
1185 2348 1261 2408 haec
1286 2347 1333 2407 lex
1365 2345 1395 2404 in
1427 2342 1636 2422 philosophia,
1668 2359 1736 2404 curn

380 2431 492 2493 umbris
515 2434 610 2494 veluti
632 2434 757 2508 luctari,
784 2438 927 2515 dogmata
950 2436 1134 2515 impugnare,
1159 2455 1235 2516 quae
1266 2434 1363 2495 nullos
1390 2433 1525 2493 habeant
1547 2432 1732 2505 defensores,

381 2521 459 2598 quod
492 2522 630 2601 equidem
655 2533 701 2584 est
735 2544 836 2586 secum
860 2525 924 2603 ipso
948 2524 1062 2587 chartis
1090 2534 1144 2586 aut
1173 2541 1245 2586 area
1274 2524 1385 2586 ludere.
1432 2521 1479 2582 De
1503 2520 1669 2582 acerbitate
1702 2531 1735 2581 et

380 2610 507 2688 probris,
532 2630 607 2689 quae
623 2611 794 2674 criminibus
819 2633 974 2685 meremur,
998 2634 1056 2675 non
1081 2614 1231 2675 erroribus
1249 2610 1520 2682 ratiocinationum,
1547 2609 1601 2671 tihi
1617 2609 1735 2670 omnino

380 2699 531 2760 assentior
562 2720 619 2760 non
654 2721 720 2762 esse
760 2703 957 2764 deformauda
986 2704 1105 2764 nomina
1130 2702 1367 2764 adversariorum
1400 2698 1479 2760 inter
1507 2699 1734 2778 disputandum:

380 2797 471 2867 atque
505 2788 551 2848 hic
575 2788 719 2850 Rbslinns
752 2810 809 2851 non
842 2793 931 2871 plane
965 2791 1022 2852 sibi
1055 2800 1206 2872 temperat
1237 2789 1429 2867 vicissimque
1460 2806 1558 2848 meam
1590 2786 1737 2848 excitavit

379 2877 488 2937 falsam
513 2877 716 2940 dicacitatem.
763 2881 808 2942 At
831 2880 902 2959 qnid
925 2880 1014 2959 hujus
1038 2889 1086 2941 est
1108 2883 1137 2941 in
1161 2880 1236 2941 meis
1258 2876 1498 2956 marginalibus?
1534 2876 1656 2939 Nullum
1680 2875 1734 2937 tibi

379 2965 520 3044 probrum
532 2966 605 3035 dixi,
629 2968 741 3029 nullum
763 2968 934 3031 convitium.
982 2969 1017 3029 In
1041 2970 1136 3049 primo
1161 2967 1319 3048 marginali
1341 2965 1371 3040 l)
1394 2974 1443 3027 est
1465 2964 1569 3038 ironia,
1595 2984 1654 3045 qua
1677 2982 1734 3025 ex·

377 3055 478 3132 plodo,
502 3065 536 3116 ut
554 3057 698 3134 praediri,
722 3067 804 3119 tuam
827 3062 1002 3136 θιραπιιαν,
1027 3068 1110 3119 tuam
1133 3057 1344 3119 verecundiam
1369 3056 1398 3116 in
1422 3054 1582 3133 allegando
1606 3053 1733 3133 Kepleri

377 3143 495 3204 nomine
520 3144 639 3207 interim
663 3146 732 3208 dum
757 3147 865 3225 dogma
889 3147 1013 3226 Kepleri
1036 3148 1164 3209 refotas.
1210 3144 1307 3216 Quasi
1330 3146 1387 3206 hac
1410 3143 1468 3204 mei
1493 3142 1622 3203 nominis
1645 3161 1732 3202 men-

377 3232 458 3293 tione
475 3232 667 3295 decessnmm
682 3235 725 3297 ita
740 3236 851 3315 aliquid
868 3236 958 3296 fuerit
972 3237 1075 3298 honori
1094 3254 1174 3298 meo.
1219 3237 1255 3298 In
1271 3234 1415 3296 secunde·
1428 3234 1457 3305 ⁶)
1475 3231 1564 3305 dico,
1590 3250 1636 3292 me
1655 3231 1733 3292 bene

378 3340 502 3400 sperare
517 3322 553 3383 de
570 3323 707 3385 victoria.
755 3325 797 3385 Et
819 3326 976 3404 quodnam,
994 3325 1042 3386 hic
1061 3343 1161 3386 meum
1185 3325 1310 3387 edelar?
1347 3321 1461 3384 Omnes
1486 3335 1553 3382 cum
1578 3321 1734 3399 disputare

377 3410 552 3488 incipimus,
591 3412 747 3473 victoriam
784 3414 1001 3491 praesumimus
1025 3416 1158 3477 aniano.¹
1200 3413 1272 3474 Dixi
1302 3423 1343 3473 ter
1366 3410 1537 3490 imperitum
1573 3409 1734 3471 hominem

376 3498 680 3578 Nullumprobmm:
714 3511 746 3562 tu
771 3503 849 3562 enim
873 3502 1097 3575 in'Franconia
1127 3501 1438 3566 sedens'inecessario‘
1462 3499 1606 3560 minorem
1640 3499 1734 3559 habre

379 3606 482 3647 eorum
505 3590 654 3664 notitiam,
681 3591 729 3669 qui
753 3592 884 3670 Pragam
909 3591 964 3652 sub
987 3591 1149 3672 liudolpho
1172 3611 1209 3653 ex
1230 3588 1474 3651 omnihus'orbis
1497 3586 1635 3667 partibas
1657 3605 1733 3648 cone

377 3678 536 3750 fluxerunt,
563 3697 651 3757 quam
667 3698 734 3757 ego.
772 3680 878 3740 Tertia
893 3680 980 3741 litera
1002 3679 1031 3753 d)
1060 3682 1154 3742 babet
1169 3680 1267 3741 thesin
1292 3697 1389 3739 meam
1410 3687 1482 3737 tuae
1507 3676 1584 3736 thesi
1609 3684 1733 3736 contra·

377 3766 463 3825 riam.
520 3766 661 3827 Profecto
692 3769 747 3829 hoc
777 3769 867 3829 licere
900 3778 990 3847 puto,
1030 3770 1129 3831 thesin
1168 3787 1252 3829 suam
1285 3766 1451 3845 perspicuis
1483 3764 1583 3824 verbis
1616 3765 1731 3826 efferre.

376 3854 499 3928 Dixisti,
513 3864 555 3915 te
571 3860 749 3935 argumenta
770 3858 879 3937 quietis
903 3858 1014 3918 Terrae
1039 3878 1076 3919 ex
1100 3859 1195 3920 sacris
1218 3857 1393 3937 petiturum.
1441 3852 1556 3915 Contra
1570 3869 1634 3930 ego
1658 3852 1731 3923 dixi,

377 3942 434 4003 hoc
458 3963 527 4004 esse
552 3944 634 4005 abuti
659 3947 809 4025 scriptura
832 3946 871 4006 ad
896 3947 1089 4025 quaestiones
1113 3948 1288 4018 naturales,
1321 3963 1387 4005 cum
1418 3942 1450 4005 in
1475 3940 1528 4003 illa
1551 3940 1610 4001 sint
1636 3959 1731 4020 quae-

374 4031 492 4092 stiones
516 4032 705 4112 theologicae
738 4036 778 4096 ad
810 4036 922 4096 cultum
949 4035 1008 4097 Dei
1030 4044 1073 4098 et
1090 4039 1093 4090 Ῐ
1105 4055 1206 4098 curam
1240 4035 1358 4096 animae
1391 4031 1589 4112 pertinentes.
1634 4028 1733 4092 Abnti

373 4138 447 4181 vero
471 4122 620 4199 scriptura
644 4132 692 4183 est
716 4123 940 4202 impertinentia
962 4125 1097 4203 aggredi,
1123 4125 1205 4186 etis
1228 4142 1287 4184 non
1311 4131 1359 4183 est
1381 4122 1411 4181 in
1435 4118 1590 4198 theologia
1604 4119 1732 4181 audien-

374 4208 450 4283 dus,
485 4228 544 4270 non
578 4209 606 4271 in
640 4212 840 4291 philosophia.
887 4214 952 4272 Hoc
986 4212 1056 4273 mihi
1085 4232 1139 4293 per
1172 4214 1297 4292 figuram
1330 4219 1421 4272 sonat
1448 4209 1540 4271 illud:
1579 4206 1732 4270 Obsistite

371 4297 526 4376 theologi!
582 4300 653 4361 Noli
688 4301 807 4380 litigare
849 4320 916 4361 cnm
956 4301 1100 4383 syllabis:
1142 4302 1237 4381 proba
1269 4299 1388 4380 potius,
1427 4297 1517 4360 licere
1555 4306 1732 4377 argumenta

372 4387 555 4448 naturalium
581 4389 753 4467 dogmatum
777 4410 815 4450 ex
838 4389 935 4450 sacris
958 4399 1071 4469 petere,
1096 4399 1187 4471 potes
1210 4390 1289 4451 enim
1313 4397 1345 4451 et
1367 4388 1462 4450 habes
1485 4386 1619 4448 infinitos
1642 4386 1731 4466 hujus

372 4475 506 4537 instituti
532 4477 715 4539 laudatores.
761 4480 797 4540 Id
822 4480 847 4539 si
877 4480 1001 4556 feceris,
1025 4480 1193 4559 marginale
1216 4498 1314 4540 meum
1339 4476 1502 4539 ulcisceris.
1547 4475 1649 4555 Atque
1674 4492 1731 4553 ego

371 4571 443 4625 tunc
468 4564 693 4627 distinctionem
718 4568 868 4628 adhibebo
893 4569 988 4629 hanc:
1025 4568 1132 4629 testari
1165 4568 1345 4647 scripturam
1369 4567 1405 4627 de
1429 4565 1519 4625 rebus
1542 4562 1729 4624 naturalibus

371 4652 401 4713 in
426 4672 535 4715 sensus
559 4655 795 4731 incurrentibus,
830 4657 866 4717 de
897 4676 1039 4719 sensuum
1063 4676 1134 4719 vero
1159 4656 1385 4735 deceptionibus
1418 4651 1527 4715 testari
1549 4671 1609 4714 nen
1632 4652 1744 4713 solere-

370 4742 453 4802 circa
476 4742 551 4803 haec
575 4744 737 4820 naturalia,
762 4765 817 4806 nec
840 4745 959 4807 institui
984 4746 1017 4806 in
1038 4766 1075 4807 ea
1098 4747 1234 4808 scholam
1257 4745 1402 4825 opticam,
1426 4741 1602 4824 physicam,
1625 4749 1729 4803 astro·

370 4831 537 4906 nomicam,
564 4851 619 4893 uec
642 4833 824 4915 inopinabile
848 4834 1019 4914 quippiam,
1052 4843 1085 4896 ut
1107 4836 1209 4897 solent
1231 4834 1288 4895 hae
1312 4832 1457 4896 scientiae
1481 4829 1519 4892 de
1541 4830 1731 4892 naturalibus

368 4921 587 4998 pronunciare3
632 4922 686 4984 sed
723 4922 902 4985 naturalium
940 4922 1090 4985 mentione
1127 4922 1266 5003 populari
1305 4924 1350 4984 nti
1388 4921 1428 4983 ad
1465 4920 1553 4981 finem
1590 4919 1732 4981 altiorem

369 5008 527 5089 magisque
549 5010 702 5089 proprium
724 5011 797 5087 sihi,
824 5011 984 5092 potiusque
1007 5013 1190 5092 exprobrare
1219 5011 1418 5091 ignorantiam
1441 5024 1731 5093 causarumquem

368 5115 480 5161 camus
495 5099 613 5176 dooere,
628 5107 719 5180 atque
734 5100 790 5163 hoc
805 5100 901 5182 ipsum
915 5101 954 5162 ad
970 5100 1048 5163 huuc
1060 5101 1162 5177 linem
1176 5107 1212 5163 nt
1223 5100 1321 5163 Deum
1335 5103 1504 5164 creatorem
1517 5097 1730 5179 suspiciamus.
