4584 6192
554 629 620 699 290
1046 630 1220 679 &maculas
1238 628 1300 680 Para
1319 626 1416 692 opusc

554 808 665 865 nimiam
686 803 906 859 attenuationem
929 805 974 858 vel
995 822 1049 858 non
1069 806 1114 857 vel
1135 808 1290 878 aegerrime
1312 805 1407 860 sentiri
1428 806 1543 875 possit.“
1591 805 1676 866 Haec
1700 806 1760 868 ille.
1818 809 1914 870 Desi-

555 906 631 961 nant
653 895 744 972 igitur
768 893 846 953 alias
874 911 982 954 causas
1016 911 1174 971 quaerere,
1209 913 1275 953 cum
1307 894 1466 971 genuinam
1499 903 1634 955 cernant.
1694 893 1812 964 Quodsi
1846 899 1913 976 qnis

555 987 676 1048 credere
701 1000 759 1042 non
781 990 892 1059 potest
920 991 1036 1043 tantam
1061 1001 1128 1041 esse
1152 983 1211 1042 vim
1236 982 1364 1052 luminis,
1388 982 1465 1061 qued
1482 984 1592 1044 Terrae
1612 1002 1631 1042 a
1650 982 1721 1043 Sole
1745 986 1914 1046 communi-

557 1084 653 1145 catur,
678 1072 704 1132 is
729 1071 757 1131 in
781 1070 1052 1132 considerationem
1076 1070 1180 1131 trahat
1203 1071 1440 1150 experimentum
1465 1091 1575 1145 meum,
1601 1072 1679 1150 quod
1703 1072 1757 1134 Nr.
1783 1072 1814 1138 9.
1841 1094 1915 1153 pro-

552 1163 657 1245 posui:
688 1160 740 1222 nbi
763 1160 799 1220 de
824 1169 885 1220 tam
919 1159 1027 1237 exigua
1056 1158 1193 1237 portione
1217 1160 1348 1231 Terrae,
1382 1178 1457 1238 qnae
1482 1161 1533 1221 vix
1560 1157 1599 1221 10
1628 1169 1681 1221 ant
1707 1160 1746 1223 12
1771 1164 1914 1225 milliaria

551 1252 686 1315 habebat
708 1249 738 1309 in
762 1247 918 1319 diametro,
944 1256 975 1309 et
999 1247 1084 1308 lineis
1109 1249 1227 1326 quidem
1251 1266 1439 1327 nequaqnam
1462 1249 1759 1327 perpendicularibns
1782 1254 1839 1313 sed
1863 1255 1913 1315 rel

552 1340 670 1418 oblique
694 1337 742 1398 vel
766 1337 854 1415 plane
878 1336 1082 1416 obliquissirne
1107 1338 1145 1396 ab
1170 1338 1313 1397 extremis
1337 1338 1473 1414 partibus
1504 1338 1719 1411 incidentibus,
1751 1348 1840 1402 tanta
1865 1344 1913 1403 vis

550 1428 671 1494 luminis
694 1443 812 1487 sursum
835 1424 864 1485 in
888 1434 1021 1486 montem
1045 1424 1165 1487 vibrata
1189 1427 1254 1487 fuit.
1301 1426 1344 1485 Et
1367 1426 1436 1505 quid
1461 1444 1518 1486 nou
1547 1427 1645 1505 possit
1668 1428 1746 1499 fieri,
1774 1431 1870 1491 radiis
1893 1453 1913 1491 a

549 1527 616 1580 tota
638 1525 738 1577 terrae
761 1513 911 1592 marisque
936 1513 1013 1574 facie
1037 1514 1195 1575 confertim
1224 1523 1258 1574 et
1284 1514 1572 1592 perpendiculariter
1599 1517 1800 1579 exeuntibus?
1831 1517 1911 1589 Quin

549 1606 607 1668 boc
630 1602 761 1683 qnotidie
786 1601 913 1663 maxime
938 1602 1063 1663 aestivis
1088 1603 1194 1663 diebus
1217 1603 1246 1664 in
1271 1603 1374 1663 oculos
1398 1604 1536 1675 incurrit,
1562 1613 1676 1683 quanta
1700 1606 1758 1667 diei
1783 1607 1910 1668 claritas

550 1695 679 1765 existat,
704 1690 775 1753 Sole
801 1692 911 1751 Terras
939 1692 1061 1752 rectiori
1089 1692 1197 1767 angulo
1227 1692 1362 1753 feriente.
1408 1692 1487 1755 Nam
1511 1692 1605 1754 Terra
1633 1694 1795 1756 revibratis
1826 1697 1910 1757 orbi-

550 1782 691 1847 culariter
715 1779 796 1842 Solis
820 1779 912 1840 radiis
937 1780 1066 1858 undique
1090 1781 1119 1840 in
1144 1787 1244 1840 acrem
1268 1781 1403 1842 omnibus
1427 1782 1489 1842 suis
1513 1782 1650 1859 partibus
1675 1791 1793 1845 tantum
1818 1786 1911 1847 efficit

550 1871 755 1953 splendorem,
790 1876 822 1928 ut
855 1868 932 1930 oculi
964 1870 1156 1929 conniveant.
1206 1868 1356 1929 Desinant
1388 1870 1478 1948 igitur
1508 1871 1698 1952 peripatetici
1730 1892 1910 1935 succensere

550 1959 731 2028 Plutarcho,
760 1957 837 2036 quod
862 1957 986 2018 Terram
1010 1957 1035 2017 is
1059 1959 1087 2017 in
1112 1958 1227 2019 coelum
1255 1958 1404 2028 intulerit,
1428 1959 1484 2019 hoc
1508 1967 1557 2019 est
1580 1959 1683 2020 Lunae
1711 1979 1819 2041 corpus
1843 1971 1909 2025 ter-

552 2059 649 2113 restre
674 2065 743 2108 esse
767 2046 889 2106 tradat:
919 2064 985 2107 cum
1008 2046 1133 2107 videant
1155 2045 1332 2107 certissimis
1360 2048 1573 2125 experimentis
1597 2057 1751 2125 constare,
1776 2052 1855 2130 quod
1880 2053 1910 2113 in

552 2136 627 2201 lucis
651 2132 848 2209 consortium,
873 2136 992 2213 qualem
1016 2135 1133 2214 quidem
1158 2136 1246 2195 Luna
1269 2136 1400 2210 obtinet,
1429 2135 1502 2197 haec
1531 2146 1636 2198 nostra
1659 2138 1752 2200 Terra
1778 2141 1909 2202 venerit.

553 2226 688 2289 Tandem
711 2242 792 2293 vero,
817 2223 866 2283 ubi
889 2223 1083 2297 Plutarchus,
1109 2224 1157 2284 ubi
1181 2223 1363 2286 Maestlinus
1392 2226 1496 2304 aequis
1520 2226 1548 2285 in
1573 2226 1763 2308 philosophia
1786 2229 1911 2293 auribus

553 2315 663 2377 fuerint
694 2311 832 2391 accepti:
868 2321 929 2371 tum
961 2311 1035 2371 bene
1059 2312 1257 2373 Aristarchus
1287 2332 1354 2374 curn
1379 2311 1546 2393 Cepernico
1570 2335 1623 2376 suo
1658 2317 1804 2397 discipulo
1836 2338 1910 2399 spe-

551 2424 619 2466 rare
642 2401 778 2481 incipiat.

640 2490 797 2553 Cornelius
823 2485 951 2548 Gemma
974 2484 1206 2553 Cosmocritices
1231 2489 1281 2549 lib.
1307 2490 1332 2550 I.
1358 2508 1423 2568 cap.
1448 2487 1478 2552 8.
1514 2491 1627 2569 allegat
1650 2493 1848 2558 Plutarchum
1872 2517 1909 2558 ex

547 2580 649 2645 libello
675 2581 711 2640 de
735 2577 832 2657 gloria
845 2575 1084 2649 Atheniensium,
1112 2576 1139 2636 in
1165 2597 1221 2656 quo
1245 2578 1288 2638 ait
1312 2578 1394 2639 illurn
1419 2578 1549 2640 scribere
1573 2599 1630 2660 quo
1655 2591 1789 2665 tempore
1814 2605 1908 2666 supe-

548 2672 643 2735 riores
667 2666 777 2729 fuerint
802 2663 912 2727 Graeci
936 2666 1014 2744 apud
1033 2666 1250 2744 Famagustam
1275 2665 1475 2739 (Salaminem
1499 2677 1571 2747 puto
1596 2671 1694 2732 dicere
1718 2673 1825 2748 voluit,
1849 2696 1907 2737 non

550 2758 642 2841 Cypri
666 2756 785 2828 urbem,
814 2754 868 2815 sed
891 2754 1018 2815 insulam
1042 2755 1125 2815 sinus
1150 2756 1261 2828 Attici)
1296 2757 1373 2835 quod
1397 2757 1484 2817 Luna
1509 2758 1606 2819 adhuc
1634 2761 1757 2841 gracilis
1782 2762 1908 2842 impleta

548 2847 639 2911 inerit
669 2864 793 2907 accessu
823 2841 940 2904 luminis
973 2844 1138 2923 repentino.
1186 2845 1221 2905 Id
1249 2846 1371 2906 tametsi
1406 2846 1485 2907 dicto
1523 2845 1623 2910 libello
1657 2851 1783 2911 totidem
1806 2853 1908 2915 verbis

549 2955 608 2998 non
646 2936 768 2997 effertur
806 2933 896 3005 (haec
930 2932 1009 2993 enim
1040 2943 1111 2993 sunt
1133 2932 1288 2994 Plutarchi
1318 2934 1425 2995 verba:
1455 2956 1568 2995 sareon
1598 2936 1768 3017 ἐπελαμψει
1791 2935 1809 3018 ἡ
1831 2945 1909 3013 daec

546 3025 751 3099 mercatorne),
775 3030 876 3083 tamen
901 3020 1021 3099 siquid
1045 3022 1122 3083 forte
1147 3024 1210 3082 tale
1235 3021 1363 3083 Gemma
1395 3024 1424 3084 in
1449 3024 1508 3084 alio
1540 3026 1613 3103 legit
1637 3037 1774 3103 auctore,
1810 3029 1841 3090 id
1870 3033 1906 3091 de

546 3115 604 3177 hoc
618 3114 723 3175 Lunae
748 3111 867 3184 lumine,
893 3110 971 3190 quod
996 3111 1299 3185 aTerramutuatur,
1324 3113 1529 3191 accipiendum
1554 3124 1616 3177 est:
1641 3119 1688 3180 cui
1710 3110 1807 3198 major
1822 3120 1908 3198 vigor

547 3204 586 3265 ab
610 3211 736 3263 externa
759 3201 861 3280 aliqua
884 3209 915 3259 et
938 3200 1107 3260 adventitia
1129 3220 1224 3260 causa
1247 3201 1336 3261 fuerit
1359 3200 1547 3262 conciliatus.

635 3292 727 3352 Porro
761 3289 817 3349 hoc
851 3288 986 3367 quamvis
1019 3289 1101 3348 tenui
1133 3290 1242 3350 lumine
1276 3308 1335 3349 non
1370 3289 1507 3367 exiguam
1541 3298 1648 3352 natura
1671 3294 1802 3372 gratiam
1827 3298 1907 3375 apud

546 3390 738 3443 astronomos
762 3376 842 3451 iniit,
877 3378 947 3438 dum
970 3385 1036 3438 toto
1060 3395 1184 3456 corpore
1217 3379 1380 3455 conspicua
1410 3398 1467 3439 non
1492 3389 1593 3440 tamen
1618 3383 1769 3461 extinguit
1793 3387 1908 3447 lumina

546 3469 671 3531 tixamm
695 3487 769 3546 quas
788 3466 922 3544 proxime
947 3466 1088 3544 attingit:
1123 3467 1257 3545 adeoque
1281 3486 1338 3527 non
1363 3469 1455 3528 semel
1480 3468 1562 3528 illam
1586 3471 1745 3534 observavi
1769 3476 1906 3552 proxime

545 3557 688 3619 Pleiadas
708 3564 851 3624 stantem,
876 3563 990 3615 utnon
1015 3555 1135 3632 integra
1158 3555 1303 3616 diametro
1328 3557 1459 3629 abesset,
1485 3558 1745 3621 intermicantibus
1761 3563 1905 3624 distincte

544 3646 683 3709 omnibns
707 3645 835 3706 stellulis
859 3644 1025 3705 Pleiadum.
1075 3645 1116 3705 Ut
1149 3652 1267 3704 taceam
1298 3646 1376 3723 quod
1405 3645 1582 3706 diametrum
1615 3657 1685 3710 tnnc
1719 3653 1905 3714 metiendam

544 3755 632 3816 quam
657 3734 824 3796 rectissime
848 3750 903 3793 nec
927 3750 984 3792 nno
1009 3733 1096 3792 modo
1121 3733 1336 3794 accommodet.
1384 3735 1489 3814 ltaque
1524 3735 1603 3795 infra
1636 3738 1664 3797 in
1698 3739 1905 3817 disputatione

545 3824 583 3886 de
606 3825 711 3886 Lunae
744 3820 891 3882 diametro
924 3840 990 3881 cunr
1016 3840 1053 3881 ex
1080 3822 1135 3882 hoc
1162 3822 1225 3881 loco
1249 3831 1313 3883 tum
1337 3842 1374 3882 ex
1397 3824 1591 3901 praecedenti
1622 3828 1721 3906 capite
1755 3829 1792 3888 de
1818 3833 1904 3892 oculo

545 3914 691 3993 capienda
725 3920 795 3971 sunt
828 3919 1015 3988 argumenta.
1068 3909 1244 3971 Clarissime
1278 3930 1419 3990 namque,
1455 3922 1488 3972 ut
1516 3922 1547 3972 et
1574 3917 1768 3993 praecedenti
1802 3921 1903 3999 capite

543 4000 666 4076 dictum,
692 4018 783 4061 cornu
807 4019 826 4057 a
845 3997 916 4059 Sole
941 3999 1123 4060 illustratum
1146 3998 1291 4077 majorem
1315 4009 1455 4061 censetur
1479 4000 1624 4064 ambitum
1648 4005 1789 4067 inchoare
1814 4028 1904 4088 quam

543 4089 682 4151 circellus
714 4087 765 4148 ille
798 4086 904 4166 reliqui
937 4086 1028 4159 disci,
1063 4088 1145 4166 cujus
1179 4088 1314 4149 aTerra
1342 4089 1393 4150 lux
1423 4097 1471 4149 est
1501 4098 1650 4166 mutuata,
1680 4096 1900 4173 complectitur.

542 4177 649 4255 ltaque
674 4176 827 4236 continere
851 4175 969 4236 videtur
997 4175 1125 4237 circulus
1151 4176 1226 4238 lucis
1251 4195 1288 4237 ex
1313 4173 1384 4237 Sole
1408 4176 1551 4239 circulum
1575 4182 1649 4242 lucis
1674 4202 1712 4244 ex
1734 4183 1840 4258 Terra,
1866 4204 1903 4247 ex

482 4304 483 4308 =
541 4264 640 4325 altera
664 4264 781 4343 quidem
805 4273 903 4343 parte.

629 4353 785 4414 Hactenus
810 4352 902 4429 igitur
916 4351 1003 4412 Luna
1027 4370 1084 4411 uon
1108 4360 1226 4413 tantum
1251 4353 1362 4414 nullam
1377 4353 1473 4414 lucem
1488 4357 1631 4428 ostendit,
1656 4377 1745 4438 quarn
1765 4364 1900 4446 sibiipsi

541 4449 696 4522 acceptam
722 4440 824 4513 ferret,
848 4441 902 4500 scd
926 4440 1018 4500 etiam
1042 4441 1203 4502 densitatis
1227 4451 1258 4501 et
1273 4442 1435 4519 opacitatis
1460 4454 1508 4503 est
1522 4446 1670 4510 convicta.
1704 4448 1901 4532 Suspiciones

538 4548 610 4593 vero
635 4530 671 4592 de
694 4530 760 4591 luce
785 4530 815 4590 in
840 4529 985 4589 totalibus
1014 4528 1076 4590 suis
1107 4530 1246 4610 deliquiis
1275 4529 1353 4589 infra
1376 4530 1505 4605 diluam,
1531 4534 1581 4595 ubi
1607 4536 1643 4596 de
1667 4538 1773 4601 umbra
1797 4563 1899 4624 egero.

538 4616 725 4683 Ostensurus
749 4637 877 4697 namque
902 4637 968 4678 sum
991 4617 1068 4679 hanc
1092 4638 1208 4699 quoque
1231 4616 1420 4697 potissimum
1444 4639 1462 4679 a
1485 4620 1556 4682 Sole
1582 4625 1691 4689 venire.

816 4757 867 4820 ll.
904 4758 956 4820 De
979 4759 1095 4839 prima
1117 4761 1223 4840 phasi
1248 4778 1312 4820 seu
1337 4768 1464 4821 exortu
1488 4761 1621 4827 Lunae.

625 4883 688 4948 Cur
711 4885 751 4945 ad
774 4882 900 4963 primam
919 4884 1037 4947 Lunam
1061 4894 1123 4946 tam
1148 4883 1310 4961 diligenter
1334 4883 1519 4953 attenderint
1542 4901 1659 4971 gentes,
1683 4916 1760 4975 qnae
1784 4900 1900 4965 Lunari

536 4993 613 5036 anno
637 4972 807 5046 utebantur,
832 4972 943 5051 partim
958 4972 1146 5034 Reinholdus
1170 4972 1199 5033 in
1215 4969 1450 5034 Commentariis
1474 4982 1512 5041 ad
1526 4983 1728 5048 Purbachinm
1752 4969 1897 5066 ostendit,

534 5062 697 5124 nemesime
730 5079 801 5122 vero
832 5068 864 5121 et
891 5061 1121 5139 diligentissime
1149 5060 1301 5140 Josephus
1329 5060 1468 5140 Scaliger
1498 5070 1573 5132 libro
1608 5073 1644 5133 de
1676 5074 1899 5143 Emendatione

534 5144 779 5231 Temporum‚⁶')
807 5148 892 5226 cujus
921 5148 1116 5228 multiplicem
1139 5149 1339 5210 eruditionem
1368 5149 1437 5228 jure
1470 5158 1576 5221 mento
1605 5161 1752 5227 mirantur
1781 5184 1897 5246 omnes,
