4584 6192
1016 605 1245 672 ·‚c·c=tm.
1767 604 1851 698 ιιὴ

481 779 573 846 tidem
597 780 729 859 Christi,
761 801 850 865 quam
878 803 954 847 unus
985 785 1096 868 aliquis
1117 784 1316 888 exipsorum
1343 785 1442 847 medio
1465 792 1501 848 ut
1521 785 1750 848 instrumentum
1772 785 1831 849 Dei

481 872 525 936 sit
545 865 768 955 procu'racnus
817 872 900 937 Gens
925 873 1004 936 e'nim
1026 873 1275 936 numerosissima
1295 882 1357 949 est,
1383 892 1458 955 qnae
1482 874 1513 938 iu
1536 893 1651 937 summo
1679 882 1830 938 contemtu

481 971 551 1025 se'se
573 971 674 1046 minen
702 969 865 1044 propagat,
898 983 974 1044 quae
996 982 1052 1046 per
1082 963 1215 1025 infinitas
1245 964 1471 1044 persecutiones
1503 963 1602 1025 locum
1628 973 1729 1026 ιιιιιιιι
1751 964 1830 1026 inter

480 1060 589 1132 gentes
621 1033 737 1116 inuenit
766 1050 938 1124 habitandi,
972 1052 1060 1136 idque
1090 1052 1194 1134 procul
1226 1052 1315 1115 dubio
1339 1072 1377 1114 ex
1400 1051 1599 1134 dispositione
1632 1053 1752 1129 divina,
1780 1053 1830 1157 qui

480 1159 586 1243 regum
617 1143 710 1205 corda
739 1141 844 1244 dirigit
864 1150 898 1204 nt
921 1142 995 1205 vult.
1041 1144 1083 1205 Et
1104 1143 1184 1236 quod
1213 1142 1319 1205 summi
1349 1141 1485 1203 miraculi
1517 1140 1583 1203 loco
1617 1150 1683 1218 est,
1715 1141 1830 1221 postris

479 1230 557 1293 vivit
576 1231 765 1294 laboribus
756 1251 825 1311 ipsa
840 1232 949 1294 otiosa
985 1232 1078 1313 Eripe
1103 1251 1141 1293 ex
1158 1230 1409 1295 Christianorum
1413 1230 1477 1292 vita
1496 1229 1665 1305 avaritiam,
1689 1222 1829 1296 inhuma-
1938 1302 1940 1304 .

478 1319 626 1397 nitatem,
657 1321 826 1401 neglectum
854 1322 1002 1402 proximi,
1033 1322 1163 1397 fastum,
1193 1321 1428 1404 pompositatem
1449 1320 1480 1382 iu
1503 1320 1635 1394 vestitu,
1669 1319 1827 1384 libidines:

478 1410 634 1486 Judaeos,
667 1419 701 1472 ut
729 1430 806 1472 nunc
837 1411 957 1492 quidem
981 1410 1100 1486 vivunt,
1132 1428 1269 1472 ererum
1298 1417 1408 1472 natura
1437 1410 1570 1471 funditus
1600 1407 1828 1490 exstirpaveris.

478 1500 588 1581 Itaque
611 1519 661 1562 res
685 1501 753 1580 ipsa
775 1499 896 1574 clamat,
920 1508 1041 1580 gentem
1064 1500 1144 1562 hanc
1165 1499 1327 1566 etiamnum
1348 1498 1438 1561 hodie
1461 1498 1492 1560 in
1506 1506 1593 1580 parte
1617 1516 1685 1583 esse
1708 1491 1841 1561 divinae*

476 1589 707 1669 providentiae:
732 1593 791 1670 qua'
810 1588 923 1651 factum
937 1597 979 1663 ut,
1004 1609 1071 1656 cum
1094 1609 1197 1651 omnes
1220 1589 1358 1652 nationes
1381 1587 1510 1650 invicem
1536 1572 1679 1649 confusae
1703 1597 1734 1650 et
1755 1607 1828 1668 per-

476 1677 593 1742 mixtae
617 1679 687 1753 sint‚
712 1678 799 1754 adeo,
822 1687 856 1740 ut
869 1678 1076 1760 paucissimae
1093 1678 1226 1740 familiae
1250 1678 1395 1758 originem
1418 1677 1613 1741 ιιιιιιιιιιιιιο
1636 1695 1715 1747 anno
1731 1696 1828 1780 repe-

477 1774 560 1844 tant,
581 1768 639 1830 soli
661 1767 771 1830 Judaei
793 1775 920 1842 restent,
944 1787 1076 1850 quorum
1092 1750 1202 1830 notitia
1224 1768 1334 1829 mundo
1357 1786 1471 1829 coaeva
1494 1768 1544 1829 sit.
1583 1767 1689 1847 ltaque
1712 1766 1740 1827 si
1763 1766 1831 1849 quis

477 1866 528 1920 est
555 1856 769 1937 interpretum,
800 1857 851 1939 qni
882 1857 981 1919 locum
1003 1860 1041 1920 D.
1065 1856 1154 1919 Pauli
1186 1857 1350 1938 allegatum
1378 1856 1467 1918 aliter
1495 1858 1572 1919 forte
1603 1855 1772 1932 intellexit,
1802 1854 1829 1917 ιι

476 1955 581 2009 tamen
603 1956 748 2010 venturae
771 1946 976 2027 experientiae
990 1947 1066 2009 nihil
1081 1947 1259 2035 derogatum
1272 1947 1378 2021 voluit,
1401 1964 1514 2008 memor
1529 1940 1680 2027 geneialis
1695 1945 1828 2025 regulae,

476 2057 555 2120 quae
579 2045 719 2098 eventum
741 2036 951 2099 vaticiniorum
973 2036 1133 2117 genuinum
1162 2037 1270 2098 statuit
1296 2036 1499 2117 interpretem.
1548 2034 1712 2123 Cemparet
1733 2035 1830 2099 lector

474 2126 673 2210 phrasimD.
698 2127 800 2188 Pauli:
828 2135 975 2200 ,Caecitas
996 2155 1032 2190 ex
1046 2143 1128 2206 parte
1150 2137 1268 2209 contigit
1281 2135 1419 2200 inlsrael,
1441 2137 1528 2219 dopec
1540 2134 1684 2205 plenitudo
1703 2125 1828 2208 gentium
1857 2132 1877 2180 '›

475 2230 598 2303 erasae,
620 2232 651 2279 et
670 2226 709 2280 sic
729 2226 815 2280 omnis
836 2226 926 2280 Israel
944 2227 1127 2295 «reticeamus.a
1176 2215 1380 2296 Comparet
1371 2209 1492 2295 inquani
1521 2214 1595 2275 haec
1628 2233 1695 2276 curn
1723 2213 1828 2296 phrasi

477 2304 595 2371 Christi
617 2306 718 2367 Lucae
743 2305 795 2381 21,
819 2326 847 2366 v.
871 2301 922 2368 24
955 2317 1009 2379 ,Et
1023 2316 1180 2371 Jerusalem
1200 2314 1355 2369 calcabitur
1369 2331 1387 2368 a
1400 2314 1540 2386 gentibus,
1561 2317 1648 2368 donec
1661 2314 1835 2406 impleantur·

474 2412 604 2477 tempora
623 2404 851 2461 ιιιιιιιιιιι“-
886 2396 1008 2457 Ducunt
1030 2404 1131 2457 autem
1154 2415 1209 2457 nos
1233 2395 1357 2456 eaedem
1381 2393 1690 2458 verisimilitudines
1682 2413 1713 2455 ιιι
1736 2414 1828 2457 causa

473 2483 695 2560 ludaeorum,
712 2503 788 2565 quae
817 2484 901 2565 prius
934 2484 980 2546 ιιιΙ
997 2503 1089 2550 causa
1121 2481 1323 2547 Turcarum.
1346 2483 1435 2546 Dixit
1464 2483 1537 2544 mihi
1569 2484 1674 2546 doctus
1707 2485 1827 2596 quidam

473 2574 644 2649 Hebraeus,
668 2574 841 2643 exclamans
865 2572 976 2636 altum:
1009 2585 1115 2649 ,Hodie
1136 2602 1185 2638 vos
1206 2584 1300 2639 ιιιιιιιι
1328 2583 1448 2639 millibus
1474 2582 1629 2637 milliarium
1655 2584 1769 2654 propius
1791 2585 1827 2640 ad
1939 2583 1944 2591 ’

473 2690 525 2729 nos
547 2672 702 2728 accessistis
723 2690 805 2745 quam
826 2672 944 2744 majores
969 2674 1083 2729 vestri.“
1122 2664 1271 2726 Nimirum
1290 2671 1324 2725 ut
1342 2670 1390 2724 est
1411 2680 1486 2741 gens
1509 2662 1658 2725 virulemo
1680 2670 1712 2725 et
1726 2662 1826 2726 attinio

474 2760 508 2816 et
531 2752 634 2833 lingua
656 2760 688 2815 et
710 2753 927 2815 calumniarum
950 2754 1097 2827 studiosa,
1114 2752 1298 2818 Christianis
1321 2753 1432 2814 multas
1455 2752 1659 2832 blasphemias
1682 2751 1828 2815 tribuunt:

472 2843 581 2925 Itaque
605 2850 636 2903 et
659 2842 716 2904 hoc
748 2843 883 2904 occultae
905 2843 963 2905 Dei
986 2843 1194 2923 providentiae
1217 2840 1494 2904 transscribendum
1521 2850 1611 2922 puta,
1634 2841 1715 2924 quod
1735 2841 1826 2906 hodie

472 2931 571 2994 tantis
594 2951 661 2992 cum
683 2931 852 2994 fervoribus
874 2932 992 3012 passim
1013 2931 1188 2994 occasiones
1210 2931 1337 2995 Judaeis
1361 2930 1575 2993 calumniarum
1600 2930 1824 3012 praeciduntur.

471 3021 566 3083 Alius
589 3019 710 3101 qnidam
725 3021 860 3083 Judaeus
883 3021 957 3083 mihi
980 3021 1067 3096 dixit,
1092 3022 1122 3082 in
1137 3021 1278 3083 confesso
1302 3039 1370 3084 esse
1394 3022 1474 3102 apud
1497 3019 1590 3101 ipsos,
1613 3020 1652 3082 ab
1671 3020 1759 3083 annis
1782 3019 1826 3085 80

474 3130 509 3172 se
533 3109 722 3172 tolerabilius
745 3110 872 3178 tractari
895 3110 1071 3190 agentibus
1096 3129 1186 3191 quam
1205 3111 1284 3172 olim.
1322 3111 1365 3173 Et
1387 3110 1543 3173 celebrant
1564 3110 1717 3173 decretum
1732 3110 1825 3193 Soly-

472 3200 578 3263 manni
608 3201 788 3270 Turcarurn,
803 3200 1010 3281 imperatoris,
1041 3198 1091 3280 qui
1119 3215 1199 3271 enno
1232 3196 1326 3263 154οζ
1359 3200 1490 3281 jusserit
1526 3199 1690 3273 instaurari
1724 3217 1824 3267 murus

473 3288 735 3371 ierosolymorum
759 3298 790 3351 et
813 3310 907 3371 aquas
930 3308 984 3368 per
1003 3289 1091 3352 tubos
1115 3288 1222 3351 deduci
1245 3289 1276 3350 in
1290 3289 1454 3351 civitatem.
1471 3320 1512 3331 -
1535 3290 1570 3351 In
1589 3308 1698 3369 genere
1722 3308 1824 3352 ornnes

471 3377 637 3440 hodiernae
659 3378 739 3440 inter
760 3378 951 3443 Christianos
974 3378 1104 3441 usitatas
1127 3379 1336 3441 contentiones
1360 3389 1392 3442 et
1413 3379 1612 3442 differentiam
1636 3378 1767 3442 cultuum
1788 3398 1824 3441 eo

471 3466 600 3547 vergere
632 3468 755 3547 opinor,
785 3476 819 3529 ut
841 3487 880 3529 ex
910 3475 1013 3530 mutua
1042 3470 1127 3531 ruina
1156 3470 1197 3532 sit
1228 3468 1346 3532 occasio
1379 3469 1647 3533 convertendarum
1677 3467 1824 3530 dictarum

470 3557 625 3638 gentium,
665 3557 734 3628 hinc
765 3558 922 3634 Indomm,
962 3554 1030 3619 inde
1061 3558 1246 3622 Judaeorom
1284 3566 1315 3621 et
1344 3560 1518 3622 Turcarum.
1578 3558 1729 3630 Quorsum
1763 3577 1824 3620 non

468 3646 660 3709 incommode
683 3647 808 3723 referas,
832 3666 907 3728 quae
931 3647 969 3709 de
991 3647 1133 3710 Indorum
1156 3648 1330 3710 idololatria
1357 3650 1479 3730 ejusque
1499 3647 1648 3709 ¹remediis
1670 3646 1822 3729 Josephus

469 3757 492 3798 a
517 3735 612 3799 Costa
635 3735 686 3797 lib.
712 3735 751 3798 V.
776 3737 813 3798 de
836 3733 1025 3817 procuranda
1046 3737 1189 3801 Indorum
1212 3737 1310 3799 salute
1325 3733 1364 3799 ἰιι
1386 3738 1465 3800 huuc
1488 3737 1607 3799 modum
1629 3735 1820 3818 perscripsit:

471 3824 549 3905 Cap.
574 3825 628 3887 IX.
671 3836 770 3890 Nescio
795 3833 934 3907 equidem,
961 3835 1060 3907 quibus
1085 3835 1177 3892 verbis
1203 3835 1369 3909 significem:
1396 3854 1451 3891 non
1471 3842 1530 3891 tam
1552 3836 1671 3892 imbutos
1693 3835 1823 3910 quamdn

469 3916 659 3970 idololatriam
678 3918 789 3986 penitus
810 3918 1022 3972 transformatos
1036 3917 1151 3972 istorum
1164 3917 1277 3983 animos,
1299 3925 1433 3989 utusque
1447 3916 1476 3971 ιιι
1490 3916 1546 3970 οιιο
1563 3929 1652 3988 neque
1666 3918 1694 3971 in
1708 3917 1822 3990 ιιιςιιιο

468 4013 561 4088 neque
582 3997 792 4067 inpublicare
816 4015 906 4071 neque
927 3998 956 4052 in
979 3998 1093 4066 privata
1121 3998 1265 4072 quicquam
1294 4004 1449 4069 peragant,
1476 3997 1530 4052 nisi
1549 3997 1683 4052 idolorum
1705 4015 1822 4054 suumn

468 4076 549 4148 prius
570 4077 767 4169 superstitione
788 4078 923 4133 adhibita.
953 4078 1016 4132 Non
1036 4067 1167 4133 laetari
1159 4098 1188 4133 :n
1201 4079 1313 4150 nuptiis,
1335 4096 1390 4133 non
1403 4078 1502 4160 lugere
1522 4079 1613 4142 funus,
1635 4096 1688 4133 non
1709 4079 1821 4162 epulum

466 4158 607 4229 praebere
628 4165 678 4212 aut
706 4159 844 4228 accipere,
875 4176 930 4212 non
956 4158 1072 4229 denique
1098 4166 1149 4213 aut
1173 4162 1271 4229 pedem
1300 4160 1397 4214 efferre
1426 4154 1505 4213 domo
1530 4153 1581 4213 aut
1606 4158 1683 4230 operi
1711 4176 1821 4216 manum

469 4240 617 4294 admomre
638 4238 696 4292 sine
711 4238 859 4331 sacrilegio
879 4237 987 4311 gentili.
1020 4240 1109 4310 Usque
1123 4241 1193 4294 adeo
1207 4239 1333 4321 diabolus
1354 4255 1501 4311 oppressos
1522 4246 1601 4294 tenet
1614 4255 1709 4295 eorum
1722 4257 1831 4296 sensus

461 4317 606 4396 ,ιιιιιιιιιι
635 4318 794 4373 miserrima.
838 4319 947 4382 Quanto
972 4336 1037 4373 vero
1068 4319 1183 4374 artifieio
1205 4309 1262 4376 ista
1287 4320 1378 4376 omnia
1406 4321 1498 4374 celent
1524 4326 1609 4391 atqua
1637 4320 1818 4387 dissimulent,

468 4413 532 4453 cum
551 4398 662 4469 publice
683 4415 769 4472 agere
790 4400 865 4454 hand
885 4400 1002 4454 liberum
1022 4399 1074 4454 sibi
1098 4417 1161 4454 esse
1188 4384 1373 4473 perspiciunt,
1399 4409 1505 4473 quauta
1523 4415 1618 4474 mrsus
1639 4399 1818 4472 impudenda,

467 4504 532 4542 cum
552 4487 635 4542 licere
657 4489 709 4543 sibi
729 4496 843 4559 putant,
871 4490 1027 4555 insaniant,
1053 4491 1145 4545 ιιιιιιιι
1170 4490 1263 4561 potius
1286 4507 1399 4563 possum
1420 4503 1502 4582 quam
1521 4490 1591 4545 satis
1612 4490 1712 4547 dicere.
1774 4480 1820 4544 ut

467 4566 630 4630 recensitis
653 4586 729 4648 pene
752 4568 876 4632 infinitis
906 4571 1064 4651 speciebus
1094 4570 1289 4633 idololatriae
1317 4571 1395 4632 inter
1418 4568 1502 4672 ipsos
1533 4569 1683 4654 usitatqe,
1714 4570 1815 4634 addit:
1835 4601 1843 4607 -

468 4651 538 4730 quot
567 4665 661 4712 autem
689 4659 873 4725 victimarum,
904 4668 971 4732 quot
997 4661 1171 4726 libaminum,
1178 4668 1306 4739 quanto
1336 4660 1550 4715 ceremoniarum
1579 4641 1674 4715 ordihe
1701 4661 1818 4717 istorum

468 4737 588 4802 omnium
608 4740 711 4793 cultum
731 4750 964 4811 persequerentur
983 4743 1114 4814 Ingarum
1133 4731 1277 4812 proceres,
1305 4741 1439 4796 inlinitum
1453 4748 1504 4818 ιιι
1524 4740 1614 4795 dicere
1634 4739 1695 4796 ιιι..
1724 4745 1767 4797 Ac
1785 4758 1816 4798 re

466 4819 532 4889 ipsa
552 4828 681 4891 certoque
702 4837 754 4874 usu
768 4822 943 4878 observatum
957 4828 1009 4886 est.
1031 4839 1080 4876 eas
1101 4823 1228 4887 ludorum
1248 4817 1374 4900 nationes
1393 4805 1489 4914 plures
1510 4838 1544 4876 aa
1556 4822 1700 4913 gratim
1720 4838 1816 4894 super·

466 4900 596 4955 stitioncs
617 4900 771 4956 diabolicae
792 4902 1044 4972 specieitcnuisse,
1066 4902 1213 4974 inquibus
1234 4893 1331 4975 regum
1352 4918 1386 4957 ac
1404 4902 1474 4973 reip.
1494 4903 1614 4957 maxime
1639 4902 1783 4973 potentia
1785 4908 1817 4960 et

467 4990 570 5061 peritia
590 4990 725 5045 excelluit
745 4989 791 5044 dcc.
835 4982 949 5044 Postea
972 4989 1050 5044 cum
1062 4999 1127 5061 cap
1143 4982 1184 5043 X.
1202 4982 1303 5044 etXl.
1327 4981 1461 5046 remedia
1475 4985 1590 5051 contra
1612 4981 1815 5044 idololatriam

467 5070 631 5132 sumsisset
653 5070 851 5175 explicanda:
881 5072 1036 5152 subJungit
1055 5072 1132 5133 haec
1155 5070 1282 5133 ultimo:
1307 5081 1361 5137 Sed
1381 5081 1480 5135 illud
1469 5097 1640 5175 summopere
1667 5053 1816 5138 emericum

466 5169 527 5235 est,
548 5168 581 5215 ut
601 5179 652 5233 pro
672 5162 763 5217 noxiis
787 5161 886 5217 ritibus
911 5164 1051 5218 salutares
1078 5162 1293 5219 mucmcantar
1315 5163 1348 5218 el
1365 5162 1525 5235 communiis
1549 5164 1721 5226 οιιιιιιιιιιιι
1745 5164 1815 5222 ctu·
