4584 6192
937 570 1058 636 caasa
1075 585 1177 651 opaea
1695 579 1739 653 27

376 760 568 843 limpidiores
590 761 656 825 sint
679 761 824 843 usquein
849 761 945 843 ipsum
967 780 1071 842 purum
1087 763 1258 839 aetherem,
1284 765 1346 826 lore
1366 765 1492 829 eandem
1517 764 1608 828 etiarn
1631 765 1739 829 condl⁴

379 854 498 916 tionem
528 852 757 914 illuminationis
779 851 899 926 Lunae,
933 870 1029 932 neque
1061 852 1123 913 fore
1158 853 1332 914 distinctum
1364 854 1486 917 limitem
1517 855 1596 917 iuter
1624 854 1738 918 clarum

380 961 474 1003 cornu
498 948 533 1001 et
553 949 674 1020 partem
696 940 865 1016 rubentem,
890 959 956 1001 curu
980 948 1082 1002 tamen
1098 942 1190 1005 talem
1206 942 1331 1003 viderim
1355 942 1384 1004 in
1400 953 1505 1006 nostra
1519 943 1632 1025 eclipsi.
1661 943 1737 1017 Hoc,

379 1031 520 1112 inquam,
545 1030 664 1090 unicum
689 1028 779 1108 objici
801 1037 914 1107 potest.
960 1029 1039 1092 Nam
1063 1031 1140 1110 quod
1165 1030 1236 1091 addi
1258 1040 1376 1110 posset,
1402 1033 1548 1094 calculum
1563 1032 1736 1106 reclamare,

380 1138 448 1181 cum
472 1136 529 1179 uos
552 1136 744 1179 assumamus
767 1117 945 1180 diametrum
966 1118 1089 1180 umbrae
1112 1116 1159 1193 νξ,
1189 1118 1240 1179 ille
1255 1136 1326 1179 vero
1341 1120 1451 1181 Terrae
1470 1118 1514 1194 εζ,
1538 1120 1570 1182 id
1588 1121 1655 1182 leve
1679 1127 1737 1194 est,

381 1206 497 1269 sufficit
530 1207 610 1267 euim
641 1205 901 1287 quantulacunque
931 1207 1105 1285 magnitudo
1138 1225 1282 1286 vaporum
1307 1204 1353 1281 ζξ,
1387 1210 1478 1270 etiam
1510 1210 1540 1270 iu
1574 1214 1739 1288 apparente

382 1296 491 1357 Lunae
514 1294 664 1359 diametro
686 1294 880 1358 insensibilis.
927 1292 990 1357 Sed
1013 1294 1169 1358 mittamus
1193 1296 1285 1357 etiam
1309 1296 1386 1360 hunc
1410 1298 1530 1359 modum
1553 1297 1591 1359 ob
1615 1313 1737 1361 cansam

381 1384 507 1446 dictam.

472 1472 588 1534 Restat
620 1470 722 1550 itaque
748 1470 856 1532 tertius
880 1472 1000 1546 modus,
1034 1479 1068 1533 ut
1097 1476 1223 1535 eandem
1253 1493 1375 1537 causam
1405 1479 1573 1536 statuamus
1598 1473 1738 1553 athejas

384 1560 539 1624 rubedinis
563 1568 596 1622 et
617 1559 784 1638 crepusculi
808 1559 895 1622 modo
918 1561 1131 1640 propemedum
1157 1563 1276 1638 eodem,
1300 1573 1334 1625 nt
1356 1563 1467 1624 dictum
1491 1571 1554 1625 est:
1583 1580 1689 1642 nempe
1712 1561 1739 1624 si

387 1650 483 1711 Terra
502 1648 603 1728 jaciat
626 1647 761 1709 umbram
783 1648 907 1724 calculi,-
928 1667 986 1709 non
1011 1651 1172 1713 accensitis
1188 1653 1298 1713 Terrae
1318 1651 1492 1731 vaporibus,
1515 1668 1644 1730 vapores
1667 1668 1739 1712 vero

387 1736 469 1800 Solis
492 1737 611 1799 radium
634 1743 666 1796 et
688 1737 900 1798 transmissum
932 1737 1094 1800 secundum
1117 1741 1251 1802 umbram
1276 1747 1308 1802 et
1335 1739 1523 1819 undiquaque
1548 1737 1741 1801 combibitnm

386 1845 506 1890 rursum
529 1833 678 1904 spargant
701 1826 787 1903 quasi
805 1824 971 1905 proprium,
995 1826 1182 1890 circulariter
1203 1836 1237 1890 ut
1251 1829 1348 1901 Luna,
1371 1846 1430 1889 uon
1454 1847 1508 1906 per
1529 1826 1742 1889 refractionem

384 1915 435 1977 vel
457 1915 662 1976 reflexionem.
709 1914 792 1975 Tunc
816 1913 894 1975 enim
918 1915 1094 1994 relinquitur
1117 1917 1232 1979 calculo
1262 1916 1431 1980 crassitudo
1456 1916 1585 1997 genuina
1608 1915 1740 1989 umbrae,

387 2010 419 2065 et
439 2021 573 2083 vapores
596 2002 678 2063 circa
700 2002 823 2063 Terram
847 2012 998 2064 extremos
1022 2003 1143 2067 umbrae
1173 2006 1324 2086 margines
1354 2004 1564 2078 illustrabunt,
1597 2002 1741 2083 prohibe-

387 2092 556 2172 bunturque
579 2090 700 2170 objectu
723 2091 817 2171 ipsius
841 2092 966 2166 Terrae,
992 2092 1148 2172 quominus
1172 2094 1211 2155 ad
1234 2094 1378 2156 interiora
1401 2094 1522 2155 umbrae
1546 2093 1645 2154 lumen
1668 2109 1742 2173 pro-

387 2188 497 2262 rogent
521 2184 603 2247 (hors
622 2188 787 2254 inmugina:
821 2179 863 2242 Et
900 2188 1001 2242 tamen
1041 2199 1098 2261 qno
1128 2201 1256 2262 vapores
1295 2182 1384 2243 vicini
1415 2183 1542 2255 Terrae,
1585 2187 1675 2261 atque
1705 2197 1744 2241 ex

390 2287 425 2330 sc
447 2269 617 2332 crassiores
640 2269 767 2349 indeque
790 2267 959 2345 lucidiores,
983 2270 1097 2332 radium
1113 2271 1230 2351 objectu
1247 2272 1356 2333 Terrae
1371 2270 1567 2349 prohibentur
1589 2286 1742 2349 spargere,

391 2376 425 2419 so
447 2376 581 2438 vapores
605 2358 768 2419 exteriores
792 2358 944 2421 tenuiores
964 2359 1121 2439 minusque
1154 2359 1243 2422 lucidi
1277 2367 1420 2439 poterunt
1449 2359 1546 2421 adhuc
1569 2357 1688 2419 radiare
1711 2364 1743 2418 et

392 2447 435 2508 sic
457 2447 551 2508 datur
572 2446 620 2521 id,
647 2446 725 2527 qnod
748 2446 777 2508 in
802 2448 1005 2528 experimento
1029 2455 1094 2517 est,
1118 2468 1161 2511 sc.
1186 2450 1359 2511 continuum
1383 2447 1498 2509 ruboris
1523 2448 1744 2508 decrementum

390 2553 485 2615 usque
517 2535 558 2596 ad
590 2553 703 2596 meram
736 2536 871 2599 umbram
900 2535 965 2598 sine
989 2537 1149 2616 interjecto
1181 2537 1308 2599 notabili
1339 2535 1461 2614 limite),
1496 2535 1744 2616 quemadmodum

391 2623 482 2685 etiam
506 2623 536 2685 iu
561 2624 736 2703 crepusculo
760 2626 811 2700 fit,
845 2635 909 2688 tum
937 2625 1066 2687 habetur
1096 2627 1173 2688 ratio
1205 2626 1418 2706 qualiscunque
1448 2623 1557 2686 coloris
1579 2623 1683 2685 Lunae
1714 2622 1743 2683 in

393 2711 557 2794 eclipsibus
580 2719 613 2773 et
639 2718 711 2773 tunc
735 2714 826 2776 etiam
850 2715 889 2776 ad
913 2714 1069 2775 chasmate
1094 2715 1195 2795 aliqua
1218 2733 1255 2775 ex
1273 2716 1329 2776 hoc
1353 2712 1472 2793 negotio
1497 2711 1654 2775 transferri
1674 2710 1744 2792 quid

391 2808 503 2881 potest.
551 2798 683 2880 Oportet
716 2802 793 2864 enim
825 2802 1000 2881 imaginari,
1032 2802 1058 2863 si
1092 2804 1157 2883 quis
1196 2804 1225 2865 in
1255 2804 1343 2865 Luna
1374 2802 1534 2875 existeret,
1572 2799 1644 2862 Sole
1673 2807 1745 2880 post

390 2889 516 2952 Terram
540 2889 645 2950 abdito
669 2890 799 2952 risurum
830 2892 913 2954 illum
937 2892 1059 2953 Terram
1089 2891 1186 2953 instar
1209 2892 1266 2954 atri
1290 2900 1322 2952 et
1345 2889 1498 2952 circularis
1533 2887 1650 2970 hiatus,
1683 2888 1745 2950 cir-

391 2977 541 3054 cumiecta
564 2997 651 3056 coma
674 2978 783 3039 lucida.
830 2979 891 3042 Sed
917 2979 1052 3041 oriuntur
1082 2980 1172 3041 etiam
1195 2981 1245 3041 hic
1269 2980 1480 3052 difficultates,
1511 2998 1571 3039 runa
1593 2977 1745 3058 generalis

392 3067 484 3128 totius
509 3066 640 3145 negotii,
670 3066 768 3127 altera
790 3068 912 3149 propria
934 3068 1022 3147 hujus
1046 3069 1181 3130 rationis.
1217 3067 1378 3130 Generalis
1401 3068 1476 3129 haec
1499 3074 1560 3141 est,
1585 3067 1664 3146 quod
1688 3084 1744 3126 ne·
1843 3067 1851 3082 ⁴

391 3173 463 3234 gare
487 3174 548 3216 nou
570 3173 755 3246 possumus,
770 3157 839 3235 quin
859 3156 935 3218 radii
960 3156 1042 3219 Solis
1066 3158 1095 3219 in
1119 3158 1280 3237 vaporibus
1305 3158 1415 3218 Terrae
1439 3148 1667 3236 refringantur.⁸
1697 3153 1745 3214 Ex

392 3260 448 3324 quo
471 3242 623 3323 sequitur,
658 3243 746 3324 longe
776 3245 941 3307 breviorem
966 3252 997 3307 et
1021 3246 1222 3326 angustiorem
1250 3265 1317 3308 esse
1340 3245 1474 3307 umbram
1498 3245 1624 3319 Terrae,
1657 3261 1745 3324 quam

393 3333 493 3393 lutura
519 3331 630 3393 fuisset
653 3332 730 3393 citra
749 3334 969 3396 refractionem.
1007 3332 1138 3397 Duorum
1155 3335 1246 3414 igitur
1268 3335 1396 3396 alterum
1419 3334 1566 3413 sequitur:
1592 3339 1645 3393 aut
1668 3331 1745 3392 enim

392 3421 524 3483 calculus
548 3420 692 3500 majorem
711 3422 795 3501 justo
823 3423 897 3484 facit
919 3422 1069 3496 umbram,
1095 3431 1149 3486 aut
1171 3424 1197 3484 si
1222 3423 1426 3503 experimenta
1449 3419 1692 3484 observationum
1714 3419 1744 3481 iu

392 3527 426 3570 ee
448 3509 602 3590 sequitur,
625 3517 690 3571 turn
713 3529 751 3571 ex
774 3510 890 3573 calculo
914 3529 972 3572 nou
996 3512 1072 3574 satis
1095 3532 1207 3592 magna
1229 3514 1340 3574 Terrae
1365 3512 1458 3573 males
1482 3510 1643 3589 colligitur.
1677 3508 1744 3571 Re-

392 3598 559 3679 spondetur
580 3605 615 3659 ut
638 3615 744 3677 supra,
769 3599 799 3660 id
819 3599 896 3679 quod
920 3600 1043 3661 umbrae
1067 3620 1121 3682 per
1144 3602 1354 3663 refractionem
1379 3600 1511 3673 decedit,
1538 3597 1629 3661 hicin
1645 3597 1746 3659 Terris

393 3686 568 3748 insensibile
592 3705 670 3748 esse.
716 3687 828 3749 Altera
851 3688 1012 3750 difficultas
1036 3697 1083 3751 est
1106 3689 1136 3750 in
1161 3709 1215 3764 eo,
1240 3690 1318 3769 quod
1337 3691 1467 3751 fortasse
1490 3707 1548 3749 uon
1573 3688 1613 3748 sit
1637 3685 1745 3747 verisi-

392 3774 479 3851 mile,
503 3783 568 3836 tam
593 3775 701 3836 sortem
725 3776 820 3838 lucem
845 3777 973 3838 transire
988 3796 1042 3857 per
1064 3797 1210 3859 vapores,
1235 3788 1268 3839 ut
1283 3798 1319 3839 ea
1336 3779 1507 3840 illustratus
1522 3776 1626 3838 Lunae
1641 3790 1744 3851 margo

393 3863 489 3926 adhuc
513 3881 569 3942 pro
593 3863 692 3925 lucido
715 3865 831 3926 censeri
856 3873 973 3943 posset.
1019 3865 1247 3945 Respondetur,
1273 3866 1340 3928 huic
1363 3866 1420 3945 ipsi
1444 3864 1663 3928 transeuntium
1687 3861 1744 3923 ob-

393 3951 531 4013 scuritati
554 3952 705 4013 radiorum
729 3954 898 4015 consentire
922 3956 1138 4033 experimenta.
1185 3956 1264 4017 Nam
1288 3955 1374 4017 Luna
1405 3954 1496 4017 etiarn
1528 3972 1593 4016 curn
1617 3950 1746 4013 nondum

393 4039 520 4102 dedcere
544 4039 657 4121 incepit
680 4050 731 4102 aut
751 4043 816 4121 jam
839 4041 959 4123 penitus
984 4043 1089 4119 desiit,
1123 4050 1224 4105 tamen
1258 4063 1296 4105 er
1318 4043 1372 4104 illa
1403 4052 1508 4124 parte,
1540 4061 1598 4122 qna
1621 4039 1747 4101 vicinior

392 4136 440 4191 est
461 4129 602 4201 umbrae,
634 4130 746 4209 pallide
770 4131 868 4193 lucere
892 4132 1038 4207 cernitur;
1070 4141 1100 4193 et
1123 4141 1213 4207 nota,
1244 4139 1371 4213 quatuor
1399 4131 1542 4212 gradibus
1573 4130 1747 4191 decrescere

393 4217 492 4280 lumen
517 4217 622 4279 Lunae
645 4218 675 4279 in
700 4219 820 4299 eclipsi:
849 4219 945 4299 primo
970 4222 1048 4283 enirn
1067 4241 1105 4282 ex
1128 4239 1164 4281 eo
1188 4221 1267 4295 loco,
1302 4241 1358 4301 quo
1382 4227 1446 4282 toto
1470 4219 1542 4282 Sole
1566 4218 1689 4293 fruitur,
1716 4216 1746 4277 in

394 4325 458 4368 eum
481 4306 663 4386 ingreditur,
688 4307 737 4369 ubi
761 4307 844 4371 Solis
866 4328 938 4389 pars
963 4310 1093 4388 tegitur,
1123 4310 1269 4391 paulatim
1293 4310 1390 4389 major
1413 4317 1503 4389 atque
1526 4307 1639 4388 major,
1670 4306 1748 4387 qnod

393 4394 497 4474 incipit
520 4394 598 4457 satis
617 4396 702 4476 justo
726 4405 860 4478 tempore
884 4407 955 4459 ante
980 4398 1146 4472 deiectum,
1172 4398 1319 4478 usquein
1343 4397 1430 4460 Luna
1453 4396 1578 4459 multum
1602 4395 1747 4469 sentitur;

395 4483 471 4545 alter
494 4484 624 4563 grados,
648 4495 825 4565 camparte
849 4487 895 4548 sui
919 4506 985 4547 eum
1009 4487 1105 4549 locum
1128 4487 1308 4566 ingreditur,
1343 4486 1393 4548 ubi
1416 4485 1493 4548 radii
1514 4484 1595 4547 Solis
1620 4484 1748 4563 objectis

394 4571 503 4634 Terrae
526 4573 689 4652 vaporibus
713 4576 933 4655 quodammodo
956 4576 1138 4638 hebetantur
1165 4583 1198 4637 et
1221 4586 1283 4637 tum
1308 4575 1439 4637 cernitur
1460 4575 1585 4653 pallore.
1632 4571 1695 4634 Sed
1718 4571 1748 4633 iu

394 4659 439 4723 bis
461 4661 579 4724 dnobus
602 4662 699 4725 modis
723 4664 820 4726 adhuc
845 4664 943 4725 lucere
957 4665 1045 4725 Luna
1063 4673 1210 4727 censetur.
1246 4664 1348 4725 Tertio
1364 4664 1456 4743 igitur
1470 4662 1636 4742 ingreditur
1658 4661 1747 4723 umb-

395 4767 456 4811 ram
473 4751 590 4830 jactam
615 4770 634 4811 a
657 4750 745 4826 Sole,
768 4753 823 4814 sed
847 4760 950 4814 manet
973 4754 1070 4814 adhuc
1094 4754 1122 4815 in
1147 4753 1213 4814 lnce
1237 4771 1389 4832 raporum.
1436 4752 1478 4812 Et
1501 4761 1570 4813 tunc
1601 4751 1688 4811 rubet
1718 4757 1749 4810 et

396 4847 495 4900 tamen
519 4839 614 4901 nihilo
642 4840 740 4903 secius
772 4843 897 4903 deficere
922 4841 1031 4903 dicitur
1054 4842 1092 4903 ab
1122 4842 1300 4903 hominibus
1348 4839 1464 4911 Quarto
1488 4840 1609 4902 tandem
1632 4839 1748 4901 utrius-

397 4936 497 5007 queet
511 4926 593 4990 Sulis
617 4936 650 4990 et
671 4930 752 4991 seris
774 4930 875 4992 radios
901 4931 1006 5010 effugit
1030 4931 1059 4991 io
1083 4931 1191 4993 intima
1213 4931 1333 4999 umbra,
1358 4930 1408 4992 ubi
1431 4936 1516 4990 caret
1534 4929 1613 4990 omni
1636 4947 1747 5008 prope·

397 5015 514 5078 modum
536 5016 653 5090 colore,
678 5018 797 5082 cinerea
819 5037 979 5099 apparens.
1017 5019 1111 5082 Hisce
1135 5019 1179 5081 sic
1203 5019 1377 5081 constitutis
1399 5018 1503 5098 procul
1527 5017 1616 5079 dubio
1640 5017 1748 5081 videa·

397 5119 473 5180 mus,
498 5124 537 5167 au
565 5105 658 5169 etiarn
690 5108 728 5171 de
757 5107 908 5192 inaequali
937 5108 1055 5172 ruboris
1084 5110 1167 5172 circa
1196 5125 1287 5171 cornu
1317 5106 1558 5187 circumjectione
1589 5106 1647 5170 dici
1678 5105 1750 5189 quid
