4584 6192
984 571 1068 638 caput
1083 571 1156 625 Vm·
1176 569 1202 626 ³·
1707 570 1773 638 att

414 745 551 808 circellus
575 745 666 808 fuerit
688 753 858 825 superstes,
884 755 916 809 et
938 767 997 810 non
1019 748 1120 829 potius
1144 768 1184 809 ex
1207 748 1306 809 altera
1332 755 1419 827 parte
1447 749 1641 812 tenuissimus
1665 769 1771 832 margo

413 834 625 905 corniculatus,
650 837 779 913 nondum
802 836 923 916 penitus
948 838 1114 916 conjunctis
1137 837 1261 899 centris.
1299 838 1379 899 Nam
1403 836 1466 898 fieri
1490 849 1600 917 potest,
1624 848 1659 901 ut
1682 841 1773 903 aliter

412 924 486 985 haec
510 924 596 986 initio
626 924 739 986 suerint
770 926 962 1005 consignata,
997 928 1087 988 aliter
1110 948 1129 987 a
1153 925 1260 989 Clavio
1292 926 1494 1007 transcripta,
1528 947 1582 989 seu
1609 931 1770 992 memoriae

413 1013 516 1092 lapsu,
547 1033 602 1075 seu
628 1022 826 1093 praepostero
853 1016 1091 1094 consignationis
1120 1015 1296 1076 intellectu:
1325 1016 1504 1094 praesertim
1535 1018 1559 1077 si
1586 1015 1709 1079 Clarius
1733 1018 1772 1080 ab

410 1101 478 1163 aliis
502 1101 571 1163 visa
598 1111 821 1166 commemoret.
867 1104 1014 1183 Equidem
1038 1104 1158 1183 etipse
1182 1105 1322 1166 dubitans
1347 1105 1441 1178 addit,
1457 1115 1485 1168 id
1498 1116 1618 1171 fumasse
1632 1131 1773 1189 nmquam

410 1199 495 1248 antea
518 1191 679 1265 contigisse.

497 1288 595 1369 Atqui
619 1297 670 1350 sat
692 1288 882 1350 considerate
908 1288 1045 1353 Cluvium
1070 1290 1125 1351 hoc
1148 1291 1375 1371 phaenomenon
1406 1292 1566 1353 memoriae
1591 1293 1772 1373 prodidisse,

409 1377 569 1458 perpensis
594 1377 841 1453 circumstantiis,
872 1380 1081 1441 demonstrant
1103 1380 1179 1441 haec
1208 1382 1276 1461 ipsa
1307 1382 1439 1442 auctoris
1463 1382 1565 1445 verba.
1612 1379 1714 1451 Quare
1738 1390 1773 1444 ut

411 1467 447 1528 de
473 1486 506 1528 re
529 1467 620 1546 plane
644 1467 815 1528 certissima
837 1467 881 1529 sic
906 1468 1102 1548 disputemus.

496 1572 541 1634 Et
563 1572 659 1652 primo
692 1572 812 1653 quidem
841 1592 899 1635 non
930 1573 1059 1644 inficior,
1093 1574 1277 1655 hypotheses
1310 1577 1496 1655 quorundam
1532 1582 1772 1640 astronomorum

411 1661 455 1723 sic
478 1681 547 1724 esse
571 1670 776 1741 comparatas,
798 1671 833 1723 ut
847 1661 902 1724 Sol
923 1664 1084 1743 perigaeus
1104 1663 1225 1724 aLnna
1249 1682 1387 1743 apogaea
1410 1664 1439 1725 in
1463 1664 1540 1725 hunc
1564 1665 1683 1725 modum
1708 1666 1771 1744 tegi

410 1752 521 1830 possit,
544 1751 652 1812 relicto
676 1751 766 1812 limbo
789 1751 989 1831 prominente.
1027 1753 1106 1813 Nam
1126 1770 1213 1832 quem
1236 1772 1328 1831 supra
1352 1753 1498 1832 suspicati
1522 1773 1623 1814 sumus
1644 1750 1772 1814 aGleo-

411 1840 496 1901 mede
528 1839 648 1914 taxari,
681 1840 883 1901 multitudinis
916 1841 1025 1916 verbo,
1056 1841 1252 1920 Sosigenem,
1281 1841 1310 1902 ei
1333 1863 1351 1903 a
1374 1842 1482 1903 Proclo
1506 1841 1662 1904 Diadocho
1693 1841 1770 1903 haec

412 1930 508 1991 forma
536 1937 641 2008 aperte
672 1929 827 2002 tribuitur,
856 1939 1090 1991 commemorata
1118 1931 1201 2010 prins
1229 1929 1398 1991 Ptolemaei
1428 1932 1589 1992 sententia.
1640 1930 1771 1992 Dixerat

413 2019 619 2090 Ptolemaeus,
650 2036 704 2097 per
727 2019 892 2098 Hipparchi
920 2020 1071 2100 dioptram
1095 2019 1152 2080 hoc
1181 2026 1294 2079 certum
1327 2018 1445 2093 haberi,
1481 2019 1562 2080 Solis
1592 2019 1769 2080 diametrum

413 2109 450 2169 ab
476 2125 613 2187 apogaeo
637 2105 665 2167 in
696 2108 870 2186 perigaeum
899 2108 938 2170 ad
966 2128 1086 2168 sensum
1109 2126 1167 2168 non
1191 2106 1316 2183 variari,
1340 2109 1394 2167 sed
1419 2108 1522 2169 eodem
1546 2109 1655 2187 angulo
1680 2127 1770 2188 spec-

415 2197 494 2259 tari:
519 2195 625 2257 Lunae
649 2214 721 2257 vero
745 2197 923 2258 diametmm
947 2205 1009 2258 tum
1033 2197 1152 2257 demum
1176 2196 1322 2257 diametro
1340 2196 1422 2258 Solis
1446 2197 1603 2277 aequalem
1626 2196 1771 2275 spectari,

411 2306 480 2348 curn
502 2285 590 2346 Luna
621 2284 714 2364 plena
743 2285 772 2346 in
806 2304 943 2366 apogaeo
974 2286 1020 2347 sui
1053 2286 1179 2366 epicycli
1212 2286 1253 2346 sit
1283 2285 1468 2346 constituta:
1504 2294 1537 2347 at
1567 2286 1595 2346 in
1629 2285 1770 2365 perigaeo

414 2376 534 2437 Lunam
557 2373 652 2434 videri
677 2374 830 2453 majorem.
876 2375 1001 2436 Proolns
1025 2375 1116 2453 igitur
1140 2374 1178 2434 ad
1203 2375 1277 2435 haec
1301 2375 1405 2435 addit:
1430 2386 1491 2437 Hoc
1520 2384 1544 2437 si
1573 2402 1684 2450 verum,
1715 2396 1771 2440 nou

413 2472 456 2520 est
476 2481 583 2527 rerum,
605 2466 677 2534 quod
696 2462 847 2535 Sosigenes
876 2471 973 2519 narrat
1000 2464 1215 2535 peripateticus,
1242 2465 1270 2518 in
1290 2465 1330 2517 eis
1346 2482 1418 2535 quae
1439 2466 1473 2518 de
1490 2466 1708 2519 revolutionibus
1728 2466 1771 2520 in·
1847 2517 1852 2527 ,

412 2545 538 2618 scripsit,
559 2544 652 2600 Solem
672 2543 701 2598 in
721 2546 863 2616 perigaeis
891 2545 1040 2615 eclipsibus
1061 2544 1143 2598 factis
1171 2545 1293 2614 spectari
1314 2562 1368 2599 non
1390 2553 1477 2599 totum
1500 2546 1527 2599 in
1547 2547 1688 2600 anteriora
1707 2562 1771 2615 pro·

412 2641 569 2690 cunensem
593 2623 745 2701 (intelligo
769 2633 840 2702 post
863 2624 979 2686 Lunam
1002 2642 1070 2685 sese
1094 2624 1317 2703 recipientem),
1351 2636 1400 2687 sed
1434 2635 1462 2688 in
1497 2635 1628 2689 extremis
1659 2635 1771 2690 eircum-

411 2716 549 2771 ferentiae
580 2713 666 2784 ipsius
697 2714 828 2769 circulum
853 2715 951 2768 Lunae
982 2717 1114 2778 eradere,
1146 2731 1180 2768 ae
1200 2715 1308 2769 minime
1339 2715 1497 2784 impeditum
1524 2716 1618 2770 lumen
1644 2710 1771 2785 dare.”)

411 2796 555 2875 Apparet
576 2792 784 2872 Hipparchum
808 2794 886 2853 idem
910 2794 1040 2867 dixisse,
1070 2795 1148 2873 quod
1172 2793 1365 2855 Ptolemaeus
1390 2794 1426 2854 de
1451 2793 1607 2855 diametris
1631 2795 1772 2856 lominum

411 2883 498 2956 dixit,
521 2880 702 2960 Sosigenem
725 2900 796 2942 vero
824 2881 978 2944 addidisse
1007 2883 1085 2943 hanc
1113 2882 1414 2961 interpretationem:
1444 2881 1470 2941 sl
1499 2883 1611 2943 lumina
1634 2902 1772 2967 apogeea

412 2980 589 3053 spectentur
612 2970 717 3032 eodem
741 2971 862 3049 angulo,
885 2980 967 3032 certe
991 2970 1092 3033 Solem
1117 2971 1289 3051 perigaeum
1313 2980 1483 3050 spectatum
1506 2971 1542 3032 iri
1566 2972 1685 3050 majori,
1711 2972 1771 3033 etsi

409 3061 465 3124 hoe
488 3079 543 3139 per
567 3058 718 3138 dioptram
743 3059 780 3121 ob
804 3059 971 3122 exilitatem
996 3080 1054 3122 non
1078 3059 1330 3139 deprehendatur.
1377 3060 1458 3121 Fieri
1482 3059 1582 3138 itaque
1606 3080 1713 3139 posse,
1737 3068 1772 3122 ut

410 3148 475 3212 Soli
497 3147 641 3229 perigaeo
665 3148 752 3209 Luna
774 3146 910 3228 ἀπογειος
933 3149 1032 3210 etita
1056 3148 1162 3210 minori
1187 3149 1296 3227 angulo
1321 3148 1490 3227 objiciatur,
1517 3156 1550 3210 et
1572 3149 1616 3209 sic
1634 3148 1688 3210 Sol
1711 3166 1771 3210 non

410 3247 494 3301 totus
516 3256 572 3317 per
595 3255 699 3298 omues
733 3238 944 3299 extremitates
974 3245 1106 3316 tegatur.
1155 3238 1322 3317 Propterea
1347 3238 1471 3299 Proclus
1504 3238 1607 3298 addit:
1642 3248 1713 3301 Nam
1747 3246 1772 3301 si

410 3328 546 3401 quispiam
571 3328 624 3381 hoc
645 3327 802 3393 admiserit,
831 3328 880 3383 Sol
900 3328 1083 3383 differentiam
1112 3328 1198 3382 molet
1227 3328 1421 3398 apparentium
1451 3327 1654 3383 diametrorum.
1705 3326 1771 3387 Imo

409 3439 480 3482 rero
509 3416 704 3497 respondebit
726 3417 833 3479 Proclo
858 3416 1036 3494 Sosigenes,
1069 3416 1139 3496 quia
1167 3416 1285 3478 omnino
1310 3414 1412 3478 Solem
1441 3436 1566 3479 necesse
1596 3423 1644 3477 est
1672 3433 1770 3495 appa-

410 3509 541 3571 rentium
564 3507 778 3568 diametrorum
801 3506 1000 3567 differentiam
1024 3506 1143 3579 facere;
1169 3505 1289 3566 accedit
1312 3506 1390 3566 enim
1414 3511 1447 3565 et
1469 3506 1598 3580 recedit,
1624 3505 1691 3565 ideo
1715 3504 1772 3564 hoc

411 3617 467 3679 ego
492 3597 563 3658 duxi
589 3595 816 3656 admittendum.
855 3595 905 3655 Ita
928 3613 982 3655 nos
999 3595 1122 3655 Procius
1144 3595 1244 3666 docet,
1268 3594 1416 3656 statuisse
1439 3593 1628 3672 Sosigenem,
1653 3591 1771 3653 omuino

410 3685 506 3748 rideri
534 3684 615 3746 tales
646 3684 788 3762 eclipses,
822 3683 939 3763 qualem
969 3683 1056 3745 nobis
1085 3681 1209 3744 Clarius
1239 3702 1326 3744 unam
1360 3683 1502 3761 prodidit.
1550 3680 1619 3752 Quo
1652 3681 1772 3761 quidem

412 3769 477 3838 loco
502 3774 562 3836 sibi
593 3772 651 3852 ipsi
674 3771 799 3834 Procius
824 3772 1103 3851 interpretationem
1136 3773 1223 3833 affert
1246 3772 1325 3850 ejus,
1360 3771 1439 3850 quod
1463 3790 1483 3831 a
1505 3770 1648 3850 principio
1679 3768 1772 3831 libelli

411 3866 668 3946 Hypotyposeon,
693 3861 871 3922 mirabilium
905 3861 1114 3940 quaestionum
1146 3861 1252 3940 quinta
1280 3859 1406 3920 dixerat
1453 3870 1520 3923 Cum
1544 3871 1644 3932 etiam,
1666 3856 1773 3937 inquit,

409 3955 507 4009 Lunae
528 3951 709 4023 inperfectis
730 3951 874 4006 Solaribus
896 3952 1046 4021 eclipsibus
1067 3953 1203 4020 quaedam
1224 3957 1372 4005 cernantur
1392 3949 1581 4005 differentiae:
1608 3966 1672 4003 nam
1692 3954 1769 4002 totus

411 4034 560 4106 aliquando
582 4032 631 4087 Sol
651 4032 748 4102 obtegi
773 4032 932 4102 conspectui
961 4032 1071 4085 ridetur
1099 4039 1213 4085 nostro:
1244 4031 1393 4100 aliquando
1415 4030 1523 4099 inipso
1551 4029 1685 4091 articulo,
1717 4044 1771 4098 quo

410 4121 507 4169 centra
520 4115 574 4168 duo
589 4119 619 4166 et
634 4111 730 4166 oculus
744 4112 773 4166 in
793 4114 908 4166 eandem
922 4112 1046 4166 incidunt
1066 4111 1178 4175 lineam,
1199 4111 1282 4166 Luna
1295 4111 1370 4164 intra
1384 4110 1455 4165 Solis
1471 4112 1603 4166 ambitum
1617 4115 1770 4180 spectatur.

411 4191 565 4262 Ostendit,
590 4190 720 4271 inquam,
746 4191 811 4252 loco
834 4190 917 4270 prius
942 4191 1090 4264 adducto,
1114 4210 1146 4250 se
1171 4190 1219 4252 hie
1243 4190 1324 4270 loqui
1347 4208 1406 4250 nou
1430 4190 1467 4250 de
1491 4190 1692 4270 experientia,
1717 4186 1772 4251 sed

411 4301 447 4343 ex
469 4278 630 4361 Sosigenis
663 4279 884 4341 traditionibus.
931 4280 1012 4342 Nam
1035 4279 1061 4340 si
1085 4298 1202 4352 eorum,
1237 4297 1312 4357 quae
1336 4277 1385 4339 hic
1417 4277 1509 4353 dixit,
1539 4277 1694 4360 propriam
1718 4283 1773 4338 ant

411 4371 522 4433 saltem
545 4375 660 4432 certam
682 4367 840 4430 habuisset
863 4367 1088 4447 experientiam,
1114 4386 1264 4448 nunquam
1278 4366 1341 4440 illa,
1366 4385 1441 4446 quae
1465 4368 1562 4448 primo
1582 4370 1648 4430 loco
1673 4364 1771 4427 addu-

410 4459 518 4535 ximus,
542 4458 572 4520 in
592 4476 659 4519 eum
678 4456 798 4518 modum
822 4457 1048 4536 subjunxisset:
1074 4475 1225 4537 nunquam
1240 4475 1285 4529 ea,
1312 4473 1388 4535 quae
1404 4453 1568 4537 Sosigenes
1590 4454 1771 4529 tradiderat,

411 4545 439 4609 in
462 4547 587 4610 dubium
610 4554 761 4614 vocasset,
786 4552 890 4625 utpote
916 4545 1104 4625 experientia
1126 4565 1181 4626 per
1205 4565 1237 4606 se
1261 4545 1446 4606 confirmata.

497 4662 550 4724 An
573 4660 666 4741 igitur
688 4661 765 4722 haec
789 4681 808 4721 a
827 4659 934 4722 Clario
959 4661 1058 4722 relata
1081 4659 1204 4738 eclipsis
1228 4678 1282 4738 per
1297 4659 1500 4719 Ptolemaicas
1524 4655 1709 4740 hypotheses
1733 4654 1772 4715 ab

411 4751 584 4831 Hipparcho
612 4756 645 4809 et
668 4747 815 4829 Sosigene
848 4758 1052 4811 transsumtas
1080 4749 1179 4827 possit
1210 4747 1372 4809 excusari?
1405 4747 1540 4808 Minime.
1586 4745 1719 4806 Primum
1741 4742 1772 4804 in

413 4839 477 4920 ipsa
508 4836 698 4918 longitndine
729 4838 831 4899 media
860 4838 919 4900 fuit
947 4839 1050 4913 Luna,
1084 4837 1181 4916 major
1214 4836 1360 4897 diameter
1389 4835 1507 4908 Lunae,
1542 4852 1631 4915 qnam
1654 4830 1772 4893 Solaris

414 4930 502 4991 etiam
532 4948 685 5010 rrrpryuoc.
730 4927 848 4989 Deinde
872 4926 927 4988 Sol
951 4928 1015 5007 ipse
1049 4943 1155 4988 versus
1187 4942 1354 5005 apogaeum
1384 4922 1463 4998 ibat,
1498 4931 1529 4984 et
1551 4941 1628 5002 pene
1650 4920 1773 4982 minimo

414 5020 521 5098 angulo
556 5016 764 5099 spectabatur.
821 5014 923 5077 Causa
955 5015 1048 5095 igitur
1080 5013 1280 5095 phaenomeni
1313 5012 1374 5074 alia
1404 5020 1452 5075 est
1488 5010 1669 5092 quaerenda.
1725 5009 1774 5070 Ac

412 5108 521 5185 nemin,
548 5126 588 5170 an
615 5123 683 5167 eam
707 5104 889 5168 Plutarchus
912 5104 1015 5167 libello
1039 5105 1131 5167 toties
1150 5102 1215 5184 jam
1236 5102 1357 5183 pulsato
1381 5101 1419 5165 de
1440 5100 1520 5167 iacis
1548 5100 1655 5163 Lunae
1683 5099 1775 5180 plane
