4584 6192
820 1309 872 1407 u.
904 1308 1168 1433 Rudolpho
1201 1309 1264 1407 11.

504 1496 797 1589 ROMANORUM
829 1497 1119 1589 lllPEllllllllll
1151 1497 1333 1588 suarm
1365 1497 1587 1591 locust).

941 1646 1156 1707 naen

369 1783 647 1858 GERMANIAE,
677 1780 951 1858 HUNGARIAE,
980 1783 1203 1848 BOHEMIAE
1237 1787 1291 1847 &c
1329 1784 1444 1849 REGI.
1491 1783 1727 1849 ARCHIDUOI

897 1905 1112 1970 AUSTRlAE
1141 1910 1194 1971 dic.

460 2065 521 2129 Cur
543 2068 621 2129 hunc
644 2085 759 2146 quoque
784 2066 924 2140 libellum,
950 2065 1066 2129 Caesar
1087 2069 1321 2148 Augustissime‚
1347 2089 1433 2150 quem
1457 2070 1493 2131 de
1516 2071 1606 2132 Nova
1628 2067 1728 2131 Stella

369 2156 494 2236 scripsi,
527 2155 733 2217 sacratissimo
764 2155 888 2233 Majest.
914 2156 982 2215 vm
1019 2158 1138 2219 Nomiui
1167 2160 1356 2237 potissimum
1389 2159 1569 2221 dicaverim:
1596 2158 1661 2238 ejus
1684 2157 1728 2218 rei

370 2265 493 2306 causam
517 2265 573 2305 uon
598 2245 704 2323 opinor
726 2244 883 2322 Majestati
909 2244 976 2303 vas
1014 2247 1149 2324 pluribus
1174 2248 1393 2328 explicandam.

460 2335 674 2413 Praeterquam
699 2332 790 2406 euim,
816 2334 894 2411 quod
918 2334 951 2395 S.
977 2334 1067 2397 Caes.
1090 2336 1250 2415 Majestati
1275 2336 1342 2397 V¹⁸⁰
1377 2358 1396 2397 a
1423 2334 1531 2397 studiis
1558 2335 1728 2397 mathema-

370 2422 440 2484 ticis
465 2423 594 2483 inservio
627 2431 659 2482 et
688 2423 744 2482 hoc
777 2422 893 2482 nomine
917 2424 1028 2485 salario
1053 2425 1134 2486 fruor
1157 2426 1288 2487 liberali:
1323 2426 1454 2487 accessit
1482 2423 1574 2485 etiarn
1597 2425 1730 2485 clemen-

371 2512 520 2573 tissimum
544 2511 720 2589 Majestatis
744 2511 801 2570 V⁸⁰
834 2512 1021 2587 mandatum,
1049 2515 1134 2574 utin
1160 2514 1356 2576 observandis
1380 2522 1412 2574 et
1435 2513 1639 2574 describendis
1662 2520 1729 2573 stu-

370 2600 462 2680 pendi
499 2600 587 2678 hujus
625 2599 760 2661 miraculi
797 2599 1031 2663 circumstantiis
1067 2622 1181 2663 omnem
1222 2622 1356 2683 operam,
1390 2621 1506 2675 curam,
1544 2600 1731 2681 diligentiam

373 2688 586 2767 impenderem.

464 2775 544 2846 Quid
568 2776 660 2856 igitur
683 2775 783 2854 potius
808 2776 864 2837 luit
888 2776 958 2837 mihi
983 2777 1167 2848 faciendum,
1200 2798 1287 2859 quam
1320 2786 1352 2838 ut
1381 2778 1513 2840 libellum
1546 2778 1641 2852 hunc,
1675 2775 1734 2838 etsi

373 2866 563 2945 pudibundus
588 2875 619 2926 et
641 2864 801 2925 tenuitatis
825 2866 1010 2926 conscientia
1033 2866 1184 2944 trepidus,
1216 2874 1334 2940 tamen,
1367 2875 1401 2927 ut
1423 2867 1512 2930 fidum
1546 2874 1576 2927 et
1608 2865 1734 2945 probum

373 2955 543 3016 ministmm
568 2955 664 3028 decet,
689 2954 719 3014 in
738 2952 808 3014 Sac.
832 2952 922 3016 Caes.
938 2954 1113 3032 Majestatis
1136 2957 1195 3016 V⁸⁰
1216 2963 1409 3035 conspectum
1432 2957 1620 3027 adducerem,
1646 2953 1734 3015 audi-

374 3052 460 3105 tums
484 3064 521 3103 an
546 3044 624 3123 quod
647 3042 796 3122 Majestas
819 3043 865 3102 V·
893 3044 1038 3122 Jussisset
1061 3052 1141 3105 recte
1166 3044 1304 3105 effectum
1329 3065 1397 3106 esse
1426 3052 1573 3107 censeret.

464 3134 542 3193 Illud
579 3132 679 3211 potius
712 3131 935 3211 explicandum,
969 3152 1042 3212 quae
1066 3153 1160 3194 causa
1187 3133 1257 3194 mihi
1282 3154 1383 3195 morae
1407 3142 1470 3195 tam
1495 3135 1669 3208 diuturnae,
1702 3137 1737 3191 ut

375 3241 443 3283 cum
468 3222 550 3281 sidus
578 3222 633 3282 hoc
662 3240 763 3281 mense
789 3219 913 3282 Octobri
947 3221 1016 3281 anni
1043 3218 1128 3284 1604
1161 3223 1320 3298 effulserit,
1356 3224 1518 3303 descriptio
1549 3224 1624 3284 haec
1657 3241 1735 3283 nunc

375 3312 496 3371 demum
529 3320 635 3371 exacto
668 3311 881 3390 propemodum
914 3309 1030 3388 integro
1063 3294 1182 3371 biennio
1216 3312 1245 3373 in
1277 3312 1426 3390 publicum
1459 3312 1611 3393 prodeat?
1656 3311 1737 3373 Nam

374 3400 472 3460 videri
496 3408 598 3480 potest
620 3399 708 3478 hujus
732 3399 775 3459 rei
800 3399 961 3478 explicatio
985 3418 1093 3459 novum
1117 3412 1323 3478 argumentum
1347 3401 1514 3476 continere,
1543 3419 1595 3461 cur
1618 3398 1737 3459 libellus

376 3488 436 3548 iste
452 3485 485 3549 S.
504 3486 540 3549 C.
556 3487 715 3565 Majestati
731 3488 808 3561 Vt,
834 3488 882 3548 uni
898 3488 1067 3549 mortalium
1082 3498 1298 3569 praetereaque
1314 3490 1424 3551 nemini
1445 3490 1535 3550 fuerit
1558 3486 1735 3549 offerendus.

465 3576 555 3636 Potui
579 3577 656 3656 quod
680 3596 728 3637 res
753 3587 801 3638 est
824 3596 990 3648 recensere,
1014 3578 1121 3638 stellae
1146 3577 1233 3637 linem
1257 3597 1315 3638 non
1339 3586 1410 3638 ante
1432 3576 1627 3639 Febmarium
1649 3574 1737 3653 hujus

374 3665 446 3727 anui
470 3674 583 3726 certum
609 3665 717 3726 fuisse:
741 3685 875 3745 quaeque
900 3665 995 3745 prima
1018 3665 1103 3745 hujus
1128 3665 1221 3767 lipelli
1240 3672 1326 3745 parte
1346 3666 1383 3725 de
1400 3685 1436 3726 ea
1450 3666 1567 3745 scripta
1585 3672 1617 3726 et
1630 3662 1737 3740 dispu-

323 3784 335 3792 ·
375 3761 446 3815 tata
469 3762 538 3814 sunt
562 3754 779 3829 astronomiae,
809 3753 949 3834 physice,
983 3754 1206 3834 metaphysrce‚
1240 3775 1278 3816 ea
1300 3755 1343 3815 sic
1368 3755 1396 3815 in
1427 3762 1535 3835 parato
1564 3753 1671 3826 fuisse,
1704 3756 1739 3810 ut

375 3842 551 3922 praeteritis
574 3843 746 3904 vernalibus
770 3842 909 3903 nundinis
933 3842 1233 3904 Fraueofurteusibus
1256 3843 1374 3923 prodire
1399 3842 1567 3923 potuerint,
1601 3838 1658 3902 nisi
1691 3856 1738 3899 mc

376 3950 449 4010 spes
474 3931 631 3992 adventuri
654 3932 835 4011 typographi
859 3930 1026 3992 fefellisset
1072 3932 1119 3993 De
1144 3931 1412 4010 significationibus
1435 3950 1517 4003 vero,
1541 3949 1616 4010 quas
1641 3930 1739 3991 altera

376 4029 466 4098 parte
491 4021 662 4099 complexus
686 4020 742 4081 huc
767 4039 859 4100 usque
883 4020 977 4095 traxi,
1003 4019 1150 4095 scribere,
1176 4040 1239 4082 rem
1263 4040 1330 4081 esse
1354 4020 1539 4094 taediosam,
1564 4018 1739 4099 perplexam

376 4108 537 4188 multisque
570 4109 649 4169 curis
682 4118 713 4170 et
745 4108 948 4170 anxietatibus
991 4109 1170 4184 exercitam
1207 4119 1240 4171 ut
1278 4109 1393 4171 animus
1431 4106 1739 4170 demonstrationibus

376 4195 568 4276 geometricis
593 4204 743 4268 assuetus,
767 4197 959 4259 considerata
983 4198 1242 4260 fundamentomm
1257 4197 1433 4270 vitiositate,
1459 4195 1625 4258 diutissime
1642 4195 1740 4257 instar

373 4286 505 4364 jumenti
528 4285 691 4365 pertinacis
715 4286 853 4347 restitet:
879 4286 973 4346 donec
996 4285 1094 4366 plagis
1118 4295 1151 4347 et
1173 4288 1329 4348 verborum
1352 4285 1470 4365 probris
1490 4285 1617 4346 adactus
1632 4283 1741 4362 pedem

377 4374 407 4434 in
433 4374 490 4435 hac
514 4374 622 4436 lacuna
644 4381 749 4453 ponat.
796 4374 911 4435 Verum
934 4394 991 4435 non
1016 4374 1072 4436 hoc
1091 4374 1156 4453 jain
1189 4375 1365 4449 obtendam,
1394 4374 1456 4435 sint
1485 4372 1539 4434 illa
1569 4390 1623 4434 suo
1656 4369 1759 4431 loco?

378 4463 418 4524 ad
438 4463 572 4542 jucunda
595 4462 691 4541 magis
714 4470 827 4523 vertar.
1798 4454 1800 4464 '

468 4549 602 4631 Eloquar
626 4558 727 4612 autem
752 4569 789 4611 an
814 4550 938 4611 sileam?
983 4552 1128 4630 Ignoscat
1152 4569 1264 4630 quaeso
1288 4548 1322 4612 S.
1340 4547 1373 4611 O.
1391 4548 1515 4629 Majest
1531 4547 1599 4621 Ψ,
1624 4544 1649 4607 ai
1673 4563 1741 4606 cum

379 4639 456 4719 Ejus
480 4639 614 4718 negotiis
634 4638 821 4718 gravissimis
846 4647 877 4699 et
900 4639 1029 4700 maxime
1053 4638 1139 4700 seriis
1173 4657 1228 4718 ego
1260 4637 1376 4699 minuta
1408 4638 1557 4717 quaedam
1588 4650 1739 4712 comparo.

378 4728 504 4790 Nullum
527 4747 657 4806 unquam
681 4728 812 4788 coeleste
838 4727 940 4788 thema
961 4727 1183 4806 genethliacum
1206 4734 1269 4787 tam
1291 4726 1414 4805 pulchre
1438 4723 1617 4786 adumbrare
1641 4719 1741 4783 credi·

378 4824 515 4878 tumeat
538 4815 715 4895 cujusquam
737 4814 866 4876 hominis
890 4816 1050 4888 fortunam,
1075 4833 1164 4894 quam
1188 4814 1227 4875 ad
1250 4811 1284 4875 S.
1308 4810 1344 4875 0.
1359 4812 1484 4890 Majest.
1506 4811 1565 4873 Ψ·
1592 4807 1741 4890 gravissi-

379 4923 497 4966 marum
521 4902 750 4982 occupationum
773 4921 941 4977 successus,
961 4902 1128 4965 studiorum
1151 4900 1420 4964 astronomicorum
1443 4917 1548 4961 cursus
1571 4906 1603 4960 et
1621 4898 1743 4959 fortuna

380 5011 451 5054 sese
477 4989 717 5054 accommodarit
739 4991 897 5053 hactenus.
943 4989 1033 5063 Nam,
1060 4990 1137 5070 quod
1162 4997 1212 5050 est
1233 4988 1266 5051 S.
1284 4986 1373 5051 Caes.
1392 4987 1516 5066 Majest.
1533 4985 1603 5045 Vm
1630 4984 1742 5045 bellurn

379 5081 489 5160 ingens
522 5087 555 5141 et
583 5079 754 5142 diuturnum
786 5097 853 5140 curn
877 5077 1107 5140 Othomaunicis
1131 5077 1295 5165 Turcarum
1318 5074 1571 5155 Imperatoribus:
1605 5073 1662 5133 hoc
1694 5079 1742 5132 est
