4584 6192
586 636 630 703 68
1001 637 1104 687 Litorae
1121 637 1222 700 Keplen'
1241 636 1392 700 aliorumque
1410 647 1512 686 mutuae

586 814 695 876 Utrum
717 814 810 893 igitur
832 832 935 874 omnes
959 813 1076 874 colores
1095 814 1124 875 in
1145 814 1274 875 materia
1294 812 1378 872 densi
1400 820 1463 873 tam
1487 813 1609 885 diversi,
1634 823 1696 873 tarn
1716 812 1798 873 nulla
1821 811 1938 873 ratione

585 902 708 975 ordinis,
733 901 790 963 nisi
814 902 843 962 in
867 903 934 962 sola
957 902 1123 963 claritate?
1147 901 1180 962 Si
1205 900 1343 962 docueris
1358 920 1395 960 ex
1419 901 1545 981 chymia,
1571 920 1674 962 onmes
1699 903 1815 962 colores
1839 899 1939 962 inesse

585 992 614 1053 iu
634 1009 758 1069 corpore
778 1009 884 1069 aquae,
902 991 981 1062 vitri,
1002 991 1137 1072 crystalli
1158 993 1223 1062 bre,
1242 991 1278 1051 de
1302 998 1403 1051 cetero
1428 991 1507 1051 ratio
1530 990 1667 1051 eliciendi
1691 1001 1722 1051 et
1741 990 1770 1050 iu
1794 1006 1958 1071 papymm·

507 1137 510 1144 .
585 1078 769 1158 exprimendi
792 1078 868 1139 bene
887 1079 952 1157 jam
976 1080 1128 1158 explicata
1152 1079 1311 1139 videbitur.

676 1166 784 1247 Capite
803 1167 858 1228 111.
883 1168 984 1228 videor
1007 1168 1251 1248 catoptrices
1276 1186 1384 1228 causas
1400 1175 1430 1227 et
1449 1165 1596 1245 principia
1614 1166 1690 1227 bene
1710 1167 1836 1227 rimatus
1859 1185 1939 1240 esse,

586 1258 655 1319 dum
678 1255 906 1317 collocationem
927 1256 1066 1335 imaginis
1081 1276 1172 1335 super
1195 1257 1354 1317 latitudine
1372 1256 1456 1315 visus
1481 1255 1647 1316 aedificavi.
1684 1253 1815 1335 Scripsit
1837 1263 1939 1316 tamen

586 1346 625 1407 ad
649 1364 695 1407 me
721 1343 890 1406 Germanus
920 1345 1041 1423 quidam
1064 1345 1268 1425 Brenggerus‚
1295 1344 1414 1404 axioma
1439 1344 1475 1404 de
1503 1343 1631 1422 imagine
1655 1343 1684 1404 in
1716 1345 1838 1408 catheto
1860 1343 1938 1405 inci·

585 1434 706 1494 dentiae
731 1433 760 1493 in
780 1431 863 1493 cavis
886 1434 1017 1513 speculis
1041 1434 1175 1513 insignes
1196 1453 1311 1495 errores
1335 1433 1461 1510 prodere
1493 1433 1593 1512 itaque
1620 1433 1709 1513 plaue
1734 1434 1841 1493 falsum
1870 1450 1940 1493 esse

585 1526 696 1605 (comp.
724 1540 755 1601 p.
786 1516 855 1592 40).
902 1521 1078 1591 Persuasit:
1115 1523 1162 1600 egi
1198 1524 1224 1582 ei
1258 1522 1385 1600 gratias.
1442 1521 1588 1600 Equidem
1628 1522 1683 1582 hoc
1718 1522 1937 1600 ignoraveram,

585 1611 644 1672 etsi
668 1629 735 1671 mea
758 1611 976 1670 demonstratio
1000 1629 1069 1670 sese
1092 1611 1229 1671 extendit
1252 1610 1314 1670 illo.
1353 1610 1420 1670 n'on
1445 1610 1523 1670 enim
1547 1623 1651 1672 teneor
1674 1610 1799 1684 erroris,
1822 1617 1940 1671 tantum

585 1720 618 1759 ro
640 1694 787 1761 nad'btov
811 1697 939 1777 neglexi,
965 1699 1102 1759 nesciens
1127 1700 1198 1759 illud
1223 1699 1260 1759 de
1285 1699 1368 1758 cavis
1392 1698 1532 1776 speculis.

673 1786 782 1866 Capite
815 1786 871 1847 lt'.
905 1806 998 1848 causa
1034 1807 1232 1848 mensurae
1269 1787 1554 1848 refractionum
1592 1786 1663 1847 mihi
1697 1787 1753 1866 ipsi
1790 1804 1939 1866 nunquam

584 1876 746 1948 satisfecit,
771 1875 849 1955 quod
872 1884 905 1936 et
928 1876 1029 1937 fassus
1053 1885 1084 1936 et
1106 1895 1211 1936 omnes
1240 1876 1379 1936 hortatus
1403 1895 1484 1947 sum,
1507 1886 1541 1936 ut
1564 1895 1631 1936 eam
1655 1876 1848 1955 inquirerent.
1895 1874 1940 1936 nr

584 1983 654 2028 sero
678 1964 816 2027 beaveris
839 1973 901 2036 me,
936 1964 984 2025 ubi
1014 1964 1085 2025 mihi
1118 1983 1275 2025 mensuras
1305 1965 1361 2025 has
1384 1964 1413 2024 in
1444 1965 1536 2024 variis
1569 1964 1745 2043 liquidorum
1778 1963 1939 2042 generibus

584 2052 852 2116 communicaveris
876 2051 1042 2114 liberaliter
1065 2062 1097 2113 et
1118 2054 1262 2126 candide,
1289 2052 1434 2132 simulque
1459 2062 1539 2113 tuam
1571 2053 1723 2118 addideris
1747 2050 1939 2126 sententiam,

584 2162 660 2222 quae
684 2143 823 2203 videatur
846 2164 920 2202 κατα
943 2163 1051 2211 aanor
1075 2161 1168 2202 causa
1192 2142 1418 2215 refractionum,
1444 2161 1519 2220 quae
1543 2140 1734 2203 mensurandi
1757 2139 1942 2221 geometrica

583 2232 670 2294 ratio.
709 2231 819 2303 Audio,
844 2237 896 2291 tua
918 2232 1125 2310 experimenta
1149 2228 1168 2290 2
1189 2233 1236 2290 vel
1261 2226 1280 2291 3
1304 2230 1447 2307 gradibus
1471 2251 1490 2290 a
1509 2230 1693 2302 Vitellianis,
1719 2248 1795 2309 quae
1819 2239 1943 2291 secutus

583 2321 647 2400 ipse
670 2338 744 2392 sum,
769 2319 940 2381 dissentire.
988 2320 1093 2399 Itaque
1118 2318 1361 2380 circumstantias
1385 2338 1502 2392 omnes,
1529 2328 1559 2380 et
1583 2320 1746 2380 mediorum
1770 2328 1802 2379 et
1825 2319 1940 2379 instru-

583 2417 759 2482 mentorum,
785 2407 840 2467 abs
866 2418 895 2468 te
919 2417 1056 2485 expecto.

671 2498 717 2559 De
741 2495 863 2557 librae
887 2496 1003 2557 ratione
1027 2493 1127 2558 audivi
1152 2513 1188 2554 ex
1211 2492 1329 2555 Joanne
1354 2493 1514 2568 (Eriksen)
1538 2504 1620 2556 tuam
1645 2494 1836 2557 sententiam.
1880 2493 1940 2556 Vis

582 2586 675 2659 enim,
707 2594 740 2645 ut
770 2584 922 2646 brachium
951 2584 1029 2664 quod
1058 2593 1105 2647 est
1129 2583 1225 2644 levius
1257 2584 1403 2644 ascendat
1437 2584 1534 2663 ipsum
1563 2584 1731 2662 fastigium,
1763 2600 1940 2664 quacunque

581 2674 744 2753 ponderum
759 2673 961 2752 proportione.
992 2674 1068 2735 Fere
1082 2671 1298 2753 persuasisses,
1316 2672 1369 2733 sed
1384 2674 1591 2752 experimenta
1605 2674 1738 2734 obstant.
1774 2672 1940 2734 Librautur

582 2762 705 2823 brachia
727 2781 785 2822 uon
809 2770 926 2823 tantum
949 2763 1135 2843 aequilibria‚
1162 2760 1323 2821 sedetiam
1344 2762 1523 2841 inaequalia,
1549 2770 1582 2822 ut
1605 2762 1690 2822 vides
1715 2761 1744 2822 in
1769 2761 1938 2823 schemate.

1140 2849 1248 2928 ltaque
1267 2869 1324 2911 non
1346 2850 1450 2911 obstat
1473 2851 1663 2912 instrumenti
1688 2849 1855 2930 ineptitudo
1880 2867 1939 2930 quo

1140 2939 1237 2998 minus
1251 2939 1280 2999 A
1296 2938 1325 2998 in
1341 2938 1533 3017 fastigiumD
1548 2939 1690 3001 enitatur.
1714 2939 1794 3000 Nam
1812 2937 1940 3000 libratur

612 3007 713 3120 ll&
855 2983 879 3116 'll
1139 3027 1217 3085 ultro
1241 3027 1374 3106 citroque
1398 3028 1426 3087 in
1452 3027 1528 3089 Bet
1548 3026 1583 3100 C,
1608 3036 1723 3089 etcum
1745 3025 1819 3087 iuB
1844 3035 1937 3099 esset,

636 3141 649 3192 ὁ
855 3155 860 3182 .
1139 3134 1254 3175 rursum
1292 3115 1449 3176 descendit
1489 3116 1529 3176 ad
1567 3118 1595 3177 A
1631 3125 1772 3195 puuctum
1814 3113 1936 3194 quietis.

627 3227 644 3275 c
695 3253 891 3304 -—-—-'⁸³-
904 3281 1098 3294 -„„-„
1139 3202 1244 3281 Itaque
1283 3203 1475 3265 manifestum
1509 3213 1572 3278 est,
1612 3212 1723 3283 quanto
1758 3201 1856 3264 minus
1889 3209 1938 3265 est

623 3278 694 3404 [—
877 3292 1035 3368 “isse-x.
1135 3291 1251 3369 pondus
1277 3292 1383 3361 altero,
1409 3302 1495 3354 tanto
1520 3293 1672 3355 fortiorem
1696 3310 1764 3353 esse
1787 3292 1881 3353 situm
1903 3293 1935 3354 A

608 3403 627 3478 op
935 3369 1014 3462 *χ
1052 3307 1102 3460 Pgl
1135 3378 1195 3440 situ
1218 3378 1265 3450 Ε,
1299 3381 1400 3460 itaque
1438 3383 1660 3461 proportionem
1695 3398 1871 3442 conversam
1901 3389 1934 3444 ct

617 3481 630 3515 ὁ
1028 3478 1089 3552 “-q,
1136 3467 1283 3528 rationem
1299 3488 1367 3529 esse
1388 3478 1532 3533 staterae.
1570 3473 1615 3531 At
1632 3480 1664 3530 ut
1684 3488 1740 3548 ego
1759 3487 1933 3531 accommo-

1069 3555 1092 3610 r⁰
1134 3555 1204 3616 davi
1233 3558 1261 3617 in
1286 3554 1422 3636 Opticis,
1453 3560 1598 3620 refutavit
1626 3578 1672 3619 me
1700 3557 1836 3618 loannes
1866 3558 1930 3620 suis

1138 3645 1361 3722 experimentis.
1409 3648 1515 3728 ltaque
1546 3666 1603 3727 quo
1634 3666 1681 3708 me
1712 3655 1842 3716 vertam,
1875 3662 1935 3726 qua

576 3727 657 3788 linea
684 3729 788 3807 (quam
818 3728 896 3790 situs
929 3728 993 3807 ipse
1024 3732 1139 3809 pariat)
1178 3733 1286 3793 metiar
1320 3734 1525 3797 fortitudinem
1557 3736 1634 3797 situs
1662 3736 1692 3796 A
1721 3745 1752 3796 et
1774 3733 1818 3808 Ε,
1842 3736 1933 3814 plane

575 3816 686 3879 nescio.
733 3817 808 3879 Mihi
831 3817 861 3879 in
886 3817 1152 3896 experimentando
1175 3822 1302 3897 suffecit,
1333 3825 1448 3885 eminus
1477 3825 1611 3886 alludere
1634 3824 1768 3903 pondera
1791 3824 1831 3885 ad
1854 3825 1932 3886 hanc

574 3923 764 3979 mensuram
787 3917 891 3967 cetera
914 3908 1102 3970 instrumenti
1127 3910 1201 3971 vitio
1226 3911 1327 3973 tribui.

662 3994 764 4057 Audio
788 3995 843 4056 tibi
872 3997 982 4056 malum
1006 4016 1044 4058 ex
1072 3999 1283 4077 astrologia
1314 4001 1484 4061 conflatum.
1531 3999 1684 4075 Obsecro,
1713 4020 1750 4061 an
1780 4007 1812 4062 tu
1841 4008 1932 4080 putas

574 4082 695 4161 dignam
720 4102 798 4157 esse,
824 4084 909 4162 cujus
924 4104 1018 4146 causa
1040 4086 1116 4147 talia
1131 4088 1193 4148 siut
1214 4088 1362 4149 ferenda?
1384 4088 1452 4167 Ego
1471 4090 1537 4168 jam
1557 4089 1734 4151 adeceunio
1753 4088 1932 4150 divisionem

572 4171 603 4232 io
627 4169 666 4232 12
691 4172 840 4251 aequalia,
865 4173 981 4247 domus,
1007 4174 1236 4250 dominationes,
1262 4177 1458 4256 triplicitates
1478 4179 1531 4240 tic.
1557 4179 1657 4239 omnia
1671 4176 1784 4257 rejicio,
1803 4175 1932 4240 retentis

575 4259 649 4320 solis
672 4262 846 4339 aspectibus
871 4270 903 4323 et
926 4262 1067 4324 traducta
1091 4265 1257 4344 astrologia
1281 4266 1319 4326 ad
1344 4265 1509 4327 doctrinam
1540 4266 1754 4329 harmonicam.
1801 4265 1931 4328 Videbis

573 4365 671 4408 meam
686 4350 869 4411 sententiam
883 4369 920 4411 ex
935 4353 1088 4430 opusculo,
1113 4354 1167 4414 De
1191 4352 1320 4415 Stella
1343 4354 1460 4427 Nova,
1487 4357 1564 4435 qnod
1580 4356 1646 4435 jam
1665 4355 1776 4435 prodiit
1791 4354 1932 4416 Franlro-

572 4436 662 4497 furto.
700 4437 745 4498 Eo
766 4438 845 4499 lecto
864 4456 975 4517 quaeso
990 4448 1073 4501 tuam
1093 4444 1275 4502 sententiam
1294 4443 1502 4505 communices.
1540 4444 1609 4505 Etsi
1629 4444 1748 4525 quidem
1768 4442 1931 4506 veritatem

572 4532 696 4602 propter
710 4543 742 4586 se
754 4526 880 4588 defendo
892 4528 920 4589 in
933 4528 1041 4590 nullius
1056 4530 1196 4607 gratiam,
1212 4538 1286 4608 puto
1297 4539 1398 4591 tamen
1409 4550 1466 4592 non
1478 4533 1648 4594 habiturum
1658 4551 1759 4610 regem
1769 4531 1931 4606 Jacobum,

572 4612 651 4691 quod
674 4613 798 4675 damnet
815 4615 845 4676 iu
864 4616 911 4689 iis,
937 4636 1012 4696 quae
1030 4637 1086 4696 ego
1107 4617 1232 4691 retineo,
1257 4618 1404 4698 siquidem
1426 4620 1534 4701 aliquis
1555 4622 1683 4683 fideliter
1702 4620 1761 4700 ipsi
1781 4618 1931 4684 retulerit.

661 4699 730 4771 Qua
752 4702 803 4763 via
825 4715 948 4765 motus
971 4705 1208 4784 planetarum
1233 4707 1450 4780 demonstrem,
1476 4710 1582 4789 opinor
1611 4710 1725 4771 dixisse
1751 4709 1806 4771 tibi
1830 4709 1931 4772 Joan-

571 4807 648 4850 nem.
687 4791 825 4870 Longum
849 4802 897 4853 est
920 4792 968 4854 hic
992 4794 1065 4854 illud
1089 4794 1243 4873 negotium
1268 4806 1403 4875 tangere.
1436 4796 1536 4877 Rogo.
1560 4800 1586 4859 si
1610 4798 1736 4878 quidde
1760 4798 1817 4859 huo
1840 4797 1931 4860 inau-

571 4878 654 4951 disti,
678 4888 710 4939 et
723 4879 770 4941 hic
785 4888 868 4942 tuam
888 4881 1072 4942 seutentiam
1088 4883 1191 4944 dicas:
1217 4884 1353 4947 nimirum
1372 4886 1408 4946 de
1427 4887 1503 4947 meis
1524 4888 1714 4966 magnetibus
1734 4886 1929 4949 coelestibus.

665 4968 744 5029 Dum
768 4968 843 5028 haec
867 4968 1033 5047 interpono,
1059 4969 1178 5043 incidit,
1204 4973 1273 5051 quid
1297 4975 1367 5034 olim
1391 4974 1462 5035 mihi
1484 4974 1735 5056 experimentauti
1758 4975 1787 5036 in
1813 4973 1930 5038 ratione

571 5052 692 5114 librae
725 5056 878 5118 acciderit.
950 5056 1025 5118 Cum
1059 5060 1169 5120 scirem
1202 5059 1325 5123 brachia
1363 5063 1473 5125 addere
1506 5064 1687 5143 ponderibus
1719 5063 1930 5145 inaequalibus

571 5142 710 5221 aequalia
732 5155 764 5206 et
788 5144 831 5205 sic
855 5146 977 5208 turbare
1000 5147 1234 5227 proportionem,
1258 5169 1350 5230 opera
1369 5152 1534 5214 mechanici
1557 5151 1748 5214 subtilissimi
1772 5150 1929 5217 construxi
