4584 6192
901 603 1013 668 epuan
1030 596 1203 655 nutemus.
1347 545 1349 548 .
1672 593 1735 668 {23

376 778 503 853 lumine,
542 779 604 841 situ
627 786 659 840 et
681 786 764 842 motu
788 780 930 854 siderum,
955 779 1042 860 *quae
1066 780 1216 860 capitibus
1239 781 1294 853 VI,
1319 780 1374 856 lX,
1399 779 1430 841 X
1453 799 1518 842 snm
1545 788 1735 859 persecutus.

377 867 460 930 Nam
484 876 518 927 et
541 876 660 929 sextum
683 876 715 929 et
737 887 846 931 nonum
871 870 1053 931 famulantur
1075 869 1230 931 undecimo
1238 888 1246 941 ;
1270 869 1343 930 illud
1368 870 1405 929 ad
1422 870 1641 931 aestimandam
1666 870 1736 931 dia-

378 964 509 1017 metrum
535 955 655 1028 Lunae,
679 955 735 1018 hoc
759 958 797 1018 ad
822 958 975 1019 mirabiles
999 958 1205 1038 apparitiones
1228 957 1384 1036 eclipsium
1407 965 1439 1018 et
1461 958 1642 1019 mutationes
1665 960 1736 1038 pla-

378 1063 484 1125 garum
507 1043 701 1123 παρασοξονς
724 1048 824 1125 optiee
848 1046 1106 1109 demonstrandas.
1146 1044 1234 1117 Quae
1259 1046 1351 1125 igitur
1366 1046 1403 1106 de
1418 1045 1464 1107 his
1487 1046 1616 1107 residuis
1639 1047 1736 1108 tribus

378 1132 513 1194 siderum
538 1134 694 1194 attributis
727 1135 805 1213 apud
839 1136 914 1197 alios
948 1136 1059 1215 reperi,
1094 1155 1131 1195 ea
1164 1146 1307 1215 quantum
1339 1135 1533 1212 patiebantur
1558 1135 1736 1213 amplificavi

379 1222 534 1300 multoque
558 1222 691 1284 limatius
714 1225 866 1303 proposui.
912 1223 1053 1301 Inprimis
1085 1225 1186 1302 capite
1209 1223 1263 1283 IX.
1297 1223 1465 1283 doctrinam
1499 1222 1537 1283 de
1566 1224 1737 1304 parallaxi·

379 1311 449 1383 bus,
476 1328 555 1388 quae
578 1311 645 1370 sola
668 1314 761 1373 totius
786 1315 988 1373 astronomiae
1005 1314 1092 1391 longe
1112 1321 1161 1372 est
1175 1312 1350 1372 difficillima
1364 1319 1397 1371 et
1411 1311 1635 1386 molestissima,
1660 1313 1737 1372 bane

380 1400 502 1477 iuquam
527 1399 713 1477 compendiis
737 1401 837 1480 adjuvi
863 1401 1014 1461 facillimis
1038 1402 1139 1480 itaque
1164 1400 1289 1472 excolui,
1315 1406 1349 1460 nt
1367 1417 1441 1477 pene
1466 1417 1544 1459 nova
1558 1400 1657 1478 possit
1679 1401 1736 1459 lra-

381 1487 442 1548 beri
467 1504 637 1565 novamque
660 1489 888 1566 parallactieam
912 1489 1040 1562 condidi,
1066 1508 1141 1568 quae
1167 1488 1285 1567 quidem
1309 1489 1347 1547 ab
1371 1489 1428 1548 hac
1452 1488 1518 1566 ipsa
1541 1489 1737 1565 parallaxeon

383 1573 523 1635 doctrina
547 1592 654 1635 nomen
678 1575 785 1650 habet,
819 1578 872 1637 sed
906 1579 989 1656 cnjus
1022 1578 1200 1639 latissimum
1233 1584 1265 1636 et
1287 1577 1377 1654 plane
1407 1576 1738 1655 compendiosissimam

384 1682 468 1725 usum
492 1662 523 1723 in
548 1671 616 1724 tota
639 1665 755 1744 reliqua
778 1667 915 1727 doctrina
938 1666 1134 1727 secundorum
1150 1663 1303 1726 mobilium
1326 1682 1380 1724 suo
1403 1672 1551 1744 tempore,
1576 1665 1642 1725 Deo
1664 1682 1737 1745 per-

385 1753 539 1827 mittente,
565 1753 758 1831 patefaciam.

471 1840 539 1901 Hoc
563 1840 666 1920 itaque
691 1842 829 1922 quiequid
853 1848 902 1901 est
925 1841 1037 1903 laboris
1059 1842 1090 1902 in
1114 1841 1265 1920 publicum
1280 1840 1336 1901 boc
1356 1849 1489 1922 tempore
1513 1842 1596 1915 dedi,
1621 1849 1653 1904 ut
1669 1842 1739 1921 qnia

384 1928 528 2007 neglecta
546 1930 632 2008 jacet
655 1930 731 1992 haec
753 1929 954 2010 pulcherrima
977 1930 1123 2004 seientia,
1149 1929 1328 1992 suscitarem
1343 1930 1460 2008 aliquos
1475 1949 1513 1990 ex
1527 1931 1584 1991 hoc
1599 1931 1737 1992 diuturno

385 2035 489 2078 somno
519 2017 560 2078 ad
591 2036 658 2080 eam
688 2019 929 2099 amplectandam
954 2018 1050 2099 adque
1074 2018 1130 2078 hoe
1156 2019 1240 2098 quasi
1257 2036 1363 2079 novum
1388 2018 1495 2079 fretum
1515 2037 1581 2080 curn
1604 2018 1738 2080 utilitate

386 2105 600 2183 navigandum,
626 2108 705 2186 qnod
730 2126 785 2186 ego
809 2126 876 2169 enrn
889 2106 1022 2188 periculo
1036 2114 1068 2168 et
1091 2107 1248 2187 dispendio
1264 2107 1366 2167 forsan
1382 2106 1481 2186 aliquo
1496 2106 1611 2186 primns
1625 2107 1737 2186 aperui,

387 2211 490 2273 nempe
515 2195 555 2254 ad
579 2195 687 2270 nodos,
713 2197 743 2257 in
768 2196 873 2275 quibus
898 2195 1062 2268 desudavi,
1087 2196 1114 2256 si
1139 2195 1209 2275 quid
1234 2194 1365 2255 fortasse
1381 2194 1604 2270 desiderabunt,
1630 2197 1738 2257 dextess

389 2281 446 2343 rins
468 2282 681 2361 explicandos,
707 2303 744 2345 ea
768 2303 853 2358 vero,
879 2303 954 2363 quae
978 2292 1130 2362 procerte
1146 2284 1250 2358 attuli,
1276 2283 1480 2362 dijudicanda:
1506 2284 1665 2345 dummodo
1680 2302 1739 2344 non

389 2369 492 2444 illotis,
524 2371 603 2450 quod
636 2372 736 2450 ajunt,
771 2373 907 2434 manibus
931 2373 960 2432 in
985 2373 1060 2432 haee
1083 2372 1236 2451 Apollinis
1259 2371 1421 2450 purissima
1450 2389 1540 2433 sacra
1569 2372 1739 2434 involantes

391 2476 446 2519 rem
469 2459 583 2520 viribus
608 2469 641 2520 et
663 2470 754 2539 captu
778 2481 830 2522 suo
854 2461 999 2539 majorem
1022 2471 1136 2522 temere
1162 2461 1274 2521 fuerint
1298 2460 1446 2539 aggressi.

471 2548 516 2610 Ut
540 2566 613 2608 vero
638 2547 714 2610 huuc
738 2568 835 2610 meum
865 2550 1001 2611 libellum
1024 2550 1053 2610 in
1078 2555 1272 2627 conspectum
1296 2547 1329 2611 S.
1355 2546 1391 2611 O.
1411 2548 1478 2610 Μῑί·
1497 2549 1579 2609 Tuae
1604 2548 1739 2610 adduae-

395 2653 448 2696 rem
470 2653 596 2715 eumque
615 2636 670 2697 sub
695 2636 780 2716 hujus
796 2639 915 2717 augusti
939 2637 1069 2698 nominis
1086 2637 1212 2698 tutelam
1227 2638 1475 2711 commendarem,
1501 2637 1601 2698 omnia
1623 2656 1741 2698 summa

396 2723 554 2784 suadebant
578 2724 692 2797 officia;
725 2734 759 2786 ut
789 2728 858 2806 quia
881 2727 938 2787 boc
966 2733 1101 2803 tempore
1124 2726 1276 2804 Majestas
1300 2725 1366 2785 Tua
1394 2726 1472 2786 bello
1497 2734 1601 2786 contra
1625 2726 1739 2787 Turcaa

398 2812 515 2872 omniurn
544 2812 676 2873 maximo
700 2823 732 2874 et
763 2814 1004 2876 sumtuosissimo
1033 2813 1172 2874 districta
1200 2832 1258 2874 non
1283 2814 1581 2874 tamen-indonatam
1601 2823 1740 2893 praeter·

399 2900 480 2962 mittit
504 2902 737 2975 astronomiam,
762 2922 867 2983 meque
883 2901 1074 2984 Tychonicae
1089 2902 1291 2963 astronomiae
1311 2902 1451 2963 devotum
1476 2901 1593 2963 liberali
1617 2902 1738 2975 salario,

335 3015 341 3021 ·
401 2988 471 3065 eujus
493 3008 549 3067 ope
572 2989 635 3050 ista
649 2990 776 3068 perfeci,
802 2990 946 3053 hactenns
971 3000 1139 3051 sustentat:
1165 3008 1221 3069 ego
1250 2989 1383 3050 vicissim
1411 3010 1595 3069 quacumque
1618 3008 1741 3069 possem

402 3076 504 3138 ratione
526 3078 744 3157 gratitudinem
768 3099 882 3153 meam,
916 3080 976 3140 imo
1007 3088 1038 3141 et
1063 3079 1265 3158 justissimum
1297 3079 1472 3158 obsequium
1496 3079 1685 3140 ostenderem
1709 3087 1741 3139 et

404 3164 501 3243 regiam
524 3165 602 3227 banc
634 3166 663 3226 in
694 3168 835 3229 liberales
860 3176 941 3231 artes
966 3167 1155 3229 affectionem
1188 3185 1348 3227 venerarer
1370 3185 1482 3246 proque
1506 3186 1574 3228 mea
1598 3167 1678 3228 virili
1702 3166 1743 3227 ad

405 3254 599 3327 posteritatem
630 3257 885 3326 commendarem,
918 3265 1097 3335 praesentes
1127 3275 1198 3316 vero
1231 3273 1285 3334 per
1315 3274 1362 3316 me
1386 3274 1501 3336 quoque
1526 3256 1740 3333 intelligerent,

407 3341 469 3417 qnod
489 3342 585 3404 latere
609 3352 714 3422 potest
737 3345 898 3419 nemiuem,
928 3345 1033 3424 quanti
1057 3344 1112 3405 has
1136 3344 1221 3423 pacis
1245 3351 1328 3404 artes
1351 3342 1502 3422 Majestas
1527 3345 1594 3406 Tua
1617 3345 1741 3415 faceret,

407 3443 500 3505 quasve
522 3431 552 3491 in
577 3431 634 3492 hoc
658 3432 797 3493 diuturno
821 3433 900 3493 bello
924 3434 961 3493 de
985 3433 1051 3512 ejus
1075 3432 1201 3512 denique
1223 3430 1382 3511 triumphis
1410 3442 1442 3493 et
1465 3439 1645 3513 recuperata
1667 3452 1742 3513 pace

409 3531 463 3592 opes
484 3518 583 3580 fovere
608 3519 750 3582 debeant.

479 3604 615 3677 Quodsi
639 3608 710 3686 quid
734 3616 783 3669 est
805 3607 926 3687 insuper
949 3607 979 3668 in
1003 3605 1059 3667 hoa
1084 3625 1184 3688 opere,
1209 3607 1286 3687 quod
1301 3607 1373 3669 mihi
1396 3606 1534 3669 fiduciam
1549 3607 1660 3668 addere
1685 3609 1741 3669 de-

410 3688 466 3754 beat
485 3714 585 3758 coram
608 3696 776 3774 Majestate
801 3697 865 3757 Tua
889 3695 1041 3775 loquendi,
1076 3696 1132 3756 hoe
1159 3697 1296 3774 profecto
1325 3705 1386 3768 est,
1421 3696 1500 3775 quod
1531 3697 1688 3758 immanem
1712 3703 1743 3757 et

410 3775 543 3845 insuavem
566 3784 701 3845 laborem
724 3784 811 3847 hausi
835 3784 864 3845 in
894 3784 1086 3845 enucleandis
1120 3784 1255 3845 materiis
1289 3791 1337 3845 tot
1361 3783 1427 3862 jam
1459 3785 1563 3845 secula
1585 3783 1741 3863 neglectis,

411 3865 485 3948 iisqne
515 3872 625 3948 variis,
659 3874 696 3934 de
731 3873 837 3954 quibus
871 3873 920 3933 alii
936 3873 1076 3953 ,singulis
1107 3872 1241 3951 singulos
1269 3872 1361 3933 libros
1390 3871 1574 3953 totidemque
1597 3880 1742 3951 patronos
1824 3878 1829 3886 '

410 3961 615 4022 constituerint:
647 3980 742 4042 neque
768 3961 897 4023 animum
921 3960 1040 4040 explevi
1064 3960 1319 4040 speculationibus
1348 3960 1531 4039 geometriae
1555 3960 1740 4036 abstractae,
1807 3998 1809 4002 -

325 4095 329 4102 .
410 4044 513 4121 picturis
535 4050 664 4123 scilicet,
689 4074 735 4111 και
751 4071 807 4111 aar
826 4049 918 4111 ὄντων
932 4073 980 4111 και
999 4070 1040 4127 μη
1054 4048 1155 4124 ὄντων,
1180 4049 1209 4109 in
1235 4049 1341 4128 quibus
1359 4068 1435 4128 pene
1450 4048 1524 4110 solis
1546 4048 1635 4109 hodie
1659 4049 1741 4111 cele·

410 4129 508 4198 bonni
529 4146 753 4217 geometrarum
777 4146 910 4200 aetatem
934 4138 1120 4217 transigunt:
1146 4138 1200 4199 sed
1215 4138 1411 4217 geometriam
1430 4155 1484 4217 per
1507 4138 1574 4216 ipsa
1597 4156 1744 4217 expressa

409 4225 490 4285 nundi
510 4244 655 4305 corpora,
681 4225 838 4290 Creatoris
861 4227 993 4307 vestigia
1008 4245 1074 4287 cum
1097 4226 1205 4287 sudore
1220 4233 1253 4286 et
1271 4225 1405 4288 anhelitu
1428 4234 1563 4300 secutus,
1588 4227 1742 4307 indagavi.

408 4307 524 4395 lienique
548 4315 628 4395 quod
652 4334 717 4376 cnm
741 4316 816 4377 haee
840 4323 904 4376 tom
928 4335 1004 4396 qnae
1027 4316 1114 4393 plura
1136 4314 1305 4394 hujusmodi
1339 4315 1501 4375 etiamnum
1525 4315 1580 4376 snb
1605 4316 1743 4377 manibus

407 4395 499 4476 habeo,
523 4403 645 4483 suscepi
669 4405 708 4465 ad
732 4404 898 4467 ornandam
921 4403 1139 4484 professionem
1156 4422 1268 4476 meam,
1293 4421 1381 4481 quarn
1405 4402 1551 4465 hactenus
1565 4403 1743 4483 Majestatis

406 4485 473 4551 'ibae
490 4491 580 4570 jaesu
603 4500 636 4555 et
659 4493 821 4573 stipendiis
845 4512 969 4572 sequor,
995 4510 1060 4554 cnm
1084 4490 1243 4571 dispendio
1267 4509 1325 4552 non
1340 4497 1457 4552 tanturn
1472 4491 1663 4565 valetudinis,
1689 4492 1743 4552 sed

405 4578 553 4642 stadiorum
579 4582 672 4644 etiam
696 4583 838 4654 aliorum,
869 4582 975 4660 quibus
999 4599 1084 4641 meae
1108 4588 1266 4655 senectae,
1292 4579 1317 4640 si
1342 4598 1401 4659 qua
1424 4581 1525 4641 futura
1549 4587 1613 4654 est,
1638 4588 1671 4639 et
1694 4580 1742 4639 fa·

403 4665 490 4729 miliae
511 4670 696 4748 praesidium
719 4688 896 4749 comparare
921 4677 953 4729 et
974 4676 1112 4748 poteram
1127 4675 1159 4730 et
1173 4668 1336 4730 amicorum
1350 4667 1466 4747 judicio
1480 4667 1571 4747 plane
1585 4666 1741 4728 debebam.

402 4750 462 4823 Qoa
482 4776 518 4819 ex
541 4777 574 4819 re
598 4759 719 4839 siquid
744 4760 853 4819 adme
877 4757 1024 4819 redundat
1047 4756 1245 4830 incommodi,
1278 4755 1308 4816 id
1336 4774 1421 4817 omne
1450 4755 1521 4818 mihi
1552 4755 1618 4816 leve
1642 4754 1743 4816 reddit

400 4849 429 4903 et
441 4844 605 4923 jucundum
628 4867 687 4909 una
710 4848 785 4908 haec
810 4845 927 4908 bomine
943 4843 1096 4907 Germano
1118 4845 1211 4925 digna
1234 4843 1395 4923 cogitatio:
1419 4845 1498 4923 quod
1521 4843 1676 4923 pulchrum
1700 4842 1743 4905 sit

399 4930 426 4992 ln
445 4934 522 4995 tanti
543 4935 690 5015 principis
714 4943 778 4998 tam
802 4935 937 4997 honestis
961 4933 1112 5013 obsequiis
1136 4934 1230 4995 etiarn
1253 4933 1328 4994 mori
1351 4951 1445 5012 neque
1464 4931 1513 4992 hic
1528 4930 1607 4992 vinci
1630 4931 1741 5018 'virtuto

396 5020 591 5097 amilitibns,
617 5024 671 5085 sed
693 5043 799 5086 munus
830 5023 1042 5084 demandatum
1069 5041 1125 5083 eeu
1149 5023 1308 5084 castellum
1340 5020 1500 5100 quodpiam
1523 5026 1644 5081 strenue
1667 5037 1741 5099 pro-

391 5125 533 5189 pugnare.
579 5108 679 5182 Quam
701 5131 801 5175 meam
824 5109 1079 5190 subjectissimam
1101 5108 1290 5187 affectionem
1313 5109 1340 5171 si
1354 5108 1504 5188 Majestas
1519 5107 1585 5171 Tua
1606 5108 1741 5171 elemen-
