4584 6192
447 641 453 648 .
481 659 485 666 ,
586 597 653 668 sqq
1064 603 1105 656 n.
1123 601 1291 656 semum
1308 601 1459 669 ιηωωιι

583 779 708 845 Boeotii
735 780 963 856 interfectores,
995 780 1045 841 vel
1072 782 1235 858 Jasonem,
1264 780 1316 863 qni
1339 780 1504 845 Colchidos
1533 781 1693 844 draconem
1723 780 1857 864 sopivit,
1890 781 1939 844 vel

583 871 752 946 Aesacum,
781 871 909 951 Egeries
931 869 1081 953 nymphae
1103 889 1207 933 necem
1229 871 1260 933 in
1284 878 1423 952 serpente
1445 870 1657 946 ulciscentem,
1687 870 1736 933 rel
1760 877 1854 954 quam
1874 872 1938 952 ipse

584 958 659 1022 dicit
680 961 860 1043 Eurydicen.
904 961 951 1023 At
972 958 1089 1041 quidsi
1113 960 1257 1023 Lesbium
1279 960 1364 1023 illum
1386 961 1547 1023 draconem
1569 961 1693 1036 dixeris,
1716 980 1736 1022 a
1756 961 1939 1025 Phoehnrin

584 1067 692 1113 uxum
714 1068 906 1125 conversum,
936 1050 1021 1112 illum
1050 1049 1101 1130 qni
1130 1058 1222 1132 caput
1244 1050 1359 1132 Orphei
1390 1050 1488 1113 rosit?
1534 1049 1642 1114 Cernis
1664 1058 1699 1113 ut
1720 1052 1837 1114 reflexo
1860 1051 1938 1114 collo

584 1137 818 1214 storonam,
851 1145 884 1200 et
904 1157 981 1219 quae
1012 1137 1091 1200 hanc
1122 1159 1183 1201 non
1206 1138 1296 1221 longo
1327 1140 1487 1202 intervallo
1516 1140 1652 1221 seqnitur
1674 1141 1791 1223 Orphei
1814 1142 1938 1224 Lyram,

582 1226 747 1292 etiamnum
769 1229 801 1291 iu
817 1227 939 1293 Oorona
961 1236 1053 1309 ceput
1074 1228 1200 1310 Orphei,
1224 1229 1275 1311 qui
1299 1229 1383 1312 lyrae
1399 1229 1537 1292 dominns
1561 1237 1636 1306 erat,
1659 1249 1807 1312 quaerere
1830 1231 1938 1293 ridea-

581 1319 652 1381 tur?
695 1318 751 1383 Sin
772 1317 830 1380 hoc
851 1318 950 1380 minus
971 1317 1082 1399 placet,
1104 1318 1283 1381 Aristaeum
1305 1319 1337 1382 in
1359 1318 1555 1399 Serpentmio
1577 1319 1745 1399 agnoscito,
1768 1320 1939 1385 Ptoteain

583 1403 749 1489 Serpentes:
770 1415 807 1471 ut
829 1407 929 1469 luctae
951 1426 1045 1469 causa
1067 1416 1181 1488 pateat

668 1499 715 1561 At
735 1496 810 1560 nihil
829 1497 1084 1560 accommodatius
1099 1497 1274 1560 Laocoonte
1291 1496 1473 1576 Virgiliano,
1496 1516 1584 1580 quem
1599 1506 1756 1579 serpentes
1782 1498 1822 1561 ab
1847 1499 1938 1562 exitio

580 1585 708 1650 liliorum
730 1594 918 1658 avertentem

845 1712 1003 1784 Corripiunt
1022 1711 1158 1784 spirisque
1179 1712 1273 1786 ligant
1291 1710 1468 1784 ingentibus:
1490 1718 1520 1767 et
1535 1712 1597 1781 jam

843 1793 892 1848 Bis
912 1792 1029 1847 medinm
1050 1792 1182 1864 amplexi,
1204 1792 1246 1846 bis
1268 1793 1340 1847 collo
1361 1809 1494 1866 squamea
1514 1794 1615 1851 circum

846 1873 940 1946 Terga
959 1873 1019 1928 dati
1039 1879 1174 1945 superant
1194 1872 1287 1945 eapite
1309 1880 1338 1927 et
1358 1874 1509 1928 cerrierlsns
1530 1875 1605 1942 ultis,

844 1954 897 2009 1110
917 1954 998 2009 simul
1017 1954 1143 2009 manibus
1164 1960 1258 2009 tentat
1277 1953 1409 2008 divellere
1429 1956 1522 2011 nodos.

669 2086 800 2161 Frustra
821 2085 941 2166 quidem
969 2086 1078 2149 omnia.
1123 2085 1217 2149 Nulla
1244 2086 1347 2149 sabula
1373 2087 1513 2167 quadrat.
1557 2086 1687 2150 Refntat
1709 2087 1863 2154 Manilius
1886 2109 1939 2153 uno

578 2192 687 2238 veron:

843 2259 957 2353 Semper
976 2281 1031 2338 erit
1050 2281 1165 2353 paribus
1186 2282 1307 2337 bellum:
1328 2281 1395 2354 qnia
1414 2282 1518 2338 ririhns
1539 2292 1669 2355 aequant

667 2386 781 2451 Omnes
803 2407 876 2450 vero
897 2388 1044 2450 haetenus
1064 2388 1289 2450 commemorati
1311 2395 1366 2449 aut
1387 2388 1522 2450 vicerunt
1544 2396 1597 2451 aut
1618 2389 1691 2452 victi
1715 2399 1799 2455 sunt

666 2478 754 2540 Nunc
776 2498 797 2539 a
818 2475 942 2540 ludicris
965 2477 1004 2539 ad
1028 2477 1171 2552 calculos,
1196 2497 1215 2538 a
1237 2476 1337 2558 poetis
1360 2477 1400 2539 ad
1414 2477 1643 2542 mathematicos
1660 2481 1836 2546 veniamus.
1875 2484 1935 2546 Nu·

577 2566 710 2630 nuent
731 2567 926 2630 Ptolemaeus
952 2585 1019 2629 eum
1041 2566 1217 2648 Hipparcho
1248 2565 1356 2629 stellas
1379 2561 1421 2629 47
1452 2568 1482 2630 in
1506 2568 1699 2650 Serpentario
1733 2580 1767 2634 et
1788 2573 1934 2655 serpente

577 2662 611 2719 et
632 2653 754 2731 drcum,
777 2656 808 2718 in
831 2656 998 2737 Scorpione
1021 2652 1074 2731 24,
1098 2656 1130 2718 in
1153 2656 1320 2735 Sagittario
1344 2654 1396 2719 31.
1434 2657 1586 2720 Braheum
1609 2659 1760 2739 sphaerae
1777 2662 1933 2727 declivitas

578 2752 611 2809 ot
633 2753 687 2810 aer
708 2744 876 2809 horizontis
899 2764 1023 2808 crassus
1045 2745 1212 2826 impedivit,
1235 2751 1269 2807 ut
1291 2762 1349 2807 non
1372 2744 1474 2826 plures
1497 2765 1585 2828 qnam
1606 2748 1669 2810 illio
1693 2746 1749 2823 26,
1772 2751 1828 2813 hic
1848 2750 1888 2815 10
1907 2756 1933 2811 et

581 2831 622 2898 13
644 2854 766 2898 mensas
789 2836 853 2898 suis
875 2834 1083 2898 instrumentis
1108 2834 1246 2896 ediderit.
1292 2835 1428 2916 Bayerus
1451 2837 1675 2900 oculatissimus
1698 2838 1773 2916 init,
1799 2841 1866 2904 illic
1886 2835 1932 2914 67,

577 2925 628 2988 hic
651 2923 693 2990 29
717 2922 815 2989 0:132
846 2926 973 2988 notavit
1019 2923 1097 2987 Mihi
1126 2924 1268 2986 voluntas
1299 2943 1450 3005 nunquam
1480 2926 1578 2988 defuit
1606 2927 1768 3009 supplendi
1801 2931 1931 2993 deiectus

577 3015 670 3077 hosce
693 3014 724 3077 in
738 3015 869 3090 Braheo,
893 3022 1036 3097 quantum
1053 3013 1117 3095 poli
1132 3013 1297 3093 Pragensis
1313 3013 1442 3075 altitudo
1463 3022 1632 3096 pateretnr;
1656 3023 1690 3079 at
1707 3019 1846 3083 facultas
1867 3038 1930 3101 por·

578 3123 668 3187 ιιιιιιιι
690 3104 799 3167 tenuis.
836 3105 916 3167 Nam
930 3112 961 3166 et
975 3122 1052 3185 pene
1069 3104 1153 3165 solus
1176 3110 1208 3164 et
1228 3102 1330 3164 hebeti
1353 3103 1420 3165 visu
1444 3123 1525 3167 sum:
1551 3105 1691 3168 stellulae
1715 3127 1793 3172 vero
1815 3127 1929 3192 parvae

577 3193 729 3258 horizonti
758 3193 876 3256 vicinae
907 3201 938 3254 et
965 3193 995 3255 in
1027 3192 1188 3274 splendore
1217 3192 1285 3253 viae
1308 3190 1441 3254 lacteae:
1474 3202 1507 3255 et
1528 3195 1697 3258 Braheanis
1726 3198 1930 3262 instrumentis

578 3301 683 3359 careo,
715 3302 772 3345 nec
795 3283 912 3345 eoelum
934 3282 965 3343 in
987 3281 1135 3345 Bohemia
1157 3280 1261 3342 crebro
1286 3287 1335 3342 est
1363 3282 1402 3342 ad
1424 3290 1536 3345 votum.
1582 3285 1688 3367 ltaque
1711 3288 1766 3350 vix
1790 3289 1879 3352 unius
1899 3304 1932 3348 ex

578 3372 700 3437 omissis
719 3373 805 3453 justa
827 3370 995 3435 invenietur
1011 3370 1200 3446 observati03
1222 3369 1406 3451 reliquarum
1429 3372 1537 3434 seriem
1556 3374 1787 3440 culminantium
1811 3386 1844 3441 et
1865 3376 1930 3440 alti·

577 3463 698 3526 tudines
720 3462 920 3537 meridianas,
945 3469 1088 3542 quantum
1115 3460 1182 3522 visu
1206 3460 1289 3540 potui
1313 3462 1472 3541 consequi,
1503 3465 1662 3526 annotavi:
1694 3469 1885 3546 quarundam
1905 3472 1931 3526 et

578 3553 648 3615 loca
669 3551 865 3614 determinavi
890 3568 1053 3630 congressu
1077 3549 1187 3611 stellae
1206 3549 1327 3624 Martis,
1351 3550 1436 3630 cujus
1451 3552 1599 3615 calculum
1612 3553 1710 3616 habeo
1725 3555 1930 3640 exquisitissi-

578 3661 667 3706 mum.
713 3643 749 3704 In
778 3641 930 3723 plerisque
955 3639 1037 3720 Juvit
1064 3657 1112 3701 me
1141 3638 1316 3700 mechanica
1346 3646 1377 3700 et
1407 3642 1562 3704 annotatio
1593 3653 1744 3708 rectarum
1769 3646 1930 3719 linearum

578 3732 697 3816 quoties
716 3739 820 3794 ternae
836 3730 944 3793 stellae
967 3728 999 3790 in
1013 3748 1104 3791 unam
1121 3736 1236 3790 rectam
1252 3737 1305 3790 aut
1325 3728 1461 3808 proxime
1478 3751 1566 3794 unam
1581 3733 1805 3816 competebant.
1845 3735 1931 3816 Cujus

578 3822 623 3884 rei
647 3841 740 3885 causa
763 3820 890 3883 exhibeo
913 3818 969 3881 tihi
992 3825 1096 3900 typum
1119 3817 1359 3880 constellationis
1381 3817 1480 3897 hujus.

668 3912 748 3976 Nam
777 3917 811 3973 ut
839 3918 940 3971 rectae
974 3908 1131 3970 stellarum
1159 3907 1339 3988 praesertim
1368 3907 1458 3989 paulo
1487 3912 1680 3974 remotiorum
1712 3932 1784 3975 sese
1816 3931 1930 3977 ascon-

580 4003 704 4066 modent
725 3999 933 4074 mechanicae,
960 3997 1051 4078 paulo
1076 3997 1166 4058 aliter
1189 3996 1364 4057 adornanda
1388 4007 1458 4059 sunt
1481 3999 1649 4075 schemata,
1682 4022 1775 4083 quarn
1798 4006 1930 4067 ordinata

579 4092 666 4155 rides
688 4089 868 4174 Bayeriana.
916 4087 993 4152 Cum
1023 4085 1101 4148 enim
1124 4085 1300 4147 mechanica
1327 4094 1467 4149 versetur
1489 4089 1520 4150 in
1541 4091 1745 4172 planitiebus,
1782 4101 1929 4157 streone

581 4199 684 4245 omnes
703 4187 884 4263 apparentes
909 4177 970 4239 sint
993 4176 1096 4238 circuli
1119 4174 1241 4237 maximi
1264 4176 1295 4236 in
1311 4176 1405 4251 coelo,
1429 4186 1462 4238 et
1475 4178 1554 4242 oculi
1569 4180 1665 4242 nostri
1680 4183 1770 4262 qnasi
1785 4183 1819 4246 in
1837 4193 1930 4247 centro

580 4271 692 4344 mnndi,
708 4280 811 4332 tenere
827 4276 955 4349 oportet,
980 4266 1059 4347 quod
1082 4264 1211 4327 circulus
1227 4284 1354 4345 maguus
1367 4285 1405 4327 ex
1419 4275 1522 4330 centro
1539 4270 1735 4350 sphaerarum
1759 4271 1792 4335 in
1816 4274 1932 4355 planum

580 4363 732 4444 projectus
755 4362 808 4423 fiat
827 4365 920 4420 recta.
959 4354 1076 4427 Quodsi
1089 4354 1213 4435 planum
1230 4362 1338 4435 tangat
1353 4356 1513 4437 sphaeram
1530 4358 1562 4420 in
1576 4360 1676 4441 aliquo
1689 4371 1807 4442 puncto
1825 4363 1933 4427 zodiaci

582 4454 631 4528 (ut
653 4452 710 4514 hoc
732 4457 868 4513 nostmm
882 4446 1005 4529 planum
1021 4445 1120 4525 tangit
1132 4445 1289 4507 zodiacum
1303 4445 1333 4506 in
1352 4443 1393 4508 18
1405 4443 1417 4478 ⁰
1431 4449 1487 4522 β),
1513 4466 1615 4510 omnes
1632 4450 1821 4516 semicirculi
1841 4452 1933 4533 magni

581 4541 773 4604 latitudinum
795 4539 825 4602 in
848 4538 905 4600 hoc
928 4536 1050 4618 planum
1072 4534 1200 4615 projecti
1224 4536 1298 4597 finnt
1320 4533 1417 4595 lineae
1440 4537 1605 4616 parallelae
1628 4540 1775 4618 infinitae,
1802 4545 1845 4606 ad
1867 4562 1932 4626 pro

577 4632 691 4713 jectam
714 4628 884 4710 eclipticam
907 4634 1018 4688 rectae.
1057 4623 1170 4687 Omnes
1185 4632 1344 4705 praeterea
1360 4624 1591 4689 declinationum
1608 4628 1792 4694 semicirculi
1820 4637 1933 4715 (utpote

582 4720 762 4785 semicirculi
784 4715 922 4789 maximi)
946 4720 1123 4778 concurrent
1150 4713 1263 4775 inuno
1292 4712 1375 4794 plani
1399 4714 1564 4779 continuati
1586 4726 1716 4799 puncto,
1750 4725 1835 4803 quod
1859 4732 1934 4786 recta

581 4829 620 4874 ex
642 4819 746 4876 centro
769 4808 915 4889 sphaerae
939 4824 992 4886 per
1014 4806 1116 4886 polum
1138 4802 1256 4878 mundi,
1288 4803 1337 4883 qui
1361 4809 1409 4864 ost
1430 4802 1461 4864 in
1484 4805 1704 4888 hemisphaerio
1734 4813 1931 4892 projiciendo,

582 4900 731 4983 designat.
768 4898 904 4960 Minores
928 4893 1056 4956 circulos
1081 4893 1159 4975 qnod
1183 4892 1300 4966 attinet,
1324 4901 1397 4973 puta
1419 4895 1583 4974 parallelos
1598 4900 1756 4979 aequatori
1771 4903 1825 4964 vel
1846 4904 1934 4983 eclip-

581 4988 660 5052 ticae
684 4995 716 5050 et
739 4987 870 5050 similes:
902 4983 923 5046 ii
945 4982 1073 5065 projecti
1101 4984 1177 5044 fiunt
1208 4981 1359 5043 sectiones
1391 4980 1521 5049 corsicae.
1567 4986 1674 5050 Omnis
1703 4989 1787 5053 enim
1811 4992 1934 5056 circulus

581 5076 796 5160 hemisphaerii
819 5075 926 5151 minor,
950 5071 1034 5153 cujus
1050 5070 1291 5140 circumferentia
1312 5080 1482 5134 removetur
1505 5084 1646 5158 apnncto
1660 5087 1827 5145 contactus
1850 5100 1933 5166 prae-

583 5168 644 5233 cise
677 5167 843 5251 quadrante
876 5162 995 5238 circuli,
1026 5161 1180 5242 projectus
1211 5160 1242 5223 in
1271 5158 1393 5241 planum
1419 5163 1454 5225 lit
1481 5166 1633 5245 parabole.
1683 5166 1807 5240 Quodsi
1841 5173 1933 5258 aliqu
