4584 6192
565 607 628 675 114
981 604 1088 661 maroe
1100 609 1203 675 Keplori
1220 610 1371 675 aliorumque
1388 618 1491 662 mutuae

559 787 721 869 quantibus
749 786 840 867 eripit
871 787 1061 868 potissimam
1093 796 1211 868 partem
1243 788 1394 851 radiorum
1426 786 1590 861 Solarium,
1621 785 1766 867 relinquit
1796 784 1917 847 nonnisi

559 896 664 958 parum
688 876 811 956 aliquid.
858 876 941 937 Tunc
964 877 1055 956 igitur
1087 897 1163 958 quae
1192 878 1290 939 minus
1322 877 1512 938 illustrantur
1542 875 1641 938 minus
1673 876 1765 937 etiam
1796 882 1919 936 movent

559 966 677 1029 oculum
709 966 864 1045 minusque
900 965 928 1026 in
961 966 1013 1027 illo
1046 986 1113 1028 sese
1153 966 1330 1028 diffundunt.
1386 966 1496 1027 Deficit
1534 965 1627 1044 igitur
1658 984 1716 1026 uon
1750 970 1805 1026 aer
1837 961 1919 1024 circa

559 1055 688 1128 Lunam,
712 1055 768 1128 sed
788 1054 915 1115 vitiosus
936 1054 985 1116 ille
1007 1056 1115 1117 limbus
1139 1056 1275 1137 picturae
1299 1054 1461 1117 retiformis
1478 1056 1507 1116 in
1531 1053 1617 1115 oculo
1632 1073 1685 1116 seu
1707 1053 1809 1134 potins
1831 1052 1919 1132 vigor

560 1145 624 1225 ejus
647 1144 678 1205 in
702 1143 848 1205 movendo
871 1143 948 1206 visu.
1922 1205 1924 1210 ,

649 1231 712 1294 Sed
734 1232 836 1293 missis
859 1231 907 1294 his
930 1235 1049 1294 utamur
1071 1232 1132 1293 tuis
1156 1233 1251 1313 ipsius
1274 1231 1385 1307 verbis,
1411 1249 1486 1310 quae
1509 1231 1645 1311 proxime
1668 1231 1849 1311 praemittis,
1874 1229 1919 1293 sic

560 1321 716 1384 scribens:
742 1350 823 1405 „pars
854 1335 1003 1388 obscurata
1023 1335 1120 1388 Lunae
1147 1334 1225 1387 coelo
1254 1349 1351 1386 sereno
1378 1349 1429 1401 per
1453 1330 1506 1384 hoc
1536 1331 1715 1402 telesoopinm
1739 1331 1822 1384 facile
1843 1331 1919 1386 cerni

558 1420 668 1484 potest,
700 1415 802 1483 quippe
827 1430 899 1484 quae
929 1415 1032 1485 aliquid
1062 1423 1155 1468 tamen
1181 1412 1289 1466 luminis
1319 1413 1418 1476 habet,
1449 1428 1503 1465 non
1530 1412 1641 1480 penitus
1672 1411 1821 1465 tenebrosa
1845 1411 1916 1466 est!

559 1491 647 1553 llaec
671 1499 703 1552 tn
727 1493 765 1552 de
788 1492 827 1553 iis
851 1493 955 1554 Lunae
980 1494 1110 1554 falcatae
1134 1491 1282 1572 partibus,
1307 1510 1383 1571 qnae
1407 1498 1478 1551 sunt
1500 1491 1620 1569 penitus
1648 1491 1802 1552 involutae
1825 1490 1918 1565 nocti,

559 1600 621 1661 qna
642 1579 711 1641 illas
734 1580 861 1642 involvit
891 1582 1028 1662 opacitas
1057 1582 1138 1661 globi
1163 1581 1208 1642 sui
1239 1580 1366 1660 proprii,
1401 1580 1485 1658 cujus
1515 1597 1587 1659 pars
1615 1586 1703 1641 sunt:
1737 1596 1795 1658 qno
1825 1581 1920 1641 multo

561 1668 659 1747 magis
683 1688 739 1748 ego
763 1688 887 1748 possum
918 1689 1063 1750 usurpare
1094 1672 1130 1731 de
1163 1669 1299 1750 partibus
1324 1667 1361 1730 iis
1385 1669 1489 1729 Lunae
1522 1668 1704 1744 deficientis,
1737 1686 1814 1747 qnae
1848 1668 1920 1729 licet

562 1757 625 1820 sint
646 1758 676 1819 in
696 1766 793 1832 nocte,
820 1778 908 1839 quarn
925 1760 1031 1839 globus
1053 1758 1163 1820 Terrae
1184 1779 1202 1819 a
1225 1756 1399 1837 longissimo
1423 1758 1584 1818 intervallo
1603 1757 1702 1836 erigit,
1727 1763 1799 1818 sunt
1817 1764 1919 1818 tamen

563 1847 594 1908 in
609 1846 703 1908 radiis
718 1845 801 1909 Solis
815 1847 972 1909 refractis:
993 1856 1046 1910 aut
1060 1848 1097 1908 de
1111 1848 1149 1909 iis
1163 1867 1239 1928 qnae
1250 1846 1314 1924 jam
1329 1844 1422 1906 veluti
1438 1846 1587 1927 quoddam
1601 1847 1762 1907 diluculum
1776 1846 1919 1907 sentiunt.

650 1936 730 1997 Nam
755 1955 807 1997 cnr
830 1955 888 1997 non
921 1938 1059 1999 videatur
1089 1936 1263 2017 perspicillo
1286 1954 1358 2014 pars
1382 1935 1485 1995 Lunae
1519 1935 1674 2006 deficiens,
1706 1954 1783 2014 qnae
1816 1933 1921 2014 nequit

562 2023 658 2087 videri
682 2024 777 2086 ocnlis
800 2025 911 2086 nudis?
944 2046 1010 2087 cnm
1034 2044 1105 2105 pars
1129 2026 1202 2086 licet
1226 2025 1365 2086 deficiens
1387 2024 1429 2084 sit
1451 2032 1553 2085 tamen
1574 2043 1612 2084 ex
1635 2023 1802 2086 visibilibus
1824 2033 1857 2086 et
1879 2024 1921 2085 sit

561 2112 675 2192 insigni
697 2114 804 2175 rubore
827 2114 934 2193 picta?
964 2135 1029 2176 cnm
1054 2135 1092 2175 ea
1114 2125 1224 2176 natura
1247 2113 1410 2192 perspicilli
1434 2113 1489 2186 sit,
1513 2120 1547 2174 ut
1570 2133 1646 2192 quae
1670 2113 1811 2175 debiliter
1832 2112 1921 2174 vide·

563 2213 668 2263 rentur
691 2203 852 2265 videantur
875 2204 1017 2265 fortiter?
1041 2204 1147 2265 Nonne
1173 2210 1254 2264 recte
1277 2204 1385 2276 fecero,
1410 2202 1436 2261 si
1458 2201 1542 2263 Tibi
1562 2200 1759 2276 Germano,
1784 2201 1922 2282 diligenti

564 2291 684 2372 quidem
718 2290 907 2354 observatori
940 2293 993 2354 sed
1025 2292 1193 2371 indulgenti
1223 2291 1283 2352 tuis
1308 2289 1510 2370 opinionibus,
1538 2289 1749 2353 Galilaeum
1781 2291 1922 2352 Italum

563 2398 742 2460 opposuero,
767 2382 815 2460 qni
841 2382 869 2441 in
893 2400 958 2455 nsn,
985 2382 1021 2442 de
1042 2400 1100 2460 qno
1124 2382 1251 2461 agimus,
1276 2378 1432 2457 telescopii
1456 2380 1564 2441 ceteris
1587 2380 1737 2461 plerisque
1760 2381 1865 2442 ducem
1889 2398 1922 2440 se

561 2469 728 2548 praebuit?
752 2470 856 2530 Verba
880 2471 943 2549 ejus
967 2471 1004 2530 de
1028 2470 1133 2549 eclipsi
1156 2471 1262 2531 Lunae
1286 2469 1356 2529 anni
1383 2463 1477 2530 1610.
1503 2466 1556 2532 30.
1577 2470 1650 2531 Dec.
1674 2477 1782 2531 eatam
1804 2468 1834 2530 in
1858 2468 1923 2548 ejus

561 2556 702 2637 epistola,
727 2559 861 2636 praefixa
884 2578 969 2619 meae
993 2558 1190 2638 Dioptricae:
1215 2569 1311 2630 „Meta
1324 2569 1439 2620 umbrae
1462 2568 1630 2633 indistincta
1653 2570 1769 2623 mutuae
1782 2575 1813 2622 ot
1834 2566 1922 2622 veloci

564 2647 732 2701 obnubilata
757 2649 903 2717 apparuit,
935 2665 1029 2713 causa,
1056 2650 1121 2719 quia
1145 2649 1290 2719 consurgit
1316 2650 1414 2702 umbra
1434 2666 1453 2701 a
1478 2651 1565 2703 Terra
1595 2650 1756 2721 longissime
1783 2664 1803 2702 a
1826 2649 1923 2702 Lunae

563 2726 707 2796 corpore.“
760 2726 844 2787 llaec
878 2727 948 2787 ille:
982 2747 1057 2806 quae
1090 2728 1217 2806 potuisti
1241 2728 1342 2806 legere
1375 2727 1501 2809 indeque
1531 2730 1661 2798 discere,
1693 2728 1816 2790 limbum
1839 2728 1923 2789 illurn

563 2815 669 2876 Lunae
694 2835 714 2875 a
735 2815 778 2875 Te
807 2814 904 2877 visum
936 2816 1030 2878 fuisse
1066 2818 1185 2896 quidem
1209 2817 1238 2876 in
1272 2817 1394 2890 umbra,
1434 2819 1487 2878 sed
1521 2837 1596 2897 quae
1629 2826 1696 2880 erat
1727 2817 1826 2879 diluta
1858 2817 1923 2878 lnce

562 2903 706 3048 atcnnga.
740 2904 809 2965 Non
833 2905 969 2985 sequitur
988 2904 1093 2985 igitur:
1121 2916 1248 2978 „videtur
1275 2915 1374 2968 limbus
1400 2933 1450 2985 per
1477 2917 1673 2985 telescopium,
1703 2933 1773 2987 ergo
1798 2932 1855 2969 non
1880 2918 1925 2967 est

561 3012 590 3049 m
611 3010 657 3049 nrn
676 2994 737 3048 ra.“

651 3072 746 3134 Aliud
769 3072 986 3135 firmamentum
1010 3073 1100 3134 affers
1125 3094 1163 3135 ex
1186 3074 1247 3135 alia
1270 3073 1497 3135 observatione:
1525 3083 1741 3155 ,limbuspartis
1755 3086 1924 3138 obscuratae

561 3162 591 3220 iu
610 3163 707 3233 eclipsi
728 3162 839 3217 minima
858 3181 913 3217 uon
933 3173 1027 3233 potest
1048 3164 1127 3218 undis
1156 3165 1242 3219 oculis
1264 3165 1353 3226 cerni,
1381 3182 1440 3218 curn
1467 3172 1561 3220 tamen
1581 3166 1660 3219 nudis
1686 3165 1773 3219 oculis
1794 3172 1925 3220 cernatur

562 3250 592 3298 et
613 3243 776 3298 aestimetur
795 3244 893 3297 Lunae
915 3245 1048 3298 detectus.
1089 3246 1167 3316 Ergo
1189 3246 1215 3298 id
1242 3244 1313 3315 quod
1341 3246 1433 3298 delicit
1452 3252 1497 3298 est
1522 3247 1617 3300 tunica
1642 3246 1694 3299 illa
1718 3245 1798 3299 aerio
1816 3245 1923 3307 Lunae,

560 3324 623 3378 lnce
651 3340 704 3377 sua
730 3330 830 3396 tegens
851 3326 959 3379 Lunam
987 3331 1075 3379 totam
1105 3334 1188 3379 extra
1217 3327 1341 3379 umbram
1372 3325 1538 3379 existentem
1559 3333 1590 3380 et
1619 3327 1776 3395 dependens
1806 3324 1925 3380 ulterius

560 3403 649 3458 ueluti
678 3405 750 3458 infra
780 3406 865 3474 pedes
885 3407 997 3469 Lunae,
1029 3404 1069 3458 sic
1089 3412 1121 3459 nt
1150 3406 1269 3460 delibari
1295 3406 1331 3458 ab
1361 3407 1459 3459 umbra
1479 3414 1509 3460 et
1533 3406 1613 3477 qnasi
1642 3405 1798 3477 praescindi
1825 3404 1925 3477 possit

562 3484 669 3538 illaesis
690 3485 765 3538 illins
786 3484 874 3538 veluti
896 3486 1021 3555 pedibus.

652 3564 723 3617 Nam
744 3564 767 3617 si
789 3565 889 3618 limbus
915 3566 973 3618 reri
1000 3564 1121 3634 corporis
1142 3564 1239 3617 Lunae
1260 3580 1374 3617 manens
1400 3572 1483 3618 extra
1508 3567 1632 3619 umbram
1657 3583 1711 3619 non
1739 3569 1888 3635 tegeretur
1907 3579 1927 3617 a

562 3644 659 3697 tunica
679 3644 780 3708 lucida,
803 3646 870 3698 etsi
884 3664 921 3699 ex
935 3647 986 3699 illa
1003 3645 1097 3699 tunica
1118 3662 1179 3697 sese
1202 3652 1331 3697 exereret
1350 3645 1469 3697 ulterius
1487 3646 1514 3699 in
1535 3647 1668 3708 umbram,
1688 3651 1786 3715 posset
1807 3659 1825 3697 a
1845 3644 1924 3698 nobis

560 3724 649 3777 videri
671 3723 756 3777 etiarn
776 3724 805 3778 in
832 3728 930 3779 umbra
951 3727 1028 3780 nudis
1063 3725 1167 3777 oculis:
1198 3743 1252 3777 non
1273 3734 1352 3778 caret
1372 3725 1442 3778 enini
1474 3726 1595 3796 corporis
1625 3726 1724 3779 limbus
1747 3740 1797 3776 sno
1822 3725 1925 3778 mbore

559 3806 643 3858 valde
665 3804 825 3873 conspicuo,
847 3808 933 3859 etiam
954 3822 1014 3859 cnm
1035 3806 1062 3858 iu
1084 3806 1183 3858 umbra
1204 3812 1262 3858 est:
1290 3814 1319 3857 et
1339 3805 1425 3857 rideri
1450 3814 1546 3875 potest
1567 3807 1593 3859 in
1614 3806 1779 3876 profundam
1799 3806 1926 3859 umbram

561 3884 713 3957 ingressus,
736 3902 784 3937 cur
804 3903 860 3939 non
880 3887 1020 3940 videretur
1040 3886 1069 3938 in
1089 3886 1203 3938 umbrae
1225 3886 1390 3938 extremo?“

651 3980 853 4059 Respondent
878 4002 930 4044 cur
955 3990 986 4043 et
1005 4000 1063 4042 non
1089 3982 1228 4042 videatur
1248 3982 1335 4041 nudis
1360 3981 1453 4042 oculis
1470 3981 1577 4042 limbus
1596 3981 1661 4062 jam
1679 4001 1749 4044 vere
1771 3983 1925 4056 deficiens,

562 4078 594 4131 et
617 4088 670 4131 cur
692 4089 764 4150 pars
789 4070 910 4132 residua
934 4072 1039 4132 Lunae
1064 4071 1161 4131 adhuc
1191 4070 1290 4130 lucida
1319 4070 1458 4131 rideatur
1486 4071 1575 4131 latior
1606 4090 1694 4151 qnam
1725 4079 1775 4132 est
1807 4091 1926 4146 revera,

565 4166 730 4220 causaest
761 4160 884 4233 eadem,
918 4179 961 4222 sc.
989 4159 1198 4243 propinquitas
1233 4159 1396 4222 lucidorum
1421 4167 1452 4220 et
1480 4159 1691 4222 obscurorum:
1725 4167 1757 4221 et
1789 4159 1926 4223 confusio

564 4247 750 4327 picturarum
774 4248 802 4309 in
828 4268 916 4310 nuum
940 4250 1037 4310 locum
1062 4249 1148 4323 oculi,
1174 4257 1335 4326 superante
1360 4248 1469 4309 lucido.

654 4335 734 4397 Nam
766 4356 832 4399 cnm
863 4337 971 4399 limbus
1003 4338 1137 4417 corporis
1176 4337 1316 4398 deficiens
1354 4338 1498 4416 pingatur
1530 4355 1583 4398 suo
1617 4336 1683 4399 loco
1716 4336 1747 4397 in
1779 4336 1929 4401 retitormi

568 4423 673 4486 tunica
694 4442 748 4503 per
771 4427 908 4489 ruborem
933 4446 1019 4488 suum
1043 4426 1210 4500 residuum,
1237 4425 1371 4503 corporis
1399 4426 1500 4487 uicina
1522 4444 1593 4504 pars
1618 4425 1766 4487 luminosa
1794 4426 1929 4489 debebat

564 4513 656 4574 etiam
679 4514 710 4574 in
734 4515 882 4578 retiformi
906 4516 1009 4578 tunica
1032 4516 1114 4595 pingi
1139 4515 1274 4594 proxime
1300 4515 1392 4586 illam,
1416 4515 1470 4576 sed
1494 4533 1548 4574 suo
1573 4514 1638 4574 loco
1663 4523 1791 4578 tantum.

654 4602 792 4682 Pingitur
811 4614 911 4667 antem
932 4605 1058 4667 ulterius
1078 4613 1110 4665 et
1133 4602 1358 4682 superpingitur
1381 4603 1517 4683 picturae
1538 4603 1621 4664 limbi
1644 4602 1813 4665 deficientis
1833 4602 1928 4664 radiis

564 4689 694 4753 vitiosis.
741 4691 807 4753 Ant
829 4694 902 4756 licet
925 4713 983 4755 non
1009 4694 1154 4754 dilatetur
1182 4692 1300 4770 pictura
1323 4712 1376 4771 per
1400 4692 1519 4765 vitium,
1552 4701 1653 4752 tamen
1685 4692 1811 4771 spiritns
1834 4692 1929 4754 etiam

563 4780 602 4853 is,
628 4779 678 4859 qni
703 4780 803 4841 estin
827 4792 916 4861 parte
940 4783 1076 4861 picturae
1102 4780 1230 4853 obscuri,
1256 4782 1349 4841 sentit
1367 4800 1421 4860 per
1444 4781 1654 4859 contagionem
1677 4781 1773 4843 lucem
1797 4780 1929 4843 vicinam

564 4886 660 4947 eoque
685 4888 742 4929 non
768 4871 862 4932 sentit
884 4871 1032 4951 picturam
1058 4869 1176 4931 obscuri
1201 4877 1234 4928 nt
1258 4869 1442 4930 debiliorem.
1486 4870 1536 4929 Ita
1560 4869 1589 4929 in
1614 4870 1699 4929 oculo
1723 4870 1826 4931 sensio
1850 4869 1930 4950 tegit

565 4958 753 5031 sensionem,
786 4978 974 5038 nequaquam
1009 4960 1036 5018 in
1071 4959 1155 5018 coelo
1189 4958 1315 5018 camisia
1346 4960 1428 5019 aeria
1452 4959 1580 5019 Lunam.
1627 4959 1669 5019 Et
1696 4958 1930 5021 instmmentum

566 5045 707 5106 visorium
732 5055 836 5126 potest
859 5048 959 5109 delere
983 5047 1154 5108 sensionem
1178 5047 1328 5115 vitiosam,
1353 5048 1510 5125 detergere
1535 5046 1620 5128 qnasi
1642 5047 1732 5109 villos
1756 5047 1826 5123 illos
1850 5046 1930 5110 luci-

567 5132 680 5214 dorum,
705 5144 739 5196 nt
762 5136 803 5197 sit
827 5136 928 5198 sensio
952 5135 1113 5197 emendata
1122 5155 1131 5210 3
1157 5137 1185 5196 in
1211 5136 1325 5197 coelum
1351 5136 1448 5215 ipsum
1472 5130 1545 5198 nilril
1569 5144 1682 5216 potest.
