4584 6192
567 607 635 674 «190
1170 611 1318 663 Dinaeam

662 782 751 855 Quod
785 785 878 862 igitur
910 785 984 844 haec
1017 786 1215 863 perpendenti
1249 786 1420 858 incidebat,
1457 784 1601 846 curriculo
1634 785 1673 846 ad
1705 785 1919 848 Waclrherium

570 873 672 946 detuli,
698 873 848 934 nimirum:
874 873 917 933 uti
936 873 1031 933 Terra
1046 893 1120 934 uuus
1140 895 1177 934 en
1200 876 1331 952 planetis
1355 872 1552 953 (Copemico)
1569 876 1685 934 Lunam
1700 895 1784 936 suam
1807 876 1921 936 habeat

570 970 657 1023 extra
679 962 812 1023 ordinem
837 982 904 1022 sese
929 962 1256 1036 circumcursitantem,
1291 964 1333 1023 sic
1366 964 1428 1024 fieri
1453 982 1525 1024 sane
1554 982 1654 1041 posse,
1679 974 1712 1024 ut
1736 963 1877 1025 Galilaeo
1899 959 1921 1025 4

570 1050 649 1112 aliae
665 1051 770 1111 Lunae
794 1050 1011 1110 minutissimae
1027 1052 1249 1128 angustissimis
1272 1051 1421 1112 meatibus
1437 1053 1517 1113 circa
1532 1050 1665 1123 Saturni,
1689 1053 1785 1125 lovis,
1812 1052 1921 1114 Martis

568 1148 602 1199 et
615 1139 744 1199 Veneris
768 1140 944 1217 corpuscula
967 1138 1158 1201 circumvolvi
1182 1141 1359 1200 videantur:
1384 1140 1564 1201 Mercurium
1583 1160 1653 1200 vero
1668 1141 1921 1202 circumsolarium

569 1228 704 1288 ultimum
729 1236 790 1287 tam
814 1247 881 1286 esse
906 1228 1076 1287 immersum
1100 1229 1129 1287 iu
1155 1228 1236 1290 Solis
1255 1229 1374 1300 radios,
1408 1239 1441 1290 ut
1464 1230 1493 1290 iu
1528 1248 1563 1288 eo
1597 1230 1668 1290 nihil
1702 1231 1798 1291 adhuc
1823 1230 1920 1291 simile

568 1316 701 1395 potuerit
723 1336 742 1374 a
766 1314 905 1376 Galilaeo
930 1316 1123 1393 deprehendi.

658 1404 840 1465 Wackherio
864 1413 970 1464 contra
993 1404 1102 1477 visum,
1137 1406 1329 1466 hauddubie
1363 1405 1443 1464 circa
1473 1404 1596 1465 fixarum
1621 1404 1739 1485 aliquas
1763 1406 1920 1467 circumire

569 1510 663 1553 novos
687 1493 742 1552 hos
765 1492 905 1570 planetas
929 1494 1030 1572 (quale
1056 1493 1124 1571 quid
1154 1495 1219 1571 jam
1252 1515 1271 1552 a
1303 1493 1395 1552 multo
1429 1501 1562 1571 tempore
1587 1494 1658 1553 milri
1683 1514 1720 1554 ex
1745 1492 1919 1557 Cardinalis

569 1578 681 1642 Cusani
706 1587 738 1640 et
752 1581 878 1641 Jordaui
892 1582 986 1642 Brnui
1010 1583 1264 1659 speculationibus
1288 1582 1466 1657 objecerat),
1493 1600 1528 1640 ac
1552 1582 1578 1641 si
1602 1592 1729 1661 quatuor
1752 1583 1794 1644 ibi
1818 1585 1919 1645 latue-

566 1668 629 1730 rint
651 1670 795 1729 hactenus
819 1670 978 1747 planetae,
1009 1670 1079 1747 quid
1102 1670 1193 1750 igitur
1217 1670 1359 1748 impedire
1384 1670 1453 1748 quin
1477 1669 1649 1742 credamus,
1686 1672 1919 1733 innumerabiles

567 1775 657 1836 porro
682 1759 757 1818 alios
781 1759 889 1818 ibidem
915 1759 970 1817 hoc
994 1758 1077 1817 initio
1102 1760 1184 1819 sacto
1209 1760 1360 1819 detectum
1384 1758 1439 1818 iri:
1465 1758 1598 1835 adeoque
1613 1761 1660 1820 vel
1677 1761 1816 1821 muudum
1839 1761 1918 1821 hunc

568 1845 664 1925 ipsum
688 1846 847 1919 infinitum,
877 1855 910 1906 ut
933 1846 1058 1906 Melisso
1083 1855 1113 1906 ct
1135 1848 1344 1926 philosophiae
1375 1848 1562 1925 magneticae
1595 1849 1710 1908 auctori
1736 1848 1820 1911 Guil.
1847 1848 1933 1911 Gir-—

570 1934 656 1995 herto
680 1936 780 2013 Anglo
803 1931 827 2006 ¹)
851 1935 983 2013 placuit:
1022 1936 1069 1995 vel
1093 1944 1126 1995 ut
1150 1936 1323 1996 Democrito
1347 1944 1378 1995 et
1401 1935 1553 2014 Leucippo
1582 1945 1613 1996 et
1641 1956 1678 1997 ex
1703 1938 1919 1999 recentioribus

566 2023 668 2084 Bruno
689 2018 713 2095 ²)
738 2032 770 2084 et
792 2023 897 2083 Brutio
919 2020 961 2096 ⁵),
986 2031 1046 2096 tuo,
1073 2022 1222 2095 Galilaee,
1256 2033 1287 2084 et
1320 2043 1385 2083 mco
1410 2024 1506 2084 amico
1538 2023 1650 2097 risum,
1684 2026 1815 2087 infinitos
1843 2026 1919 2088 alios

571 2112 697 2173 mundos
721 2112 784 2183 (vel
809 2121 842 2171 ut
865 2112 982 2172 Brunus
1006 2112 1131 2185 Terras)
1157 2113 1242 2191 hujus
1266 2114 1362 2173 nostri
1386 2113 1498 2173 similes
1522 2132 1600 2173 esse.

660 2199 712 2261 Sic
727 2199 798 2260 mihi
822 2200 865 2260 sic
889 2200 933 2261 illi
957 2201 1061 2273 visum,
1087 2200 1206 2262 iuterim
1230 2200 1298 2262 dum
1314 2201 1418 2262 librum
1436 2200 1577 2273 Galilaei‚
1603 2209 1635 2261 ut
1656 2210 1721 2262 erat
1735 2220 1806 2280 spes
1826 2203 1918 2276 facta,

569 2287 707 2367 cupidine
731 2288 806 2349 mira
830 2289 947 2366 legendi
971 2297 1175 2367 expectamus.

657 2375 790 2438 Primum
813 2379 980 2456 exemplum
1004 2397 1148 2438 concessu
1168 2377 1310 2439 Caesaris
1335 2377 1404 2437 milri
1427 2376 1555 2453 contigit
1578 2378 1725 2456 inspicere
1750 2379 1917 2458 cursimque

570 2465 760 2544 pervolitare.
808 2466 906 2526 Video
944 2485 1073 2545 magna
1107 2468 1290 2546 longeque
1323 2465 1658 2526 admirabilissima
1691 2468 1921 2545 spectacula

569 2554 770 2632 proposita
793 2553 1032 2633 philosophis
1056 2564 1092 2615 et
1124 2555 1378 2626 astronomis,
1412 2554 1445 2614 ni
1479 2554 1594 2616 fallor
1625 2563 1662 2615 et
1693 2556 1798 2628 mihi;
1832 2556 1919 2617 video

571 2642 615 2702 ad
638 2661 850 2721 magnarum
873 2644 1235 2721 contemplationum
1264 2643 1417 2703 exordia
1446 2661 1571 2703 omues
1602 2662 1716 2704 verae
1747 2645 1918 2723 philoso-

569 2730 676 2810 phiae
700 2731 856 2809 cupidos
880 2733 1091 2793 convocari.
1138 2732 1207 2792 Jam
1231 2741 1292 2792 tum
1317 2731 1469 2808 gestiebat
1499 2730 1570 2791 mihi
1601 2733 1716 2792 animus
1750 2753 1797 2792 me
1831 2734 1919 2795 rebus

569 2818 689 2892 inferre,
715 2819 823 2897 quippe
847 2828 1059 2896 provocatum,
1090 2821 1195 2899 etqui
1219 2822 1324 2880 eadem
1348 2820 1385 2879 de
1409 2820 1537 2879 matoria
1561 2831 1630 2881 aute
1656 2841 1750 2881 aunos
1775 2817 1795 2881 6
1819 2824 1918 2900 scrip·

570 2906 687 2979 sissem,
718 2915 826 2981 tecum,
853 2906 991 2969 Galilaea
1022 2909 1235 2982 solertissime,
1276 2909 1313 2968 de
1337 2917 1399 2969 tam
1423 2908 1610 2968 inexhaustis
1634 2910 1730 2970 Jovae
1754 2911 1919 2971 conditoris

571 2995 740 3069 thesauris,
780 3014 902 3074 quorum
926 2997 1002 3058 alios
1026 3007 1096 3076 post
1119 2998 1195 3058 alios
1228 2996 1315 3057 nobis
1349 2997 1466 3075 aperit,
1495 2995 1713 3074 jucundissimo
1746 2998 1920 3077 scriptionis

569 3102 679 3163 genere
702 3084 846 3145 conferre.
894 3083 990 3155 Quem
1015 3087 1090 3146 enim
1115 3094 1216 3147 tacere
1241 3086 1342 3146 siuuut
1365 3094 1517 3146 tantarum
1541 3104 1638 3146 rerum
1662 3086 1780 3146 nuncii?
1823 3085 1921 3157 Quem

569 3190 628 3233 nou
652 3172 757 3251 implet
780 3172 870 3233 divini
895 3174 1004 3234 amoris
1028 3173 1214 3234 abundantia
1236 3193 1290 3252 per
1314 3174 1445 3252 linguam
1476 3181 1508 3232 et
1531 3174 1677 3235 calamum
1701 3193 1769 3235 sese
1793 3176 1920 3253 profun-

570 3260 644 3321 dens
668 3260 881 3322 ubertissime?

659 3349 823 3411 Addehaut
838 3351 966 3411 animum
981 3348 1199 3428 Angustissimi
1219 3348 1396 3411 Caesaris
1415 3349 1584 3427 Rudophi
1605 3350 1737 3429 imperia,
1759 3350 1808 3430 qui
1823 3369 1921 3412 meum

569 3436 607 3497 de
625 3437 681 3497 hac
701 3439 827 3499 materia
845 3439 990 3517 judicium
1015 3438 1186 3519 expetebat.
1219 3438 1266 3498 De
1286 3438 1510 3498 Wackherio
1536 3440 1695 3518 veroquid
1719 3439 1838 3499 dicam?
1872 3439 1921 3499 Ad

571 3543 658 3605 quem
683 3535 715 3586 ut
738 3528 804 3587 veni
830 3529 894 3588 sine
928 3527 1016 3597 libre,
1049 3527 1207 3588 lectionem
1238 3536 1339 3586 tamen
1373 3527 1437 3604 ejus
1470 3527 1644 3603 professus,
1679 3528 1805 3587 invisum
1840 3528 1922 3600 mihi,

569 3616 698 3676 nuatum
732 3616 823 3676 etiam
847 3617 921 3689 fuit,
953 3616 1079 3695 denique
1103 3618 1190 3693 plane
1215 3615 1397 3685 conclusum,
1423 3623 1455 3674 ut
1479 3615 1508 3674 in
1527 3615 1584 3675 hac
1599 3616 1727 3676 materia
1746 3635 1803 3676 non
1820 3616 1922 3676 dider-

569 3721 633 3764 rem
657 3705 720 3765 lieri
744 3724 831 3783 quam
861 3703 1085 3765 disertissimus.
1133 3705 1211 3763 Dum
1244 3703 1354 3780 aliquid
1388 3704 1534 3771 meditor,
1569 3704 1784 3781 superveniunt
1816 3704 1922 3765 literae

570 3801 642 3853 tuae
668 3794 706 3853 ad
731 3794 778 3854 Ill.
803 3793 908 3871 Magni
931 3793 1090 3852 Hetruriae
1114 3792 1207 3851 Ducis
1233 3791 1382 3868 legatum,
1406 3792 1513 3870 plenae
1539 3792 1580 3851 tui
1605 3793 1633 3851 in
1658 3810 1704 3852 me
1730 3793 1859 3862 amoris,
1889 3799 1922 3851 ut

570 3881 619 3961 qui
642 3881 698 3941 hoc
727 3881 797 3940 mihi
822 3881 941 3941 honoris
965 3881 1134 3959 impertitus
1158 3880 1220 3950 sis,
1254 3889 1287 3938 ut
1309 3899 1363 3958 per
1396 3889 1511 3939 tautum
1546 3881 1638 3941 virum
1662 3880 1852 3958 potissimum
1875 3899 1921 3941 me

569 3976 603 4029 et
626 3968 803 4029 transmisso
832 3969 995 4047 exemplari
1018 3977 1050 4029 et
1073 3968 1178 4027 addita
1208 3969 1491 4028 commonefactione
1524 3969 1746 4045 provocandum
1774 3970 1813 4029 ad
1844 3968 1921 4029 scri·

568 4057 696 4117 bendum
720 4057 887 4117 censueris:
914 4057 992 4136 quod
1023 4064 1053 4116 et
1077 4056 1234 4134 praestitit
1257 4056 1284 4114 in
1310 4056 1352 4116 tui
1376 4057 1505 4135 gratiam
1533 4075 1674 4136 perquam
1699 4057 1870 4119 humaniter
1892 4063 1923 4117 ct

570 4163 616 4205 me
641 4145 668 4205 in
695 4145 864 4206 clientelam
888 4164 973 4205 suam
998 4144 1130 4221 suscepit
1155 4145 1449 4206 benevolentissime.

660 4230 748 4301 Quod
772 4233 863 4312 igitur
886 4232 957 4293 mihi
980 4233 1101 4310 propria
1125 4233 1215 4293 animi
1239 4233 1446 4311 propensione,
1473 4233 1549 4311 quod
1575 4233 1677 4293 amicis
1702 4233 1817 4310 placet,
1845 4232 1923 4312 quod

569 4319 731 4399 diligenter
753 4322 818 4400 ipse
842 4341 949 4399 rogas,
978 4320 1007 4380 id
1033 4320 1141 4380 faciam
1166 4340 1223 4381 non
1248 4322 1330 4381 uulla
1362 4341 1415 4400 spe
1449 4322 1603 4394 inductus,
1638 4341 1683 4381 me
1708 4322 1764 4381 hac
1790 4322 1923 4398 epistola

536 4487 540 4494 Ι
568 4409 600 4469 id
623 4408 677 4469 tibi
697 4411 894 4489 profuturum,
920 4411 944 4469 si
969 4427 1036 4468 eam
1061 4410 1212 4470 censueris
1237 4410 1463 4483 ostendendam,
1488 4419 1521 4468 ut
1545 4419 1649 4468 contra
1673 4428 1810 4469 morosos
1834 4409 1922 4470 novi·

568 4504 666 4559 tatum
690 4518 840 4571 censores,
866 4498 971 4576 quibus
995 4496 1167 4557 incredibile
1193 4498 1333 4578 quidquid
1357 4495 1551 4574 incognitum,
1576 4497 1732 4575 profanum
1758 4507 1789 4557 et
1814 4498 1921 4557 uelan-

568 4586 646 4660 dum,
673 4587 814 4666 quidquid
839 4587 919 4647 ultra
942 4594 1102 4646 consuetas
1127 4585 1343 4646 Aristotelicae
1368 4587 1526 4663 augustiae
1550 4596 1658 4659 metas,
1683 4604 1740 4646 uno
1765 4586 1922 4666 proaspite

568 4675 610 4736 sis
633 4694 827 4754 processurus
851 4674 1033 4735 instructior.

657 4763 846 4824 Temerarius
870 4765 947 4823 sorte
972 4763 1064 4823 videri
1097 4762 1230 4840 possim,
1269 4761 1316 4840 qui
1349 4762 1409 4822 tuis
1443 4760 1660 4821 assertionibus
1695 4761 1780 4822 nulla
1802 4761 1923 4841 propria

567 4850 755 4930 experientia
779 4853 916 4914 suffultus
942 4861 1005 4911 tam
1030 4850 1117 4911 facilc
1142 4849 1273 4909 credam.
1320 4850 1365 4909 At
1397 4849 1446 4929 qui
1478 4869 1535 4908 nou
1561 4849 1681 4909 credam
1704 4846 1922 4911 mathematico

567 4938 752 5014 doctissimo,
777 4941 859 5019 cujus
875 4940 922 5000 vel
947 4939 1035 5000 stilus
1055 4936 1163 5014 judicii
1187 4937 1395 4997 rectitudinem
1420 4938 1533 5015 arguit,
1559 4937 1608 5015 qui
1632 4945 1750 4998 tautum
1775 4937 1867 5000 abest
1890 4947 1922 4999 ut

567 5045 635 5088 sese
660 5027 789 5089 vanitati
813 5028 906 5089 dedat
929 5045 1055 5107 seseque
1081 5024 1194 5085 vidisse
1218 5025 1354 5099 dictitet,
1385 5045 1460 5105 quae
1492 5044 1548 5085 nou
1579 5025 1706 5099 viderit,
1744 5026 1923 5105 popularem

567 5132 671 5176 suram
695 5123 833 5195 captans,
857 5125 892 5177 ut
914 5115 962 5176 vel
986 5111 1203 5192 receptissimis
1223 5112 1411 5191 opinionibus
1430 5113 1570 5175 veritatis
1595 5131 1695 5175 amore
1720 5132 1779 5175 non
1804 5113 1924 5176 dubitet
