4584 6192
910 554 966 591 oum
984 537 1081 590 11111
1100 537 1210 592 sermo.
1669 540 1735 610 505

378 710 499 790 navigio
523 711 579 772 hoc
602 712 731 773 Telluris
755 733 852 775 annue
876 723 957 776 motu
980 716 1240 795 circumspatietur
1264 715 1413 778 lustrandi
1439 725 1540 789 causa,
1565 736 1624 779 non
1648 737 1736 782 secus

378 808 470 879 atque
487 819 639 861 mensores
655 821 751 862 rerum
767 803 988 866 inaccessarum
1004 806 1167 880 stationem
1186 805 1318 866 statione
1334 813 1516 884 permutant,
1537 814 1570 865 11
1585 807 1735 887 triangulo

377 889 528 950 mensorio
549 889 665 967 justam
690 891 774 951 basin
799 912 836 952 ex
860 894 1024 953 stationum
1048 894 1215 954 intervallis
1240 894 1410 955 concilient.

467 978 545 1039 Post
577 978 680 1039 Solem
713 989 811 1040 autem
844 1000 902 1040 non
936 991 983 1042 111
1017 983 1142 1043 nobilior
1173 983 1280 1061 globus
1314 983 1469 1064 aptiorque
1501 982 1613 1045 homini
1647 1003 1736 1064 quam

379 1066 493 1128 Tellus
524 1068 603 1128 Natu
626 1068 651 1127 is
666 1068 791 1146 primum
808 1089 929 1130 numero
951 1071 1065 1131 medius
1081 1080 1128 1132 est
1144 1091 1182 1131 ex
1202 1072 1299 1150 globis
1320 1072 1468 1150 primariis
1490 1073 1735 1143 (circulatoribus

377 1156 425 1217 hic
450 1164 483 1216 et
501 1157 609 1216 -Lunae
634 1157 723 1235 globo
748 1158 996 1222 circumterrestri
1020 1162 1163 1238 seposito,
1191 1169 1222 1219 ut
1245 1180 1301 1238 par
1324 1162 1397 1232 est),
1423 1155 1516 1220 habet
1540 1162 1617 1222 enim
1642 1182 1735 1241 supra

377 1245 517 1318 Martem,
536 1244 654 1315 Jovem,
671 1244 842 1322 Saturnum,
870 1249 947 1309 infra
971 1251 1157 1327 complexum
1173 1250 1219 1308 sui
1239 1249 1379 1310 circuitus
1404 1259 1558 1309 currentes
1574 1249 1735 1327 Venerem,

376 1334 560 1395 Mercurium
590 1343 621 1394 et
654 1343 806 1395 tornatum
840 1336 869 1396 in
908 1338 1005 1397 medio
1040 1336 1160 1409 Solem,
1200 1357 1337 1397 cursuum
1373 1337 1502 1397 omnium
1536 1338 1735 1414 incitatorem,

376 1441 449 1483 vere
472 1422 661 1501 Apollinem,
696 1443 755 1501 qua
788 1443 860 1484 voce
888 1427 1007 1486 Brunus
1039 1427 1141 1487 crebro
1178 1428 1280 1487 utitur.
1327 1425 1443 1486 Deinde
1473 1445 1539 1486 cum
1565 1424 1583 1488 5
1608 1446 1737 1506 corpora

377 1511 490 1572 abeant
513 1512 543 1570 in
568 1512 642 1571 duas
672 1512 806 1585 classes,
842 1514 928 1574 trium
962 1515 1189 1593 primariorum:
1225 1516 1311 1587 cubi,
1342 1515 1507 1587 1111111111,
1542 1515 1732 1591 (1111111111,

379 1602 504 1662 duomm
536 1601 797 1661 secundariorum:
833 1602 980 1663 icosaedri
1006 1615 1036 1664 11
1067 1604 1221 1678 octaedri,
1247 1604 1375 1664 Telluris
1410 1603 1550 1663 circuitus
1583 1604 1626 1664 111
1657 1604 1736 1666 11111

377 1699 535 1768 utrumque
560 1689 693 1749 ordinem
716 1691 808 1751 veluti
834 1691 979 1751 maceries
1003 1693 1176 1758 intercedit,
1202 1701 1235 1753 ut
1259 1692 1394 1771 superius
1426 1691 1606 1752 dodecabdri
1630 1704 1737 1755 centra

375 1779 533 1859 planorum
559 1775 610 1851 12,
642 1778 766 1838 inferius
790 1780 1000 1859 respondentis
1030 1781 1180 1841 icosabdri
1209 1782 1334 1859 angulos
1362 1779 1399 1841 12
1425 1780 1578 1857 stringat;
1607 1800 1664 1859 quo
1689 1783 1736 1843 vel

376 1868 442 1928 solo
466 1868 526 1926 situ
549 1866 629 1926 inter
652 1868 763 1944 figuras
788 1888 859 1947 prae
881 1870 991 1929 ceteris
1016 1870 1137 1929 orbibus
1163 1871 1306 1930 notabilis
1329 1879 1377 1930 est
1400 1869 1482 1929 orbis
1506 1869 1643 1930 Telluris

467 1955 569 2015 Tertio
594 1973 648 2015 nos
673 1957 701 2015 in
726 1957 846 2018 Tellure
870 1959 1049 2019 Mercurium
1077 1959 1266 2037 planetarum
1295 1958 1501 2036 primariorum
1526 1959 1662 2018 ultimum
1686 1959 1736 2020 vix

376 2044 444 2105 visu
468 2044 730 2123 apprehendimus,
757 2056 879 2125 propter
897 2049 1094 2126 propinquam
1111 2055 1142 2107 11
1162 2048 1282 2108 nimiam
1295 2046 1376 2108 Solis
1398 2047 1578 2107 claritatem.
1613 2044 1736 2117 Quanto

376 2134 474 2196 minus
498 2133 527 2193 in
551 2132 628 2193 Jove
654 2135 699 2193 vel
725 2133 857 2195 Saturno
881 2136 1047 2196 Mercurius
1072 2136 1249 2214 conspicuus
1274 2137 1355 2196 erit?
1388 2135 1509 2196 Summo
1534 2137 1635 2216 itaque
1660 2154 1735 2198 con-

376 2223 445 2284 silio
470 2222 516 2282 hic
541 2222 650 2298 globus
675 2223 783 2283 homini
818 2225 934 2285 ridetur
967 2225 1150 2298 attributus,
1185 2235 1218 2286 ut
1241 2245 1342 2285 omnes
1366 2225 1505 2304 planetas
1538 2224 1736 2304 contemplari

374 2318 491 2393 posset.
540 2310 686 2389 Adeoque
712 2313 777 2390 quis
803 2313 935 2389 negabit,
960 2313 988 2373 in
1013 2316 1289 2392 compensationem
1314 2314 1471 2373 latentium
1496 2314 1575 2391 apud
1597 2312 1735 2375 Joviales

375 2404 569 2479 planetarum
589 2419 700 2472 eorum,
726 2420 799 2479 1111
820 2422 873 2461 1111
894 2402 1054 2462 terricolae
1075 2403 1221 2477 ridemus,
1247 2403 1408 2464 attributos
1428 2421 1495 2462 esse
1515 2402 1583 2462 Jovi
1610 2411 1738 2481 quatuor

376 2489 463 2563 alios,
490 2488 529 2548 ad
554 2507 705 2549 numerum
734 2499 860 2568 quatuor
888 2490 1061 2551 inferiorum
1085 2491 1210 2565 Martis,
1240 2491 1382 2563 Telluris,
1409 2489 1555 2565 Veneris,
1584 2491 1734 2567 Mercurii,

376 2578 480 2640 Solem
507 2577 703 2638 ambientium
727 2578 806 2639 intra
828 2577 913 2640 Joris
939 2580 1104 2640 ambitum?

464 2667 610 2727 Habeant
632 2666 725 2745 igitur
753 2675 910 2728 creaturae
933 2667 1057 2743 Joviae,
1082 2688 1139 2747 quo
1165 2687 1197 2728 se
1222 2667 1390 2742 oblectent,
1423 2668 1485 2728 sint
1508 2667 1568 2729 illis
1592 2668 1685 2729 etiam
1710 2667 1736 2731 si

371 2757 475 2837 placet
499 2764 627 2834 quatuor
651 2755 696 2816 sui
720 2757 861 2835 planetae
886 2757 1025 2836 dispositi
1050 2757 1088 2817 ad
1114 2777 1246 2818 normam
1272 2758 1379 2817 classis
1404 2757 1493 2818 trium
1516 2756 1735 2818 rhombicornm

372 2863 540 2925 corporum,
561 2862 683 2923 quorum
699 2864 787 2905 unum
807 2846 1129 2926 (quasi-rhombicum)
1145 2847 1237 2906 cubus
1253 2846 1317 2924 ipse
1335 2855 1391 2919 est,
1408 2845 1570 2906 secuudum
1590 2845 1735 2908 cubocta·

376 2935 526 3007 edricum,
553 2933 675 2994 tertium
700 2934 1041 3009 icosidodecalidricum,
1067 2931 1096 3008 6,
1127 2933 1175 3008 12,
1201 2931 1243 2995 30
1266 2935 1423 3012 planorum
1448 2932 1735 3014 quadrilateromm:

372 3023 509 3085 habeant
542 3022 663 3101 inquam
693 3022 735 3082 illi
761 3042 832 3096 sua;
866 3043 920 3083 nos
952 3023 1086 3083 homines
1121 3023 1279 3084 terricolae
1308 3041 1365 3083 non
1401 3023 1503 3102 utique
1537 3023 1650 3084 frustra
1674 3024 1735 3096 (me

373 3112 513 3185 doctore)
529 3112 565 3172 de
581 3111 846 3189 praestantissima
861 3121 1030 3173 nostrorum
1046 3131 1203 3192 corporum
1223 3112 1410 3174 habitatione
1431 3111 1553 3192 gloriari
1575 3130 1736 3193 possumus
1817 3129 1821 3140 ·

374 3201 503 3281 Deoque
527 3200 676 3261 conditori
696 3210 803 3279 'grates
829 3202 980 3263 debemus.

463 3291 547 3350 Haec
589 3307 678 3366 super
716 3291 801 3349 novis
839 3289 1096 3363 dubitationibus,
1137 3308 1211 3367 quas
1249 3288 1309 3349 tuis
1344 3287 1483 3351 Galilaee
1522 3288 1736 3368 experimentis

372 3379 527 3447 excitasti,
551 3377 758 3457 philosophice
783 3387 882 3439 tecum
906 3379 1056 3439 disserere
1081 3378 1152 3438 mihi
1175 3378 1298 3456 placuit.

464 3467 526 3528 Sed
556 3486 623 3528 cum
656 3468 776 3545 saepius
807 3469 870 3545 jam
904 3476 1087 3529 structuram
1118 3466 1220 3528 mundi
1243 3485 1297 3546 per
1321 3463 1340 3527 5
1366 3466 1516 3545 regularia
1549 3485 1675 3546 corpora
1698 3484 1737 3528 ex

372 3576 440 3618 meo
464 3556 611 3636 Mysterio
638 3554 893 3635 Cosmograpbico
928 3556 1120 3630 addurerim,
1152 3555 1247 3616 tribus
1280 3555 1379 3615 verbis
1417 3555 1617 3634 objectionem
1650 3554 1735 3615 initio

375 3646 525 3726 epistolae
550 3653 664 3706 tactam
688 3646 809 3723 penitus
834 3646 1005 3705 eliminabo.

463 3732 539 3797 Cum
563 3742 690 3813 quatuor
715 3733 744 3793 hi
767 3735 909 3813 planetae
934 3732 1159 3812 angustissimis
1185 3731 1332 3791 meatibus
1351 3730 1459 3790 Jovenr
1483 3731 1579 3810 ipsum
1604 3730 1734 3790 circum-

374 3823 547 3898 ambuleut,
580 3841 665 3883 nemo
700 3831 831 3894 metuat,
867 3823 1020 3883 turbatum
1054 3821 1090 3882 iis
1124 3822 1161 3882 iri
1193 3819 1338 3881 rationem
1367 3837 1463 3880 meam
1497 3817 1734 3900 interpositionis

372 3912 534 3991 figurarum
558 3911 752 3992 Pythagorae
786 3911 866 3971 inter
899 3913 1048 3990 planetas.
1097 3910 1176 3980 Quin
1205 3910 1305 3987 potius
1329 3927 1428 3987 11111,
1456 3908 1511 3968 hos
1540 3908 1735 3969 circulatores

370 4000 478 4062 Jorios
503 4001 678 4079 11111111
704 4001 816 4060 habent
840 4001 892 4061 alii
916 4000 1007 4060 etiam
1031 4000 1187 4080 planetae,
1222 3999 1343 4058 tandem
1376 4015 1492 4058 omnem
1528 4014 1603 4075 quae
1636 4002 1736 4058 restat

373 4090 611 4169 discrepantiam
634 4089 816 4151 sublaturos.
863 4089 1026 4149 Rationem
1052 4088 1129 4148 enim
1151 4108 1169 4147 a
1188 4087 1253 4147 Deo
1278 4087 1370 4147 etiam
1394 4087 1499 4147 horum
1523 4085 1736 4147 circulatorum

370 4180 508 4240 habitam
532 4178 562 4238 in
587 4179 745 4257 figurarum
770 4178 1006 4256 interpositione,
1034 4178 1195 4237 circulator
1218 4177 1339 4248 Terrae,
1364 4175 1450 4235 Luna
1473 4172 1601 4248 scilicet,
1626 4174 1735 4252 arguit,
1829 4226 1831 4230 ,

371 4268 458 4348 cujus
483 4267 640 4330 circuitum
664 4266 744 4327 circa
764 4267 888 4327 Terram
913 4267 1066 4345 negligere
1091 4284 1150 4325 111
1174 4265 1266 4345 11111,
1291 4284 1358 4326 cum
1380 4263 1453 4325 illud
1477 4262 1630 4343 negotium
1654 4262 1735 4325 serio

346 4365 550 4436 tractarem.
597 4357 743 4435 Adeoque
777 4355 940 4416 etiamnum
963 4356 994 4416 in
1028 4354 1219 4415 restitutione
1250 4354 1363 4415 orbium
1393 4359 1424 4413 et
1452 4359 1586 4413 motuum
1614 4351 1734 4428 Martis,

374 4446 521 4520 Telluris,
555 4444 684 4516 Veneris
719 4464 756 4506 ex
789 4444 1053 4505 observationibus
1083 4444 1196 4504 Brabei
1227 4442 1417 4521 deprehendo
1452 4440 1535 4503 hiare
1567 4441 1734 4520 plusculum

372 4535 542 4609 interstitii,
567 4542 600 4594 ut
624 4532 804 4595 dodecaedri
824 4534 943 4610 angulis
967 4553 986 4592 1
1010 4531 1154 4612 perihelio
1170 4531 1280 4592 Martis
1305 4530 1438 4592 extensis
1453 4550 1511 4591 non
1536 4537 1737 4609 assequantur

372 4633 479 4686 centra
510 4626 668 4702 planorum
706 4621 823 4682 Lunam
854 4621 882 4681 in
917 4640 1054 4701 apogaeo
1079 4640 1132 4680 suo
1158 4628 1189 4681 11
1217 4619 1335 4700 aphelio
1360 4617 1489 4680 Telluris
1520 4617 1734 4680 constitutam:

369 4732 468 4793 neque
498 4720 604 4774 centra
636 4711 806 4782 icosaedri,
840 4710 959 4789 aphelio
989 4710 1116 4770 Veneris
1149 4710 1392 4779 accommodata,
1421 4706 1580 4786 porrigant
1609 4706 1736 4786 angulos

368 4801 521 4864 icosaltdri
545 4819 638 4880 usque
660 4801 699 4861 ad
717 4801 834 4861 Lunam
856 4799 886 4858 in
911 4816 1047 4876 apogaeo
1072 4817 1125 4858 suo
1144 4806 1176 4859 et
1199 4798 1341 4876 perihelio
1362 4796 1492 4858 Telluris
1516 4794 1734 4857 constitutam:

367 4891 450 4971 quod
475 4896 653 4970 argumento
679 4898 736 4960 est,
758 4907 918 4966 superesse
942 4887 1056 4967 aliquid
1071 4886 1129 4947 loci
1149 4886 1228 4948 inter
1241 4885 1417 4966 perihelium
1431 4884 1541 4947 Martis
1560 4892 1591 4945 et
1610 4884 1737 4964 angulos

366 4979 570 5054 dodecaedri3
600 4978 643 5039 sic
668 4978 746 5039 inter
769 4985 874 5037 centra
898 4975 1048 5037 icosaedri
1074 4984 1105 5038 et
1133 4974 1281 5055 aphelium
1304 4973 1455 5047 Veneris3
1484 4982 1517 5036 et
1541 4974 1618 5057 quod
1641 4973 1736 5036 mira-

362 5068 436 5131 culo
461 5087 528 5132 esse
551 5065 666 5149 possit,
691 5065 780 5146 paulo
805 5064 872 5145 plus
897 5063 957 5127 illie
981 5082 1070 5144 quam
1092 5064 1158 5125 hic:
1184 5063 1291 5144 quibus
1315 5080 1386 5144 ergo
1411 5058 1551 5144 spatiolis
1575 5079 1664 5143 spero
1687 5079 1735 5125 me
