4584 6192
940 587 1187 652 amone·
1699 584 1741 651 re

376 760 458 840 ginis
492 760 567 823 milri
604 759 758 840 negotium
796 761 992 836 lacessebat3
1024 761 1093 824 vici.
1139 762 1259 824 Natura
1286 761 1361 822 locis
1394 762 1529 823 rimanda
1558 762 1633 836 suit3
1664 762 1742 824 hanc

377 848 509 911 tractavi
533 848 735 912 mediocriter.
779 847 892 911 Oculus
916 851 1066 912 secundus
1091 859 1177 924 erot;
1202 850 1382 930 perlustravi
1407 858 1575 912 anatomos.
1609 848 1741 912 Reirac-

379 936 480 999 nones
504 936 697 1012 metiendae3
720 937 768 1000 hic
792 938 914 1000 haereo.
947 939 1032 1000 Dens
1056 938 1150 1001 bonel
1173 937 1274 1009 Quam
1298 938 1418 1001 occulta
1442 937 1538 1001 ratio!
1561 938 1742 1000 Devoranda

378 1026 459 1108 prius
483 1033 576 1089 erant
598 1026 741 1088 universa
762 1027 917 1106 Apollonii
941 1025 1065 1100 Conica,
1092 1029 1253 1106 quaejam
1276 1047 1353 1107 pene
1377 1026 1521 1089 absumsi.

465 1123 618 1176 Absolutum
636 1138 697 1187 opus
714 1125 847 1175 renrmciat
863 1124 987 1188 Keplerus
1010 1125 1081 1173 initio
1100 1124 1160 1175 Julii
1179 1122 1262 1174 16⁰3:
1295 1116 1328 1177 ln
1362 1117 1437 1178 meis
1468 1115 1588 1196 Opticis
1620 1116 1742 1177 tandm

377 1205 444 1268 dieo
467 1206 574 1285 gratia
596 1205 637 1266 ad
650 1205 738 1266 finem
761 1205 885 1284 perveni
910 1212 1057 1285 qnatenus
1081 1205 1187 1265 titulus
1203 1213 1289 1284 patet
1304 1206 1517 1267 Astronomiac
1532 1223 1604 1284 pars
1620 1204 1741 1283 Optica.

380 1291 466 1365 Quae
491 1294 652 1356 additurus
675 1313 749 1368 sum,
774 1312 861 1355 usum
885 1292 914 1354 in
940 1293 1124 1373 exquirenda
1149 1311 1222 1354 vera
1245 1301 1376 1354 motuum
1394 1293 1557 1356 Lunariom
1582 1293 1743 1375 hypothesi

378 1383 578 1463 patefacient.
626 1381 684 1443 illa
706 1400 777 1443 vcro
800 1391 873 1443 sunt
903 1400 974 1460 pars
1009 1399 1120 1459 magna
1153 1381 1355 1443 astronomiae
1388 1383 1603 1461 geometricae,
1636 1399 1743 1460 nempe
1815 1435 1827 1460 ,

383 1472 433 1533 lib.
455 1471 620 1534 1v.-v1.
648 1468 757 1549 Operis
781 1470 885 1549 Magni
910 1469 1088 1531 Ptolemaei.
1134 1470 1205 1531 Jam
1228 1470 1320 1531 etde
1349 1470 1556 1532 occasionibus
1580 1469 1688 1531 edendi
1712 1478 1744 1530 et

383 1560 417 1621 de
439 1560 652 1639 extorquendo
687 1559 799 1621 salario
823 1577 889 1620 meo
921 1558 1024 1636 cogito
1056 1558 1145 1636 inque
1170 1559 1216 1619 bis
1246 1577 1312 1620 sum
1347 1568 1519 1640 occupatus.
1567 1560 1601 1620 lo
1624 1558 1743 1620 theoria

384 1649 491 1710 Martis
517 1657 622 1710 cetera
645 1657 716 1709 sunt
739 1648 890 1726 expedita,
916 1646 1009 1708 rerba
1032 1647 1129 1708 adhuc
1154 1648 1274 1709 desunt.

468 1771 529 1821 Jam
547 1772 575 1819 in
595 1770 769 1833 manuscriptis
786 1769 986 1833 Petropolitanis,
1007 1784 1020 1818 e
1039 1770 1126 1833 quibus
1146 1767 1214 1829 (Vol.
1235 1767 1291 1830 IX.)
1310 1771 1446 1833 praemissa
1463 1769 1631 1829 desumsimur,
1652 1768 1743 1818 desunt

382 1842 474 1907 eliquat
489 1842 594 1905 Kepleri
614 1842 742 1904 epistolae.
765 1842 808 1904 qni
823 1842 912 1890 ltemm
937 1842 1073 1903 iterumque
1090 1835 1192 1889 rediisse
1218 1841 1313 1890 ridetur
1332 1840 1364 1889 ad
1389 1854 1464 1903 opera
1483 1853 1538 1896 sua,
1561 1854 1626 1904 qnae
1645 1839 1743 1889 edenda

382 1915 426 1963 ribi
449 1918 621 1978 proposuerat
659 1911 689 1961 In
712 1912 861 1962 bibliotheca
886 1913 956 1975 regia
973 1910 1136 1960 Monachii
1162 1926 1218 1960 uero
1240 1919 1385 1975 sequentem
1412 1910 1615 1974 deprehendimus
1640 1909 1742 1973 Kepleri

385 1985 512 2047 matulam
531 1983 564 2033 ad
583 1982 740 2032 Hernartum
759 1985 826 2032 circa
843 1997 954 2031 mensem
975 1981 1124 2045 Septembris
1143 1983 1238 2041 datum,
1260 1997 1334 2046 quarn
1355 1985 1488 2047 integram,
1512 1985 1578 2032 sicut
1594 1982 1644 2033 illic
1665 1987 1742 2040 extat.

387 2054 573 2119 imprimendam
592 2068 737 2105 censemus:

811 2138 845 2202 S.
893 2142 928 2202 P.
975 2140 1012 2201 Ι).

471 2247 633 2333 Magnifice
658 2254 689 2306 et
711 2245 907 2308 Nobilissime
933 2248 998 2318 Vir,
1022 2248 1135 2308 Fautor
1159 2247 1292 2308 colende.

469 2336 592 2399 Monuit
614 2355 661 2397 me
684 2334 803 2396 Nobilis
826 2335 865 2397 D.
887 2337 1000 2397 Matth.
1022 2336 1168 2396 Welser
1192 2335 1326 2397 aerarius
1350 2332 1475 2412 imperii,
1501 2344 1532 2397 ut
1546 2334 1604 2396 sibi
1625 2335 1743 2397 domum

384 2424 552 2488 revertenti
576 2424 732 2487 literarum
756 2423 867 2503 aliquid
892 2425 931 2485 ad
953 2424 1195 2504 Magnitudinem
1216 2425 1312 2485 Tuam
1340 2425 1587 2486 commendarem.
1624 2424 1742 2485 Huma-

390 2514 543 2577 nissimam
568 2513 645 2575 hanc
669 2511 879 2573 invitationem
899 2513 1057 2593 superbum
1078 2520 1145 2574 erat
1169 2520 1370 2585 contemnere,
1396 2531 1563 2592 quanquam
1585 2513 1657 2573 nihil
1677 2512 1742 2591 jam

387 2604 550 2683 scriptione
574 2602 696 2681 dignum
720 2601 849 2663 occurrit
872 2603 949 2682 quod
966 2611 1061 2664 artem
1085 2609 1220 2663 nostram
1244 2601 1398 2663 attineat.
1422 2601 1469 2662 De
1485 2600 1632 2681 Opticis
1648 2620 1742 2681 quae-

387 2711 439 2774 que
462 2691 493 2754 in
518 2690 557 2754 iis
590 2688 794 2752 astronomica
826 2699 925 2752 tracto
960 2691 1088 2752 nondum
1119 2690 1275 2769 respondit
1298 2688 1424 2751 Caesar.
1470 2690 1615 2752 Differtur
1639 2690 1742 2752 editio.

386 2779 507 2843 interim
532 2799 569 2842 ea
593 2780 658 2858 jam
688 2789 825 2858 tempora
848 2779 1003 2859 ingruunt,
1029 2798 1104 2859 quae
1127 2789 1199 2840 ante
1218 2798 1328 2840 annum
1351 2778 1508 2858 providisti
1528 2783 1619 2851 (comp.
1647 2786 1703 2838 Vol.
1721 2786 1742 2838 1.

388 2892 410 2941 a
436 2872 511 2938 toll).
561 2867 610 2929 De
633 2867 745 2929 salario
769 2866 856 2947 hujus
880 2868 964 2943 anni,
992 2869 1032 2928 ad
1061 2868 1146 2946 cujus
1174 2869 1262 2929 finem
1287 2867 1438 2929 trimestre
1462 2876 1524 2941 est,
1550 2855 1632 2930 nihii
1647 2867 1743 2929 adlruc

386 2957 497 3039 accepi.
546 2954 604 3018 Sat
628 2964 745 3018 mature
767 2956 919 3030 monuisti,
944 2956 968 3018 ei
993 2964 1045 3018 sat
1068 2956 1208 3035 expedite
1231 2955 1388 3035 providere
1412 2955 1587 3035 potuissem.
1635 2956 1744 3019 Totum

388 3046 462 3109 bunc
485 3063 598 3107 annum
621 3045 695 3108 nihil
725 3044 808 3106 alind
836 3062 908 3125 ago,
943 3045 1000 3106 nisi
1031 3052 1065 3107 ut
1097 3045 1293 3106 dillicultates
1316 3044 1394 3106 istas
1422 3045 1564 3107 molliam.
1612 3045 1743 3108 Uxorem

389 3134 515 3197 nondum
545 3134 645 3213 recepi
654 3151 664 3208 ;
690 3130 830 3195 Casalius
854 3134 905 3195 diu
930 3132 1055 3195 Graetio
1084 3133 1201 3207 abfuit3
1231 3134 1303 3195 nihil
1334 3151 1459 3195 comeo
1488 3152 1562 3194 uxor
1585 3152 1661 3207 mea,
1685 3132 1744 3198 nisi

391 3223 465 3304 quod
489 3221 530 3284 ad
554 3222 653 3302 ipsum
675 3221 795 3302 scripsi.
832 3220 959 3284 Summa
981 3222 1208 3284 deliberationis
1232 3241 1317 3284 meae
1340 3223 1416 3284 haec
1439 3230 1495 3295 est,
1521 3231 1554 3284 ut
1577 3221 1744 3285 aCaesare

389 3320 487 3390 petam
511 3322 566 3372 aut
589 3311 818 3372 translationem
842 3311 947 3372 salarii
970 3312 1008 3371 ad
1033 3309 1191 3372 Cameram
1214 3311 1409 3372 Bohemicam
1441 3319 1495 3373 aut
1524 3312 1563 3373 ud
1595 3312 1745 3374 aerarium

389 3398 518 3480 Imperii.
564 3400 642 3461 lllud
666 3397 805 3472 infidum,
838 3399 893 3461 hoc
917 3399 1060 3461 insolens.
1109 3398 1219 3479 Cogito
1243 3393 1334 3461 etde
1367 3399 1508 3462 missione
1533 3406 1565 3462 et
1592 3419 1744 3462 commen·

391 3488 509 3551 datione
533 3488 573 3549 ad
595 3488 879 3566 wirtembergicmn
912 3488 1119 3568 impetranda:
1153 3507 1222 3549 narn
1246 3488 1275 3549 in
1304 3508 1340 3550 ea
1372 3489 1484 3550 ditione
1512 3488 1585 3550 mihi
1617 3489 1746 3568 paucula

391 3575 466 3640 bona
489 3585 523 3639 et
546 3585 644 3638 mater
668 3585 739 3637 sunt
761 3586 793 3637 et
819 3577 960 3657 princeps
988 3576 1143 3639 nutricius.
1190 3578 1306 3638 Forsan
1326 3586 1358 3639 et
1380 3578 1492 3640 absens
1522 3578 1642 3641 titulum
1667 3578 1744 3639 hunc

393 3683 452 3727 cnm
474 3666 589 3727 salario
614 3666 642 3726 in
666 3666 869 3745 profectiones
893 3666 931 3727 ad
961 3667 1061 3728 aulam
1094 3665 1257 3745 impetrare
1280 3667 1404 3745 possim.
1450 3667 1613 3729 Barwitius
1641 3667 1745 3728 unicus

393 3754 457 3817 mihi
481 3762 516 3816 et
538 3755 618 3817 idem
650 3754 781 3833 optimus
813 3763 959 3833 patronus
983 3763 1052 3816 est:
1089 3752 1205 3817 Caesar
1235 3754 1327 3815 etiam
1356 3756 1504 3816 interdurn
1532 3756 1646 3836 aliquid
1672 3753 1745 3815 mihi

393 3843 514 3906 mandat
536 3842 738 3917 scribendum,
763 3862 852 3923 spero
876 3862 923 3904 me
948 3845 1051 3905 horum
1076 3842 1190 3923 aliquid
1213 3844 1452 3921 impetraturum.

474 3931 596 4012 Rogavi
621 3939 653 3992 et
675 3931 713 3992 D.
733 3932 904 3993 Welserum
930 3932 966 3993 de
990 3932 1136 3993 consilio:
1161 3932 1210 4011 qui
1235 3932 1294 3993 tuis
1319 3931 1578 3995 exhortationibus
1603 3930 1745 3994 fortassis

396 4019 447 4082 erit
467 4018 636 4084 facundior.
670 4017 801 4093 Quaero,
826 4020 938 4100 siquid
962 4020 1072 4082 alicubi
1097 4029 1195 4094 vacet,
1220 4021 1303 4099 cnjus
1328 4022 1442 4084 reditus
1467 4039 1611 4082 summam
1636 4027 1745 4099 aequet

397 4107 617 4189 quingentorum
648 4109 838 4172 florenorum.
886 4109 963 4170 Nam
996 4109 1024 4170 in
1056 4109 1111 4170 hoc
1143 4109 1234 4170 cardo
1266 4110 1410 4185 vertitur,
1443 4120 1477 4172 nt
1506 4116 1579 4189 apta
1602 4108 1745 4172 Barnitio

398 4194 443 4258 bat
463 4196 643 4277 propositio.

475 4285 524 4349 Ne
544 4286 637 4367 plane
663 4284 771 4366 jejuna
792 4284 834 4347 sit
864 4285 1004 4364 epistola,
1036 4285 1194 4348 delineabo
1227 4286 1324 4365 ipsum
1348 4307 1382 4347 so
1410 4288 1547 4348 ordesos
1570 4284 1746 4367 Opticomm

399 4372 679 4437 Astronomicornm.
1081 4410 1083 4414 ·

476 4460 552 4542 Cap.
581 4461 610 4525 l.
655 4461 704 4523 De
728 4462 837 4524 natura
867 4461 953 4531 lucis,
979 4460 1028 4523 ubi
1052 4462 1270 4523 demonstratio
1300 4470 1435 4525 tentatur
1458 4483 1571 4539 eorum,
1595 4482 1672 4543 quae
1695 4464 1747 4525 alii

402 4549 440 4611 rel
460 4559 617 4614 assumunt
639 4551 687 4611 rel
710 4550 749 4611 ab
774 4549 962 4629 experientia
991 4560 1176 4611 mutuantur.
1222 4550 1269 4612 De
1293 4551 1408 4630 origine
1438 4552 1512 4613 lucis
1542 4570 1746 4632 repercussae,

403 4638 547 4715 redactae,
572 4636 828 4701 communicatae:
863 4640 906 4699 sic
935 4638 1056 4718 appello
1080 4658 1158 4714 eam,
1195 4658 1253 4718 qna
1281 4639 1374 4701 nubes
1406 4648 1436 4702 et
1468 4640 1602 4721 parietes
1635 4640 1745 4715 lucent,

405 4741 467 4803 quae
490 4728 611 4790 diversa
635 4735 684 4790 cet
706 4748 725 4788 a
747 4746 926 4807 repercussu
945 4737 977 4789 et
999 4726 1191 4802 refractione,
1217 4727 1273 4789 nisi
1294 4729 1372 4808 quod
1391 4748 1429 4790 ex
1452 4741 1577 4809 utraque
1601 4736 1746 4809 tanquam

407 4829 436 4874 rx
454 4816 610 4879 elementis
633 4816 829 4898 componitur.

479 4904 555 4987 Cap.
580 4903 610 4967 2.
658 4906 705 4967 De
727 4904 906 4984 figuratione
939 4903 1014 4964 lucis
1038 4910 1070 4964 et
1102 4902 1288 4979 umbrarum,
1321 4904 1371 4967 ubi
1404 4905 1588 4984 geometrica
1620 4906 1746 4969 demon·

407 4992 497 5054 stratio
530 4994 614 5074 ejus,
649 4994 728 5074 quod
761 4992 882 5074 eclipsis
920 4990 1080 5069 imaginem
1108 4990 1137 5052 io
1169 4992 1286 5071 pariete
1319 4995 1573 5074 contemplamur;
1604 5004 1636 5056 et
1668 4995 1746 5076 quod

408 5078 533 5161 quidquid
556 5081 629 5143 foris
652 5085 695 5158 nc,
721 5081 802 5144 intus
827 5082 886 5144 situ
912 5098 1016 5143 everso
1039 5088 1297 5160 repraesentatur.
