4584 6192
1052 587 1135 655 Caput
1152 588 1232 641 xvm

1007 872 1127 971 Caput
1158 871 1279 947 XVII.

463 1048 522 1113 De
544 1046 622 1112 aliis
643 1049 847 1131 armamentis,
871 1052 983 1131 periboea
996 1050 1130 1203 ⁸Itl'pporrs
1152 1051 1465 1203 Mpapmmmm
1485 1052 1569 1116 inter
1588 1057 1692 1140 office
1713 1055 1824 1120 aidau

1025 1160 1117 1201 erare
1133 1159 1196 1222 pro
1252 1159 1300 1201 ur.

556 1294 678 1358 Audisti
701 1306 909 1376 argumentum
933 1298 1194 1374 mathematicum,
1224 1298 1294 1360 audi
1325 1318 1402 1360 nunc
1426 1307 1457 1360 et
1479 1300 1605 1382 physica
1628 1301 1702 1375 duo,
1735 1322 1824 1365 unum

465 1404 487 1445 a
509 1393 620 1452 motu,
646 1384 791 1466 reliquum
814 1408 833 1447 a
852 1387 991 1450 lumine
1016 1388 1184 1449 deductum.
1231 1386 1411 1467 Quanquam
1429 1389 1506 1468 quod
1526 1397 1641 1450 amotu
1657 1391 1824 1465 deducitur,

464 1479 582 1553 pugnat
605 1473 698 1534 ctiam
720 1475 945 1538 mathematice.
991 1478 1068 1538 Toto
1093 1484 1226 1556 tempore
1252 1477 1416 1539 durationis
1441 1477 1528 1538 stetit
1552 1478 1656 1539 eodem
1679 1480 1744 1539 loco
1768 1479 1824 1540 sub

465 1559 551 1639 fixis3
573 1561 805 1625 schematismos
826 1583 893 1625 cum
908 1565 1007 1627 stellis
1021 1566 1116 1644 pedis,
1137 1565 1242 1638 tibiae,
1257 1584 1393 1644 genuque
1414 1566 1519 1626 dextro
1534 1563 1724 1645 Serpentarii
1739 1586 1824 1628 cum-

467 1667 526 1730 que
549 1648 699 1731 triangulo
722 1651 753 1712 in
776 1652 860 1732 spira
873 1653 1033 1734 Serpentis
1056 1674 1093 1716 ne
1116 1654 1271 1715 minimum
1288 1654 1408 1734 quidem
1427 1654 1505 1734 quod
1524 1654 1553 1715 iu
1574 1673 1681 1715 sensus
1696 1655 1828 1717 incurrat

465 1737 608 1800 mutavit.
653 1740 722 1801 Non
746 1760 783 1802 ea
806 1752 989 1804 cometarum
1008 1750 1127 1817 natura,
1154 1742 1203 1824 qui
1217 1761 1272 1821 per
1290 1741 1443 1804 mobilium
1458 1742 1610 1823 regionem
1622 1742 1826 1805 inveniuntur:

467 1826 627 1889 necanim
650 1828 728 1889 ullus
752 1829 898 1893 hacteuus
921 1831 1108 1912 permultos
1132 1831 1197 1893 dies
1230 1831 1389 1893 immobilis
1422 1839 1470 1893 est
1502 1830 1742 1905 animadversus,
1777 1832 1827 1912 qui
1891 1881 1900 1898 .

465 1923 561 1977 tanta
583 1916 807 1996 propinquitate
831 1929 924 1995 esset,
949 1929 983 1981 ut
997 1921 1103 1981 diurno
1126 1927 1261 2000 tempore
1285 1921 1381 1982 visum
1406 1920 1501 1981 locum
1524 1919 1580 1981 sub
1602 1918 1669 1981 fixis
1693 1938 1827 1981 commu·

468 2010 562 2067 taret.
609 2002 808 2086 Quotcunque
831 2016 894 2069 tam
917 2009 1074 2089 propinqui
1098 2010 1194 2082 luere,
1226 2017 1261 2069 ut
1281 2008 1449 2088 parallaxin
1474 2008 1668 2070 admitterent
1691 2007 1828 2070 diurnam

468 2092 520 2153 vel
541 2111 689 2168 annuam,
713 2114 815 2157 omues
839 2097 882 2159 illi
907 2107 1029 2178 praeter
1051 2098 1127 2159 hanc
1152 2097 1345 2159 tralationem
1367 2097 1513 2176 opticam,
1548 2115 1636 2176 quam
1658 2096 1828 2177 parallaxin

473 2179 614 2256 dicimus,
650 2183 741 2245 etiam
775 2194 856 2246 motu
887 2188 1015 2266 quodam
1048 2186 1168 2266 proprio
1201 2186 1367 2247 discurrere
1400 2194 1470 2246 sunt
1493 2185 1679 2263 deprehensi.
1727 2183 1829 2256 Quare

469 2278 706 2333 cousentaneum
730 2280 788 2348 est,
812 2274 881 2335 illas
905 2276 1011 2337 stellas
1035 2294 1139 2348 novas,
1164 2293 1250 2353 quae,
1276 2283 1310 2335 ut
1332 2272 1447 2335 Plinius
1472 2273 1522 2335 lib.
1543 2273 1585 2335 11.
1610 2292 1678 2354 cap.
1698 2270 1751 2336 25.
1776 2274 1828 2348 ait,

469 2366 628 2420 moventur
651 2362 814 2424 errantium
837 2365 940 2437 modo,
973 2364 1003 2424 in
1034 2364 1155 2443 regione
1174 2381 1303 2449 'quoque
1337 2361 1500 2424 errantium
1532 2381 1615 2424 esse:
1650 2381 1725 2442 quae
1757 2379 1829 2423 vero

470 2446 599 2509 haerent
620 2448 797 2522 immobiles,
819 2452 900 2513 inter
922 2453 998 2514 fixas
1013 2461 1113 2527 stare;
1137 2459 1172 2514 ut
1186 2451 1328 2531 cujusque
1342 2449 1536 2531 proprietatis
1551 2451 1717 2513 communio
1736 2450 1829 2513 etiam

472 2535 571 2598 lecum
593 2545 702 2617 arguat
725 2558 919 2604 communem.

559 2624 644 2688 Haec
667 2626 877 2702 immobilitas,
904 2649 979 2710 quae
1003 2629 1090 2691 uobis
1112 2629 1196 2708 prius
1219 2628 1248 2689 in
1273 2626 1433 2710 hypothesi
1457 2624 1668 2705 (lopernicana
1689 2623 1830 2707 praebuit

470 2723 681 2794 argumentum
705 2717 814 2778 nullius
832 2719 1025 2798 parallareos
1049 2736 1181 2793 annuae,
1210 2736 1299 2798 quam
1330 2716 1454 2777 tralatio
1481 2714 1612 2777 Telluris
1644 2723 1828 2790 causaretur,

468 2803 578 2864 eadem
601 2822 677 2865 nunc
701 2804 792 2866 etiam
821 2807 850 2867 iu
875 2809 970 2868 forma
1000 2806 1209 2888 hypothesium
1240 2806 1355 2867 usitata
1378 2803 1545 2866 Ptolemaei
1569 2804 1656 2884 inque
1680 2804 1827 2865 recentis·

469 2891 550 2954 sima
571 2890 699 2968 Brahei,
733 2894 839 2975 quibus
863 2895 965 2957 Tellus
998 2895 1063 2957 loco
1093 2914 1147 2956 suo
1171 2903 1275 2955 manet
1297 2891 1472 2965 immobilis,
1505 2892 1555 2954 via
1578 2891 1640 2953 alia
1663 2911 1751 2973 quam
1774 2910 1830 2971 per

468 2978 641 3061 parallaxin
664 3000 794 3044 annuam
817 2984 906 3063 plane
929 2983 1094 3058 convincit,
1126 3002 1184 3045 nou
1206 3001 1298 3064 posse
1330 2999 1406 3043 novo
1430 2980 1521 3042 sideri
1546 2981 1642 3043 locum
1666 2980 1744 3042 iufra
1766 2979 1830 3043 Sa-

469 3080 592 3131 turnum
616 3069 777 3150 assignari.
824 3073 903 3133 liam
931 3072 1009 3152 quod
1033 3072 1239 3134 Ptolemaeum
1267 3069 1394 3144 attinet,
1427 3079 1575 3149 quatenus
1607 3088 1674 3131 eum
1705 3076 1830 3148 recepta

468 3157 638 3237 antiquitus
661 3160 814 3221 sententia
837 3161 987 3242 sequitur,
1022 3160 1116 3222 habet
1143 3160 1194 3222 ille
1227 3178 1330 3221 omnes
1359 3158 1449 3221 orbes
1472 3158 1585 3221 solidos
1609 3159 1677 3220 iude
1701 3177 1720 3218 a
1742 3157 1830 3220 Luna

468 3246 573 3309 intima
595 3265 689 3327 usque
713 3249 753 3310 ad
767 3247 930 3311 Saturnum
948 3249 1101 3312 extimum.
1149 3248 1246 3328 Igitur
1268 3248 1295 3310 si
1318 3248 1410 3309 stella
1433 3254 1517 3309 esset
1538 3248 1619 3309 intra
1641 3246 1828 3326 complexum

470 3334 550 3398 coeli
571 3333 709 3398 Saturuii
742 3338 828 3417 (quia
850 3357 904 3418 per
928 3358 1031 3401 omnes
1061 3348 1123 3399 tres
1152 3337 1363 3419 hypothesium
1397 3336 1507 3397 formas
1539 3334 1740 3397 certissimum
1770 3340 1827 3409 eet,

422 3487 426 3504 ,
468 3442 565 3504 supra
586 3423 704 3487 Lunam
727 3427 898 3502 collocari),
929 3435 1013 3489 esset
1040 3426 1132 3507 igitur
1155 3426 1185 3488 in
1209 3427 1310 3508 aliquo
1333 3425 1448 3488 orbium
1472 3424 1645 3485 solidorum.
1691 3425 1829 3485 Aecum
1874 3498 1877 3503 f

469 3531 529 3576 noo
554 3511 641 3575 detur
663 3515 833 3593 penetratio
857 3535 1027 3595 corporum,
1060 3516 1149 3595 plane
1183 3523 1340 3596 raperetur
1366 3532 1434 3577 cum
1463 3512 1601 3582 orbibus,
1632 3512 1703 3593 quia
1726 3528 1829 3573 eorum

465 3601 570 3665 >nullus
593 3611 650 3677 est,
675 3602 725 3681 qui
748 3611 811 3665 stet
834 3604 914 3666 iners
937 3613 969 3666 et
991 3602 1162 3666 immobilis.

560 3688 713 3761 Quantum
737 3691 776 3753 ad
801 3693 972 3775 Tychonem
994 3693 1114 3766 Brahe,
1147 3692 1275 3772 primum
1298 3690 1326 3751 ia
1352 3688 1499 3769 pugnabit
1531 3687 1724 3749 dilemmate:
1758 3704 1829 3747 uam

470 3785 526 3842 aut
548 3779 697 3862 sphaerae
721 3780 835 3843 solidae
860 3802 893 3844 se
916 3791 1019 3845 mutuo
1042 3779 1228 3860 contingunt,
1253 3787 1286 3840 ut
1303 3777 1409 3839 volunt
1423 3775 1621 3843 Aristotelici
1646 3771 1745 3836 etsie
1769 3792 1829 3835 uon

469 3867 571 3949 potuit
593 3888 662 3930 esse
686 3888 765 3931 uova
787 3871 879 3933 stella
907 3871 987 3933 intra
1010 3872 1098 3932 orbes
1125 3870 1335 3949 planetarum,
1368 3866 1437 3946 quin
1462 3883 1515 3926 eas
1538 3864 1568 3927 in
1592 3870 1695 3945 partes
1723 3869 1829 3924 traus-

471 3959 610 4035 lerretnr,
634 3957 664 4018 in
688 3978 763 4039 quas
787 3959 942 4027 orbiaille
967 3960 1160 4029 volvebatur,
1185 3957 1234 4039 qui
1257 3956 1365 4017 stellae
1387 3953 1528 4034 praebuit
1561 3951 1738 4033 hospitium,
1763 3969 1830 4014 cum

471 4064 576 4109 omnes
600 4046 688 4109 orbes
712 4048 823 4110 moveri
847 4057 1016 4128 ponantur3
1045 4056 1098 4110 aut
1120 4048 1268 4128 sphaerae
1296 4044 1412 4106 solidae
1436 4042 1536 4105 nullae
1559 4050 1644 4116 sunt,
1668 4046 1830 4102 contactus

470 4141 617 4213 raptusve
640 4135 754 4211 nullus,
785 4146 819 4198 ut
845 4137 979 4217 Tychoni
1012 4138 1133 4216 placet,
1161 4143 1194 4197 et
1216 4143 1287 4197 tuuc
1311 4140 1436 4213 quaeret
1459 4131 1575 4212 Tycho,
1601 4130 1627 4191 si
1651 4147 1731 4190 nova
1753 4130 1828 4191 haec

470 4222 553 4286 intra
585 4222 737 4304 regionem
769 4225 926 4287 mobilium
958 4224 1033 4286 fuit:
1072 4243 1131 4304 qua
1164 4223 1255 4304 igitur
1291 4221 1400 4284 mentis
1431 4218 1598 4300 agitatione
1634 4216 1828 4298 corruptibile

470 4310 596 4393 aliquod
620 4320 653 4375 et
675 4320 902 4394 temporaneum
931 4332 1038 4393 corpus
1078 4314 1154 4373 lixas
1185 4312 1292 4374 stellas
1319 4309 1406 4391 pedis
1429 4307 1627 4389 Serpentarii,
1649 4307 1679 4370 in
1704 4323 1829 4387 quarum
1871 4312 1873 4316 ’

470 4400 625 4481 regionem
648 4408 681 4463 et
703 4404 890 4482 complexum
914 4421 971 4464 uou
996 4400 1166 4463 admittitur
1189 4401 1228 4463 ab
1253 4406 1431 4480 opponente,
1456 4398 1532 4460 adeo
1556 4396 1697 4477 religiose
1721 4394 1826 4457 diuruo

469 4497 556 4554 motu
578 4489 712 4569 potuerit
744 4492 838 4572 sequi,
869 4500 903 4553 ut
926 4511 979 4554 eas
1002 4510 1038 4552 ne
1064 4490 1158 4553 latum
1189 4509 1317 4569 unguem
1349 4488 1503 4550 desereret
1531 4485 1624 4548 toties
1649 4484 1717 4564 jam
1745 4482 1829 4563 circa

470 4579 599 4643 Terram
622 4580 799 4643 revolutum.
844 4581 924 4643 Nam
946 4581 1089 4660 planetae
1114 4579 1233 4658 quidem
1257 4598 1277 4640 a
1299 4578 1366 4639 linis
1390 4576 1494 4638 diurno
1517 4583 1601 4636 motu
1624 4571 1768 4635 recedunt
1790 4569 1829 4631 ob

469 4666 609 4750 proprios
631 4676 747 4732 motus:
781 4670 860 4750 quod
883 4670 962 4731 idem
984 4678 1017 4731 et
1039 4687 1142 4731 omnes
1166 4675 1302 4729 cometae
1331 4666 1479 4739 lecerunt,
1513 4662 1564 4745 qui
1586 4662 1665 4724 inter
1679 4660 1829 4740 planetas

470 4755 599 4820 stetisse
622 4756 776 4821 observati
797 4766 886 4819 sunt:
912 4766 945 4819 ut
968 4757 1013 4820 ita
1036 4758 1118 4820 locus
1137 4756 1244 4819 Novae
1268 4774 1324 4816 non
1348 4754 1390 4816 sit
1411 4753 1491 4815 iuter
1513 4752 1664 4832 planetas.
1710 4747 1852 4811 Deinde'

470 4844 539 4908 vult
562 4844 679 4927 Tyohm
702 4846 843 4927 planetas
867 4866 970 4908 omnes
993 4844 1077 4926 sequi
1101 4843 1204 4907 Solem
1228 4845 1284 4905 hoc
1307 4850 1412 4923 pacto,
1441 4849 1476 4904 ut
1498 4840 1525 4902 si
1547 4848 1648 4902 mente
1671 4854 1828 4899 removeas

470 4941 587 5009 motum
609 4934 752 5014 planetae
775 4936 935 5016 proprium,
960 4934 1062 4996 idest
1086 4933 1113 4995 si
1136 4932 1325 5013 contingeret
1346 4932 1501 5011 planetam
1523 4945 1668 5010 peraeae
1692 4946 1711 4987 a
1733 4944 1848 5006 pecu-·

470 5022 541 5084 liari
554 5041 609 5083 suo
624 5041 712 5086 cursu
736 5043 865 5086 vacare:
891 5022 1082 5086 nihilominus
1106 5030 1207 5083 tumen
1222 5020 1294 5083 Sole
1318 5019 1520 5083 circumeunte
1544 5016 1674 5079 naturali
1698 5014 1826 5097 quadam

470 5110 664 5195 sympathias
697 5102 764 5195 lege
794 5132 849 5176 ceu
881 5112 986 5176 simius
1018 5109 1126 5191 aliquis
1159 5108 1344 5172 consimilem
1376 5108 1466 5189 plane
1503 5105 1585 5168 viam
1615 5104 1683 5168 viae
1716 5102 1827 5181 Solari,
