<?xml version="1.0" encoding="UTF-8"?>
<!DOCTYPE html PUBLIC "-//W3C//DTD XHTML 1.0 Transitional//EN"
    "http://www.w3.org/TR/xhtml1/DTD/xhtml1-transitional.dtd">
<html xmlns="http://www.w3.org/1999/xhtml" xml:lang="en" lang="en">
 <head>
  <title>
</title>
<meta http-equiv="Content-Type" content="text/html;charset=utf-8" />
  <meta name='ocr-system' content='tesseract 3.04.00' />
  <meta name='ocr-capabilities' content='ocr_page ocr_carea ocr_par ocr_line ocrx_word'/>
</head>
<body>
  <div class='ocr_page' id='page_1' title='image "./joanniskepleria02frisgoog_0715.png"; bbox 0 0 4584 6192; ppageno 0'>
   <div class='ocr_carea' id='block_1_1' title="bbox 966 588 1725 668">
    <p class='ocr_par' dir='ltr' id='par_1_1' title="bbox 966 588 1725 668">
     <span class='ocr_line' id='line_1_1' title="bbox 966 588 1725 668; baseline 0.001 -11"><span class='ocrx_word' id='word_1_1' title='bbox 966 590 1144 668; x_wconf 56' lang='lat' dir='ltr'><strong>casem.</strong></span> <span class='ocrx_word' id='word_1_2' title='bbox 1186 658 1189 664; x_wconf 73' lang='grc'>,</span> <span class='ocrx_word' id='word_1_3' title='bbox 1661 588 1725 658; x_wconf 77' lang='lat' dir='ltr'><strong>rot</strong></span> 
     </span>
    </p>
   </div>
   <div class='ocr_carea' id='block_1_2' title="bbox 342 764 1806 3253">
    <p class='ocr_par' dir='ltr' id='par_1_2' title="bbox 374 764 1806 1204">
     <span class='ocr_line' id='line_1_2' title="bbox 464 764 1725 845; baseline 0.001 -14"><span class='ocrx_word' id='word_1_4' title='bbox 464 766 657 845; x_wconf 82' lang='lat' dir='ltr'><strong>Respondes,</strong></span> <span class='ocrx_word' id='word_1_5' title='bbox 683 766 840 832; x_wconf 88' lang='lat' dir='ltr'><strong>stellarum</strong></span> <span class='ocrx_word' id='word_1_6' title='bbox 863 767 984 831; x_wconf 91' lang='lat' dir='ltr'><strong>nomina</strong></span> <span class='ocrx_word' id='word_1_7' title='bbox 1005 769 1088 831; x_wconf 84' lang='lat' dir='ltr'><strong>visus</strong></span> <span class='ocrx_word' id='word_1_8' title='bbox 1111 769 1236 844; x_wconf 82' lang='lat' dir='ltr'><strong>invenit,</strong></span> <span class='ocrx_word' id='word_1_9' title='bbox 1259 788 1316 829; x_wconf 92' lang='lat' dir='ltr'><strong>non</strong></span> <span class='ocrx_word' id='word_1_10' title='bbox 1340 767 1540 831; x_wconf 78' lang='lat' dir='ltr'><strong>ratiocinatio.</strong></span> <span class='ocrx_word' id='word_1_11' title='bbox 1573 764 1632 839; x_wconf 85' lang='lat' dir='ltr'><strong>Qui</strong></span> <span class='ocrx_word' id='word_1_12' title='bbox 1655 787 1725 832; x_wconf 84' lang='lat' dir='ltr'><strong>vero</strong></span> 
     </span>
     <span class='ocr_line' id='line_1_3' title="bbox 375 845 1727 937; baseline 0.001 -18"><span class='ocrx_word' id='word_1_13' title='bbox 375 856 435 920; x_wconf 89' lang='lat' dir='ltr'><strong>boc</strong></span> <span class='ocrx_word' id='word_1_14' title='bbox 458 845 571 936; x_wconf 86' lang='lat' dir='ltr'><strong>objicit,</strong></span> <span class='ocrx_word' id='word_1_15' title='bbox 596 854 622 916; x_wconf 89' lang='lat' dir='ltr'><strong>is</strong></span> <span class='ocrx_word' id='word_1_16' title='bbox 646 874 704 916; x_wconf 90' lang='lat' dir='ltr'><strong>uon</strong></span> <span class='ocrx_word' id='word_1_17' title='bbox 727 856 821 918; x_wconf 80' lang='lat' dir='ltr'>refert</span> <span class='ocrx_word' id='word_1_18' title='bbox 843 856 913 935; x_wconf 90' lang='lat' dir='ltr'><strong>quid</strong></span> <span class='ocrx_word' id='word_1_19' title='bbox 937 858 1054 933; x_wconf 87' lang='lat' dir='ltr'><strong>viderit,</strong></span> <span class='ocrx_word' id='word_1_20' title='bbox 1079 858 1133 919; x_wconf 87' lang='lat' dir='ltr'><strong>sed</strong></span> <span class='ocrx_word' id='word_1_21' title='bbox 1156 857 1321 919; x_wconf 86' lang='lat' dir='ltr'><strong>hariolatur</strong></span> <span class='ocrx_word' id='word_1_22' title='bbox 1344 856 1415 937; x_wconf 93' lang='lat' dir='ltr'><strong>quid</strong></span> <span class='ocrx_word' id='word_1_23' title='bbox 1438 877 1505 920; x_wconf 90' lang='lat' dir='ltr'><strong>esse</strong></span> <span class='ocrx_word' id='word_1_24' title='bbox 1528 856 1635 937; x_wconf 82' lang='lat' dir='ltr'><strong>possit.</strong></span> <span class='ocrx_word' id='word_1_25' title='bbox 1677 856 1727 921; x_wconf 84' lang='lat' dir='ltr'><strong>Sit</strong></span> 
     </span>
     <span class='ocr_line' id='line_1_4' title="bbox 376 944 1725 1030; baseline 0.002 -24"><span class='ocrx_word' id='word_1_26' title='bbox 376 964 451 1025; x_wconf 89' lang='lat' dir='ltr'><strong>ergo</strong></span> <span class='ocrx_word' id='word_1_27' title='bbox 473 953 602 1019; x_wconf 87' lang='lat' dir='ltr'><strong>cometa,</strong></span> <span class='ocrx_word' id='word_1_28' title='bbox 627 944 744 1024; x_wconf 89' lang='lat' dir='ltr'><strong>quando</strong></span> <span class='ocrx_word' id='word_1_29' title='bbox 768 946 895 1007; x_wconf 89' lang='lat' dir='ltr'><strong>caudam</strong></span> <span class='ocrx_word' id='word_1_30' title='bbox 914 966 1030 1008; x_wconf 90' lang='lat' dir='ltr'><strong>sursum</strong></span> <span class='ocrx_word' id='word_1_31' title='bbox 1049 946 1168 1009; x_wconf 87' lang='lat' dir='ltr'><strong>anobis</strong></span> <span class='ocrx_word' id='word_1_32' title='bbox 1186 946 1330 1027; x_wconf 90' lang='lat' dir='ltr'><strong>projicere</strong></span> <span class='ocrx_word' id='word_1_33' title='bbox 1353 945 1484 1009; x_wconf 91' lang='lat' dir='ltr'><strong>creditur</strong></span> <span class='ocrx_word' id='word_1_34' title='bbox 1498 967 1516 1008; x_wconf 88' lang='lat' dir='ltr'><strong>a</strong></span> <span class='ocrx_word' id='word_1_35' title='bbox 1530 945 1725 1030; x_wconf 88' lang='lat' dir='ltr'><strong>philosophis,</strong></span> 
     </span>
     <span class='ocr_line' id='line_1_5' title="bbox 375 1032 1806 1117; baseline 0.001 -22"><span class='ocrx_word' id='word_1_36' title='bbox 375 1034 463 1097; x_wconf 89' lang='lat' dir='ltr'><strong>nobis</strong></span> <span class='ocrx_word' id='word_1_37' title='bbox 492 1032 662 1096; x_wconf 87' lang='lat' dir='ltr'><strong>hominibus</strong></span> <span class='ocrx_word' id='word_1_38' title='bbox 690 1033 799 1095; x_wconf 84' lang='lat' dir='ltr'><strong>ceteris</strong></span> <span class='ocrx_word' id='word_1_39' title='bbox 824 1033 916 1096; x_wconf 87' lang='lat' dir='ltr'><strong>liceat</strong></span> <span class='ocrx_word' id='word_1_40' title='bbox 944 1035 1063 1097; x_wconf 89' lang='lat' dir='ltr'><strong>interim</strong></span> <span class='ocrx_word' id='word_1_41' title='bbox 1086 1055 1153 1098; x_wconf 91' lang='lat' dir='ltr'><strong>cnm</strong></span> <span class='ocrx_word' id='word_1_42' title='bbox 1177 1035 1243 1096; x_wconf 89' lang='lat' dir='ltr'><strong>visu</strong></span> <span class='ocrx_word' id='word_1_43' title='bbox 1262 1044 1364 1097; x_wconf 91' lang='lat' dir='ltr'><strong>nostro</strong></span> <span class='ocrx_word' id='word_1_44' title='bbox 1379 1033 1469 1115; x_wconf 90' lang='lat' dir='ltr'><strong>loqui.</strong></span> <span class='ocrx_word' id='word_1_45' title='bbox 1506 1034 1626 1117; x_wconf 90' lang='lat' dir='ltr'><strong>Vulgus</strong></span> <span class='ocrx_word' id='word_1_46' title='bbox 1649 1034 1725 1100; x_wconf 89' lang='lat' dir='ltr'><strong>enirn</strong></span> <span class='ocrx_word' id='word_1_47' title='bbox 1804 1108 1806 1111; x_wconf 17' lang='lat'>¹</span> 
     </span>
     <span class='ocr_line' id='line_1_6' title="bbox 374 1121 1237 1204; baseline 0.003 -20"><span class='ocrx_word' id='word_1_48' title='bbox 374 1121 573 1204; x_wconf 88' lang='lat' dir='ltr'><strong>philosophis,</strong></span> <span class='ocrx_word' id='word_1_49' title='bbox 598 1130 630 1183; x_wconf 91' lang='lat' dir='ltr'><strong>et</strong></span> <span class='ocrx_word' id='word_1_50' title='bbox 652 1122 735 1183; x_wconf 87' lang='lat' dir='ltr'><strong>visus</strong></span> <span class='ocrx_word' id='word_1_51' title='bbox 752 1123 847 1202; x_wconf 16' lang='lat' dir='ltr'><strong>uvnlgo</strong></span> <span class='ocrx_word' id='word_1_52' title='bbox 871 1123 989 1187; x_wconf 91' lang='lat' dir='ltr'><strong>dicendi</strong></span> <span class='ocrx_word' id='word_1_53' title='bbox 1012 1123 1156 1204; x_wconf 88' lang='lat' dir='ltr'><strong>magister</strong></span> <span class='ocrx_word' id='word_1_54' title='bbox 1179 1132 1237 1187; x_wconf 87' lang='lat' dir='ltr'><strong>est</strong></span> 
     </span>
    </p>

    <p class='ocr_par' dir='ltr' id='par_1_3' title="bbox 342 1210 1726 3253">
     <span class='ocr_line' id='line_1_7' title="bbox 465 1210 1725 1292; baseline 0.002 -18"><span class='ocrx_word' id='word_1_55' title='bbox 465 1213 656 1291; x_wconf 89' lang='lat' dir='ltr'><strong>Breuggerus</strong></span> <span class='ocrx_word' id='word_1_56' title='bbox 681 1210 772 1273; x_wconf 89' lang='lat' dir='ltr'><strong>etiam</strong></span> <span class='ocrx_word' id='word_1_57' title='bbox 796 1212 858 1274; x_wconf 88' lang='lat' dir='ltr'><strong>alia</strong></span> <span class='ocrx_word' id='word_1_58' title='bbox 882 1213 976 1275; x_wconf 88' lang='lat' dir='ltr'><strong>utitur</strong></span> <span class='ocrx_word' id='word_1_59' title='bbox 1002 1213 1211 1292; x_wconf 84' lang='lat' dir='ltr'><strong>responsione,</strong></span> <span class='ocrx_word' id='word_1_60' title='bbox 1241 1231 1357 1292; x_wconf 88' lang='lat' dir='ltr'><strong>negans</strong></span> <span class='ocrx_word' id='word_1_61' title='bbox 1385 1210 1510 1274; x_wconf 87' lang='lat' dir='ltr'><strong>cometis</strong></span> <span class='ocrx_word' id='word_1_62' title='bbox 1538 1229 1605 1273; x_wconf 91' lang='lat' dir='ltr'><strong>esse</strong></span> <span class='ocrx_word' id='word_1_63' title='bbox 1628 1213 1725 1277; x_wconf 87' lang='lat' dir='ltr'><strong>solers</strong></span> 
     </span>
     <span class='ocr_line' id='line_1_8' title="bbox 376 1299 1726 1380; baseline 0.001 -17"><span class='ocrx_word' id='word_1_64' title='bbox 376 1303 477 1363; x_wconf 91' lang='lat' dir='ltr'><strong>lumen</strong></span> <span class='ocrx_word' id='word_1_65' title='bbox 501 1309 563 1363; x_wconf 90' lang='lat' dir='ltr'><strong>tam</strong></span> <span class='ocrx_word' id='word_1_66' title='bbox 587 1300 715 1375; x_wconf 89' lang='lat' dir='ltr'><strong>clarum,</strong></span> <span class='ocrx_word' id='word_1_67' title='bbox 748 1320 836 1380; x_wconf 87' lang='lat' dir='ltr'><strong>quarn</strong></span> <span class='ocrx_word' id='word_1_68' title='bbox 859 1300 887 1362; x_wconf 93' lang='lat' dir='ltr'><strong>in</strong></span> <span class='ocrx_word' id='word_1_69' title='bbox 912 1301 969 1364; x_wconf 89' lang='lat' dir='ltr'><strong>hac</strong></span> <span class='ocrx_word' id='word_1_70' title='bbox 998 1302 1090 1365; x_wconf 88' lang='lat' dir='ltr'><strong>stella</strong></span> <span class='ocrx_word' id='word_1_71' title='bbox 1117 1302 1229 1371; x_wconf 88' lang='lat' dir='ltr'><strong>visum,</strong></span> <span class='ocrx_word' id='word_1_72' title='bbox 1261 1320 1319 1363; x_wconf 92' lang='lat' dir='ltr'><strong>non</strong></span> <span class='ocrx_word' id='word_1_73' title='bbox 1353 1306 1469 1366; x_wconf 88' lang='lat' dir='ltr'><strong>tantum</strong></span> <span class='ocrx_word' id='word_1_74' title='bbox 1492 1299 1523 1362; x_wconf 92' lang='lat' dir='ltr'><strong>iu</strong></span> <span class='ocrx_word' id='word_1_75' title='bbox 1545 1301 1649 1363; x_wconf 89' lang='lat' dir='ltr'><strong>caudis</strong></span> <span class='ocrx_word' id='word_1_76' title='bbox 1671 1302 1726 1365; x_wconf 91' lang='lat' dir='ltr'><strong>sed</strong></span> 
     </span>
     <span class='ocr_line' id='line_1_9' title="bbox 374 1388 1725 1471; baseline 0.001 -18"><span class='ocrx_word' id='word_1_77' title='bbox 374 1411 414 1453; x_wconf 91' lang='lat' dir='ltr'><strong>ne</strong></span> <span class='ocrx_word' id='word_1_78' title='bbox 434 1389 462 1451; x_wconf 90' lang='lat' dir='ltr'><strong>in</strong></span> <span class='ocrx_word' id='word_1_79' title='bbox 483 1389 632 1470; x_wconf 86' lang='lat' dir='ltr'><strong>capitibus</strong></span> <span class='ocrx_word' id='word_1_80' title='bbox 652 1389 787 1468; x_wconf 91' lang='lat' dir='ltr'><strong>quidem:</strong></span> <span class='ocrx_word' id='word_1_81' title='bbox 813 1397 846 1452; x_wconf 91' lang='lat' dir='ltr'><strong>ut</strong></span> <span class='ocrx_word' id='word_1_82' title='bbox 865 1410 941 1470; x_wconf 88' lang='lat' dir='ltr'><strong>quae</strong></span> <span class='ocrx_word' id='word_1_83' title='bbox 962 1391 1160 1466; x_wconf 79' lang='lat' dir='ltr'><strong>candicantis,</strong></span> <span class='ocrx_word' id='word_1_84' title='bbox 1187 1391 1287 1464; x_wconf 84' lang='lat' dir='ltr'><strong>livida,</strong></span> <span class='ocrx_word' id='word_1_85' title='bbox 1312 1388 1459 1451; x_wconf 91' lang='lat' dir='ltr'><strong>interdum</strong></span> <span class='ocrx_word' id='word_1_86' title='bbox 1478 1388 1626 1471; x_wconf 88' lang='lat' dir='ltr'><strong>rubentia,</strong></span> <span class='ocrx_word' id='word_1_87' title='bbox 1649 1390 1725 1455; x_wconf 84' lang='lat' dir='ltr'><strong>alias</strong></span> 
     </span>
     <span class='ocr_line' id='line_1_10' title="bbox 374 1477 1725 1561; baseline 0.001 -22"><span class='ocrx_word' id='word_1_88' title='bbox 374 1478 509 1561; x_wconf 87' lang='lat' dir='ltr'><strong>pallida,</strong></span> <span class='ocrx_word' id='word_1_89' title='bbox 542 1486 576 1540; x_wconf 91' lang='lat' dir='ltr'><strong>ut</strong></span> <span class='ocrx_word' id='word_1_90' title='bbox 602 1477 740 1539; x_wconf 90' lang='lat' dir='ltr'><strong>Braheus</strong></span> <span class='ocrx_word' id='word_1_91' title='bbox 772 1478 893 1549; x_wconf 90' lang='lat' dir='ltr'><strong>retulit,</strong></span> <span class='ocrx_word' id='word_1_92' title='bbox 924 1480 1061 1560; x_wconf 91' lang='lat' dir='ltr'><strong>utrinque</strong></span> <span class='ocrx_word' id='word_1_93' title='bbox 1094 1480 1203 1542; x_wconf 89' lang='lat' dir='ltr'><strong>obtusa</strong></span> <span class='ocrx_word' id='word_1_94' title='bbox 1232 1490 1264 1542; x_wconf 93' lang='lat' dir='ltr'><strong>et</strong></span> <span class='ocrx_word' id='word_1_95' title='bbox 1295 1477 1405 1541; x_wconf 86' lang='lat' dir='ltr'><strong>inertia</strong></span> <span class='ocrx_word' id='word_1_96' title='bbox 1436 1477 1573 1541; x_wconf 86' lang='lat' dir='ltr'><strong>obtinent</strong></span> <span class='ocrx_word' id='word_1_97' title='bbox 1604 1478 1725 1557; x_wconf 89' lang='lat' dir='ltr'><strong>lumina,</strong></span> 
     </span>
     <span class='ocr_line' id='line_1_11' title="bbox 342 1556 1725 1650; baseline 0.004 -21"><span class='ocrx_word' id='word_1_98' title='bbox 342 1556 356 1579; x_wconf 76' lang='lat'>⁸</span> <span class='ocrx_word' id='word_1_99' title='bbox 375 1567 541 1644; x_wconf 75' lang='lat' dir='ltr'><strong>nubeculae</strong></span> <span class='ocrx_word' id='word_1_100' title='bbox 565 1567 665 1629; x_wconf 88' lang='lat' dir='ltr'><strong>verius</strong></span> <span class='ocrx_word' id='word_1_101' title='bbox 684 1586 773 1646; x_wconf 89' lang='lat' dir='ltr'><strong>quam</strong></span> <span class='ocrx_word' id='word_1_102' title='bbox 792 1568 910 1631; x_wconf 87' lang='lat' dir='ltr'><strong>stellae.</strong></span> <span class='ocrx_word' id='word_1_103' title='bbox 948 1567 1095 1650; x_wconf 87' lang='lat' dir='ltr'><strong>Equidem</strong></span> <span class='ocrx_word' id='word_1_104' title='bbox 1118 1586 1243 1634; x_wconf 68' lang='lat' dir='ltr'><strong>amatae</strong></span> <span class='ocrx_word' id='word_1_105' title='bbox 1259 1576 1375 1641; x_wconf 76' lang='lat' dir='ltr'><strong>cmdidi,</strong></span> <span class='ocrx_word' id='word_1_106' title='bbox 1396 1584 1532 1649; x_wconf 76' lang='lat' dir='ltr'><strong>argenteo</strong></span> <span class='ocrx_word' id='word_1_107' title='bbox 1546 1576 1628 1643; x_wconf 74' lang='lat' dir='ltr'><strong>mine,</strong></span> <span class='ocrx_word' id='word_1_108' title='bbox 1647 1578 1725 1649; x_wconf 83' lang='lat' dir='ltr'><strong>cujus</strong></span> 
     </span>
     <span class='ocr_line' id='line_1_12' title="bbox 374 1654 1724 1741; baseline -0.003 -17"><span class='ocrx_word' id='word_1_109' title='bbox 374 1670 471 1741; x_wconf 79' lang='lat' dir='ltr'><strong>firlgnr</strong></span> <span class='ocrx_word' id='word_1_110' title='bbox 491 1668 576 1724; x_wconf 86' lang='lat' dir='ltr'><strong>etiam</strong></span> <span class='ocrx_word' id='word_1_111' title='bbox 597 1668 736 1722; x_wconf 90' lang='lat' dir='ltr'><strong>oculorum</strong></span> <span class='ocrx_word' id='word_1_112' title='bbox 758 1669 884 1723; x_wconf 85' lang='lat' dir='ltr'><strong>obtutum</strong></span> <span class='ocrx_word' id='word_1_113' title='bbox 904 1675 1024 1733; x_wconf 75' lang='lat' dir='ltr'><strong>cremat,</strong></span> <span class='ocrx_word' id='word_1_114' title='bbox 1054 1678 1142 1720; x_wconf 83' lang='lat' dir='ltr'><strong>unam</strong></span> <span class='ocrx_word' id='word_1_115' title='bbox 1177 1658 1268 1720; x_wconf 89' lang='lat' dir='ltr'><strong>etiam</strong></span> <span class='ocrx_word' id='word_1_116' title='bbox 1281 1687 1284 1703; x_wconf 86' lang='lat'>·</span> <span class='ocrx_word' id='word_1_117' title='bbox 1298 1656 1429 1737; x_wconf 85' lang='lat' dir='ltr'><strong>speciem</strong></span> <span class='ocrx_word' id='word_1_118' title='bbox 1459 1654 1574 1718; x_wconf 79' lang='lat' dir='ltr'><strong>Plinius</strong></span> <span class='ocrx_word' id='word_1_119' title='bbox 1608 1657 1724 1720; x_wconf 82' lang='lat' dir='ltr'><strong>statuit.</strong></span> 
     </span>
     <span class='ocr_line' id='line_1_13' title="bbox 373 1743 1723 1827; baseline -0.001 -17"><span class='ocrx_word' id='word_1_120' title='bbox 373 1747 554 1827; x_wconf 79' lang='lat' dir='ltr'><strong>Exemplum</strong></span> <span class='ocrx_word' id='word_1_121' title='bbox 577 1765 648 1808; x_wconf 91' lang='lat' dir='ltr'><strong>vero</strong></span> <span class='ocrx_word' id='word_1_122' title='bbox 673 1766 711 1807; x_wconf 81' lang='lat' dir='ltr'><strong>ex</strong></span> <span class='ocrx_word' id='word_1_123' title='bbox 733 1746 870 1809; x_wconf 80' lang='lat' dir='ltr'><strong>historiis</strong></span> <span class='ocrx_word' id='word_1_124' title='bbox 892 1747 1004 1810; x_wconf 86' lang='lat' dir='ltr'><strong>nullum</strong></span> <span class='ocrx_word' id='word_1_125' title='bbox 1028 1747 1099 1811; x_wconf 90' lang='lat' dir='ltr'><strong>scio.</strong></span> <span class='ocrx_word' id='word_1_126' title='bbox 1138 1747 1266 1809; x_wconf 89' lang='lat' dir='ltr'><strong>Possum</strong></span> <span class='ocrx_word' id='word_1_127' title='bbox 1289 1745 1425 1808; x_wconf 85' lang='lat' dir='ltr'><strong>hocloco</strong></span> <span class='ocrx_word' id='word_1_128' title='bbox 1450 1746 1542 1807; x_wconf 91' lang='lat' dir='ltr'><strong>etiam</strong></span> <span class='ocrx_word' id='word_1_129' title='bbox 1564 1743 1608 1807; x_wconf 91' lang='lat' dir='ltr'><strong>uti</strong></span> <span class='ocrx_word' id='word_1_130' title='bbox 1631 1764 1723 1825; x_wconf 85' lang='lat' dir='ltr'><strong>argu-</strong></span> 
     </span>
     <span class='ocr_line' id='line_1_14' title="bbox 376 1834 1722 1917; baseline -0.001 -19"><span class='ocrx_word' id='word_1_131' title='bbox 376 1846 479 1898; x_wconf 88' lang='lat' dir='ltr'><strong>mento</strong></span> <span class='ocrx_word' id='word_1_132' title='bbox 503 1856 553 1911; x_wconf 87' lang='lat' dir='ltr'><strong>eo,</strong></span> <span class='ocrx_word' id='word_1_133' title='bbox 578 1854 634 1915; x_wconf 93' lang='lat' dir='ltr'><strong>quo</strong></span> <span class='ocrx_word' id='word_1_134' title='bbox 659 1855 750 1916; x_wconf 89' lang='lat' dir='ltr'><strong>supra</strong></span> <span class='ocrx_word' id='word_1_135' title='bbox 776 1855 848 1898; x_wconf 91' lang='lat' dir='ltr'><strong>usus</strong></span> <span class='ocrx_word' id='word_1_136' title='bbox 876 1855 941 1898; x_wconf 90' lang='lat' dir='ltr'><strong>sum</strong></span> <span class='ocrx_word' id='word_1_137' title='bbox 964 1855 1031 1917; x_wconf 89' lang='lat' dir='ltr'><strong>cap.</strong></span> <span class='ocrx_word' id='word_1_138' title='bbox 1054 1836 1128 1899; x_wconf 90' lang='lat' dir='ltr'><strong>XV.</strong></span> <span class='ocrx_word' id='word_1_139' title='bbox 1154 1836 1194 1898; x_wconf 89' lang='lat' dir='ltr'><strong>ad</strong></span> <span class='ocrx_word' id='word_1_140' title='bbox 1216 1835 1431 1915; x_wconf 87' lang='lat' dir='ltr'><strong>assignandum</strong></span> <span class='ocrx_word' id='word_1_141' title='bbox 1462 1834 1569 1897; x_wconf 89' lang='lat' dir='ltr'><strong>stellae</strong></span> <span class='ocrx_word' id='word_1_142' title='bbox 1601 1844 1722 1905; x_wconf 89' lang='lat' dir='ltr'><strong>nostrae</strong></span> 
     </span>
     <span class='ocr_line' id='line_1_15' title="bbox 376 1922 1725 2005; baseline -0.001 -17"><span class='ocrx_word' id='word_1_143' title='bbox 376 1927 477 1989; x_wconf 90' lang='lat' dir='ltr'><strong>locum</strong></span> <span class='ocrx_word' id='word_1_144' title='bbox 501 1925 578 1986; x_wconf 91' lang='lat' dir='ltr'><strong>inter</strong></span> <span class='ocrx_word' id='word_1_145' title='bbox 601 1924 688 1997; x_wconf 83' lang='lat' dir='ltr'><strong>fixas,</strong></span> <span class='ocrx_word' id='word_1_146' title='bbox 711 1932 745 1986; x_wconf 93' lang='lat' dir='ltr'><strong>nt</strong></span> <span class='ocrx_word' id='word_1_147' title='bbox 767 1925 899 2005; x_wconf 86' lang='lat' dir='ltr'><strong>probem,</strong></span> <span class='ocrx_word' id='word_1_148' title='bbox 924 1935 956 1987; x_wconf 89' lang='lat' dir='ltr'><strong>et</strong></span> <span class='ocrx_word' id='word_1_149' title='bbox 978 1926 1074 1987; x_wconf 90' lang='lat' dir='ltr'><strong>cauda</strong></span> <span class='ocrx_word' id='word_1_150' title='bbox 1097 1924 1240 1989; x_wconf 86' lang='lat' dir='ltr'><strong>caruisse.</strong></span> <span class='ocrx_word' id='word_1_151' title='bbox 1288 1922 1422 1988; x_wconf 85' lang='lat' dir='ltr'><strong>Crinitae</strong></span> <span class='ocrx_word' id='word_1_152' title='bbox 1449 1923 1526 1985; x_wconf 89' lang='lat' dir='ltr'><strong>euim</strong></span> <span class='ocrx_word' id='word_1_153' title='bbox 1550 1923 1670 1986; x_wconf 86' lang='lat' dir='ltr'><strong>eaedem</strong></span> <span class='ocrx_word' id='word_1_154' title='bbox 1693 1931 1725 1987; x_wconf 92' lang='lat' dir='ltr'><strong>et</strong></span> 
     </span>
     <span class='ocr_line' id='line_1_16' title="bbox 376 2012 1722 2084; baseline -0.001 -8"><span class='ocrx_word' id='word_1_155' title='bbox 376 2014 504 2084; x_wconf 86' lang='lat' dir='ltr'><strong>mobiles</strong></span> <span class='ocrx_word' id='word_1_156' title='bbox 528 2023 607 2075; x_wconf 89' lang='lat' dir='ltr'><strong>sunt.</strong></span> <span class='ocrx_word' id='word_1_157' title='bbox 653 2013 768 2076; x_wconf 87' lang='lat' dir='ltr'><strong>Nostra</strong></span> <span class='ocrx_word' id='word_1_158' title='bbox 792 2014 866 2075; x_wconf 88' lang='lat' dir='ltr'><strong>haec</strong></span> <span class='ocrx_word' id='word_1_159' title='bbox 895 2013 994 2076; x_wconf 84' lang='lat' dir='ltr'><strong>haesit</strong></span> <span class='ocrx_word' id='word_1_160' title='bbox 1022 2013 1192 2076; x_wconf 90' lang='lat' dir='ltr'><strong>immobilis.</strong></span> <span class='ocrx_word' id='word_1_161' title='bbox 1238 2013 1354 2076; x_wconf 87' lang='lat' dir='ltr'><strong>Plinius</strong></span> <span class='ocrx_word' id='word_1_162' title='bbox 1376 2013 1453 2076; x_wconf 89' lang='lat' dir='ltr'><strong>hanc</strong></span> <span class='ocrx_word' id='word_1_163' title='bbox 1481 2012 1627 2075; x_wconf 88' lang='lat' dir='ltr'><strong>rationem</strong></span> <span class='ocrx_word' id='word_1_164' title='bbox 1648 2032 1722 2075; x_wconf 90' lang='lat' dir='ltr'><strong>con·</strong></span> 
     </span>
     <span class='ocr_line' id='line_1_17' title="bbox 374 2100 1722 2183; baseline 0.001 -20"><span class='ocrx_word' id='word_1_165' title='bbox 374 2104 488 2165; x_wconf 86' lang='lat' dir='ltr'><strong>vellere</strong></span> <span class='ocrx_word' id='word_1_166' title='bbox 512 2101 640 2174; x_wconf 89' lang='lat' dir='ltr'><strong>videtur,</strong></span> <span class='ocrx_word' id='word_1_167' title='bbox 665 2101 713 2183; x_wconf 90' lang='lat' dir='ltr'><strong>qui</strong></span> <span class='ocrx_word' id='word_1_168' title='bbox 737 2103 882 2182; x_wconf 89' lang='lat' dir='ltr'><strong>quosdam</strong></span> <span class='ocrx_word' id='word_1_169' title='bbox 905 2112 1087 2166; x_wconf 90' lang='lat' dir='ltr'><strong>cometarum</strong></span> <span class='ocrx_word' id='word_1_170' title='bbox 1110 2103 1155 2165; x_wconf 91' lang='lat' dir='ltr'><strong>ait</strong></span> <span class='ocrx_word' id='word_1_171' title='bbox 1176 2101 1342 2166; x_wconf 87' lang='lat' dir='ltr'><strong>immobiles</strong></span> <span class='ocrx_word' id='word_1_172' title='bbox 1370 2101 1502 2164; x_wconf 88' lang='lat' dir='ltr'><strong>haerere.</strong></span> <span class='ocrx_word' id='word_1_173' title='bbox 1549 2100 1612 2163; x_wconf 89' lang='lat' dir='ltr'><strong>Sed</strong></span> <span class='ocrx_word' id='word_1_174' title='bbox 1634 2101 1722 2164; x_wconf 81' lang='lat' dir='ltr'><strong>facile</strong></span> 
     </span>
     <span class='ocr_line' id='line_1_18' title="bbox 374 2190 1722 2273; baseline -0.001 -18"><span class='ocrx_word' id='word_1_175' title='bbox 374 2192 575 2273; x_wconf 86' lang='lat' dir='ltr'><strong>respondetur</strong></span> <span class='ocrx_word' id='word_1_176' title='bbox 598 2208 635 2252; x_wconf 86' lang='lat' dir='ltr'><strong>ex</strong></span> <span class='ocrx_word' id='word_1_177' title='bbox 665 2200 833 2253; x_wconf 90' lang='lat' dir='ltr'><strong>nostrorum</strong></span> <span class='ocrx_word' id='word_1_178' title='bbox 866 2203 1032 2271; x_wconf 91' lang='lat' dir='ltr'><strong>temporum</strong></span> <span class='ocrx_word' id='word_1_179' title='bbox 1061 2191 1255 2272; x_wconf 86' lang='lat' dir='ltr'><strong>experientia.</strong></span> <span class='ocrx_word' id='word_1_180' title='bbox 1303 2192 1411 2253; x_wconf 88' lang='lat' dir='ltr'><strong>Potest</strong></span> <span class='ocrx_word' id='word_1_181' title='bbox 1442 2190 1521 2252; x_wconf 91' lang='lat' dir='ltr'><strong>enim</strong></span> <span class='ocrx_word' id='word_1_182' title='bbox 1552 2190 1670 2253; x_wconf 88' lang='lat' dir='ltr'><strong>fierint</strong></span> <span class='ocrx_word' id='word_1_183' title='bbox 1692 2190 1722 2254; x_wconf 91' lang='lat' dir='ltr'><strong>in</strong></span> 
     </span>
     <span class='ocr_line' id='line_1_19' title="bbox 375 2278 1723 2364; baseline -0.001 -20"><span class='ocrx_word' id='word_1_184' title='bbox 375 2281 508 2364; x_wconf 89' lang='lat' dir='ltr'><strong>planetis</strong></span> <span class='ocrx_word' id='word_1_185' title='bbox 532 2280 730 2355; x_wconf 85' lang='lat' dir='ltr'><strong>stationariis,</strong></span> <span class='ocrx_word' id='word_1_186' title='bbox 756 2288 791 2341; x_wconf 91' lang='lat' dir='ltr'><strong>nt</strong></span> <span class='ocrx_word' id='word_1_187' title='bbox 805 2278 939 2360; x_wconf 86' lang='lat' dir='ltr'><strong>quamvis</strong></span> <span class='ocrx_word' id='word_1_188' title='bbox 963 2280 1089 2343; x_wconf 92' lang='lat' dir='ltr'><strong>mobiles</strong></span> <span class='ocrx_word' id='word_1_189' title='bbox 1112 2281 1270 2343; x_wconf 89' lang='lat' dir='ltr'><strong>videantur</strong></span> <span class='ocrx_word' id='word_1_190' title='bbox 1291 2289 1391 2342; x_wconf 89' lang='lat' dir='ltr'><strong>tamen</strong></span> <span class='ocrx_word' id='word_1_191' title='bbox 1411 2280 1450 2356; x_wconf 88' lang='lat' dir='ltr'><strong>ad</strong></span> <span class='ocrx_word' id='word_1_192' title='bbox 1469 2298 1581 2359; x_wconf 84' lang='lat' dir='ltr'><strong>paucos</strong></span> <span class='ocrx_word' id='word_1_193' title='bbox 1605 2279 1723 2359; x_wconf 88' lang='lat' dir='ltr'><strong>quidem</strong></span> 
     </span>
     <span class='ocr_line' id='line_1_20' title="bbox 378 2368 1721 2449; baseline -0.001 -16"><span class='ocrx_word' id='word_1_194' title='bbox 378 2372 445 2433; x_wconf 88' lang='lat' dir='ltr'><strong>dies</strong></span> <span class='ocrx_word' id='word_1_195' title='bbox 468 2379 567 2445; x_wconf 90' lang='lat' dir='ltr'><strong>stare,</strong></span> <span class='ocrx_word' id='word_1_196' title='bbox 595 2368 621 2431; x_wconf 92' lang='lat' dir='ltr'><strong>si</strong></span> <span class='ocrx_word' id='word_1_197' title='bbox 644 2389 704 2430; x_wconf 89' lang='lat' dir='ltr'><strong>una</strong></span> <span class='ocrx_word' id='word_1_198' title='bbox 727 2389 791 2430; x_wconf 92' lang='lat' dir='ltr'><strong>cum</strong></span> <span class='ocrx_word' id='word_1_199' title='bbox 815 2369 934 2431; x_wconf 88' lang='lat' dir='ltr'><strong>Tellure</strong></span> <span class='ocrx_word' id='word_1_200' title='bbox 963 2389 1056 2449; x_wconf 89' lang='lat' dir='ltr'><strong>aeque</strong></span> <span class='ocrx_word' id='word_1_201' title='bbox 1085 2368 1224 2432; x_wconf 86' lang='lat' dir='ltr'><strong>celeriter</strong></span> <span class='ocrx_word' id='word_1_202' title='bbox 1246 2369 1275 2431; x_wconf 93' lang='lat' dir='ltr'><strong>in</strong></span> <span class='ocrx_word' id='word_1_203' title='bbox 1299 2370 1421 2432; x_wconf 88' lang='lat' dir='ltr'><strong>easdem</strong></span> <span class='ocrx_word' id='word_1_204' title='bbox 1450 2369 1583 2431; x_wconf 83' lang='lat' dir='ltr'><strong>serantur</strong></span> <span class='ocrx_word' id='word_1_205' title='bbox 1609 2375 1721 2447; x_wconf 89' lang='lat' dir='ltr'><strong>partes.</strong></span> 
     </span>
     <span class='ocr_line' id='line_1_21' title="bbox 375 2454 1723 2540; baseline -0.002 -17"><span class='ocrx_word' id='word_1_206' title='bbox 375 2461 433 2523; x_wconf 92' lang='lat' dir='ltr'><strong>Ille</strong></span> <span class='ocrx_word' id='word_1_207' title='bbox 458 2459 535 2520; x_wconf 87' lang='lat' dir='ltr'><strong>enirn</strong></span> <span class='ocrx_word' id='word_1_208' title='bbox 559 2456 629 2520; x_wconf 87' lang='lat' dir='ltr'><strong>anni</strong></span> <span class='ocrx_word' id='word_1_209' title='bbox 647 2454 740 2534; x_wconf 79' lang='lat'><strong>1585,</strong></span> <span class='ocrx_word' id='word_1_210' title='bbox 765 2478 830 2519; x_wconf 92' lang='lat' dir='ltr'><strong>cum</strong></span> <span class='ocrx_word' id='word_1_211' title='bbox 851 2458 879 2519; x_wconf 90' lang='lat' dir='ltr'><strong>in</strong></span> <span class='ocrx_word' id='word_1_212' title='bbox 899 2458 1036 2540; x_wconf 88' lang='lat' dir='ltr'><strong>opposito</strong></span> <span class='ocrx_word' id='word_1_213' title='bbox 1051 2457 1132 2522; x_wconf 90' lang='lat' dir='ltr'><strong>Solis</strong></span> <span class='ocrx_word' id='word_1_214' title='bbox 1156 2478 1281 2521; x_wconf 87' lang='lat' dir='ltr'><strong>versans</strong></span> <span class='ocrx_word' id='word_1_215' title='bbox 1300 2466 1383 2520; x_wconf 89' lang='lat' dir='ltr'><strong>motu</strong></span> <span class='ocrx_word' id='word_1_216' title='bbox 1397 2457 1508 2520; x_wconf 87' lang='lat' dir='ltr'><strong>Terrae</strong></span> <span class='ocrx_word' id='word_1_217' title='bbox 1531 2455 1723 2537; x_wconf 80' lang='lat' dir='ltr'><strong>retrogradus</strong></span> 
     </span>
     <span class='ocr_line' id='line_1_22' title="bbox 376 2545 1722 2630; baseline -0.004 -18"><span class='ocrx_word' id='word_1_218' title='bbox 376 2547 649 2630; x_wconf 85' lang='lat' dir='ltr'><strong>repraesentandus</strong></span> <span class='ocrx_word' id='word_1_219' title='bbox 674 2547 781 2608; x_wconf 87' lang='lat' dir='ltr'><strong>luisset</strong></span> <span class='ocrx_word' id='word_1_220' title='bbox 804 2547 845 2621; x_wconf 87' lang='lat' dir='ltr'><strong>(si</strong></span> <span class='ocrx_word' id='word_1_221' title='bbox 869 2548 916 2609; x_wconf 89' lang='lat' dir='ltr'><strong>vel</strong></span> <span class='ocrx_word' id='word_1_222' title='bbox 939 2546 1104 2628; x_wconf 89' lang='lat' dir='ltr'><strong>quievisset</strong></span> <span class='ocrx_word' id='word_1_223' title='bbox 1130 2547 1231 2627; x_wconf 90' lang='lat' dir='ltr'><strong>ipse):</strong></span> <span class='ocrx_word' id='word_1_224' title='bbox 1260 2546 1415 2610; x_wconf 87' lang='lat' dir='ltr'><strong>eeleritate</strong></span> <span class='ocrx_word' id='word_1_225' title='bbox 1438 2555 1537 2610; x_wconf 91' lang='lat' dir='ltr'><strong>motus</strong></span> <span class='ocrx_word' id='word_1_226' title='bbox 1558 2545 1670 2627; x_wconf 90' lang='lat' dir='ltr'><strong>proprii</strong></span> <span class='ocrx_word' id='word_1_227' title='bbox 1692 2545 1722 2608; x_wconf 93' lang='lat' dir='ltr'><strong>in</strong></span> 
     </span>
     <span class='ocr_line' id='line_1_23' title="bbox 376 2635 1721 2717; baseline -0.003 -16"><span class='ocrx_word' id='word_1_228' title='bbox 376 2636 593 2717; x_wconf 88' lang='lat' dir='ltr'><strong>consequentia</strong></span> <span class='ocrx_word' id='word_1_229' title='bbox 626 2635 767 2715; x_wconf 90' lang='lat' dir='ltr'><strong>apparuit</strong></span> <span class='ocrx_word' id='word_1_230' title='bbox 796 2636 946 2698; x_wconf 91' lang='lat' dir='ltr'><strong>directus:</strong></span> <span class='ocrx_word' id='word_1_231' title='bbox 980 2636 1026 2698; x_wconf 90' lang='lat' dir='ltr'><strong>cui</strong></span> <span class='ocrx_word' id='word_1_232' title='bbox 1057 2637 1083 2699; x_wconf 90' lang='lat' dir='ltr'><strong>si</strong></span> <span class='ocrx_word' id='word_1_233' title='bbox 1115 2656 1220 2717; x_wconf 90' lang='lat' dir='ltr'><strong>parum</strong></span> <span class='ocrx_word' id='word_1_234' title='bbox 1251 2638 1288 2698; x_wconf 89' lang='lat' dir='ltr'><strong>de</strong></span> <span class='ocrx_word' id='word_1_235' title='bbox 1318 2645 1401 2698; x_wconf 90' lang='lat' dir='ltr'><strong>motu</strong></span> <span class='ocrx_word' id='word_1_236' title='bbox 1436 2635 1556 2716; x_wconf 88' lang='lat' dir='ltr'><strong>proprio</strong></span> <span class='ocrx_word' id='word_1_237' title='bbox 1591 2635 1721 2711; x_wconf 81' lang='lat' dir='ltr'><strong>auferas,</strong></span> 
     </span>
     <span class='ocr_line' id='line_1_24' title="bbox 376 2721 1723 2801; baseline -0.004 -11"><span class='ocrx_word' id='word_1_238' title='bbox 376 2726 589 2790; x_wconf 87' lang='lat' dir='ltr'><strong>stationarium</strong></span> <span class='ocrx_word' id='word_1_239' title='bbox 609 2725 721 2788; x_wconf 86' lang='lat' dir='ltr'><strong>efficies</strong></span> <span class='ocrx_word' id='word_1_240' title='bbox 741 2726 780 2786; x_wconf 91' lang='lat' dir='ltr'><strong>ad</strong></span> <span class='ocrx_word' id='word_1_241' title='bbox 799 2725 907 2788; x_wconf 81' lang='lat' dir='ltr'><strong>risum.</strong></span> <span class='ocrx_word' id='word_1_242' title='bbox 931 2725 973 2787; x_wconf 89' lang='lat' dir='ltr'><strong>Et</strong></span> <span class='ocrx_word' id='word_1_243' title='bbox 991 2725 1041 2788; x_wconf 91' lang='lat' dir='ltr'><strong>ille</strong></span> <span class='ocrx_word' id='word_1_244' title='bbox 1062 2727 1140 2787; x_wconf 89' lang='lat' dir='ltr'><strong>alter</strong></span> <span class='ocrx_word' id='word_1_245' title='bbox 1160 2723 1340 2801; x_wconf 85' lang='lat' dir='ltr'><strong>anni1580,</strong></span> <span class='ocrx_word' id='word_1_246' title='bbox 1365 2745 1431 2787; x_wconf 91' lang='lat' dir='ltr'><strong>cum</strong></span> <span class='ocrx_word' id='word_1_247' title='bbox 1449 2744 1549 2788; x_wconf 88' lang='lat' dir='ltr'><strong>meuse</strong></span> <span class='ocrx_word' id='word_1_248' title='bbox 1564 2721 1723 2788; x_wconf 91' lang='lat' dir='ltr'><strong>Decembri</strong></span> 
     </span>
     <span class='ocr_line' id='line_1_25' title="bbox 377 2813 1723 2895; baseline -0.001 -16"><span class='ocrx_word' id='word_1_249' title='bbox 377 2815 574 2879; x_wconf 89' lang='lat' dir='ltr'><strong>stationarius</strong></span> <span class='ocrx_word' id='word_1_250' title='bbox 597 2822 765 2895; x_wconf 85' lang='lat' dir='ltr'><strong>appareret,</strong></span> <span class='ocrx_word' id='word_1_251' title='bbox 790 2822 873 2876; x_wconf 95' lang='lat' dir='ltr'><strong>motu</strong></span> <span class='ocrx_word' id='word_1_252' title='bbox 895 2814 1014 2895; x_wconf 92' lang='lat' dir='ltr'><strong>proprio</strong></span> <span class='ocrx_word' id='word_1_253' title='bbox 1029 2816 1125 2877; x_wconf 90' lang='lat' dir='ltr'><strong>adhuc</strong></span> <span class='ocrx_word' id='word_1_254' title='bbox 1149 2816 1301 2885; x_wconf 82' lang='lat' dir='ltr'><strong>serebatur</strong></span> <span class='ocrx_word' id='word_1_255' title='bbox 1323 2814 1452 2877; x_wconf 83' lang='lat' dir='ltr'><strong>in‘linea</strong></span> <span class='ocrx_word' id='word_1_256' title='bbox 1475 2834 1531 2877; x_wconf 87' lang='lat' dir='ltr'><strong>sua</strong></span> <span class='ocrx_word' id='word_1_257' title='bbox 1549 2813 1723 2894; x_wconf 90' lang='lat' dir='ltr'><strong>trajectoria</strong></span> 
     </span>
     <span class='ocr_line' id='line_1_26' title="bbox 377 2902 1722 2986; baseline -0.002 -18"><span class='ocrx_word' id='word_1_258' title='bbox 377 2924 483 2968; x_wconf 88' lang='lat' dir='ltr'><strong>versus</strong></span> <span class='ocrx_word' id='word_1_259' title='bbox 506 2904 593 2966; x_wconf 86' lang='lat' dir='ltr'><strong>linem</strong></span> <span class='ocrx_word' id='word_1_260' title='bbox 613 2904 722 2966; x_wconf 88' lang='lat' dir='ltr'><strong>Librae</strong></span> <span class='ocrx_word' id='word_1_261' title='bbox 743 2913 774 2964; x_wconf 90' lang='lat' dir='ltr'><strong>et</strong></span> <span class='ocrx_word' id='word_1_262' title='bbox 788 2902 967 2983; x_wconf 90' lang='lat' dir='ltr'><strong>eclipticam,</strong></span> <span class='ocrx_word' id='word_1_263' title='bbox 990 2904 1129 2984; x_wconf 86' lang='lat' dir='ltr'><strong>aequalia</strong></span> <span class='ocrx_word' id='word_1_264' title='bbox 1151 2904 1363 2986; x_wconf 90' lang='lat' dir='ltr'><strong>propemodum</strong></span> <span class='ocrx_word' id='word_1_265' title='bbox 1382 2902 1484 2985; x_wconf 89' lang='lat' dir='ltr'><strong>spatia</strong></span> <span class='ocrx_word' id='word_1_266' title='bbox 1501 2902 1586 2965; x_wconf 90' lang='lat' dir='ltr'><strong>initio</strong></span> <span class='ocrx_word' id='word_1_267' title='bbox 1611 2922 1646 2965; x_wconf 91' lang='lat' dir='ltr'><strong>ac</strong></span> <span class='ocrx_word' id='word_1_268' title='bbox 1665 2903 1722 2966; x_wconf 86' lang='lat' dir='ltr'><strong>fine</strong></span> 
     </span>
     <span class='ocr_line' id='line_1_27' title="bbox 376 2990 1723 3073; baseline -0.003 -15"><span class='ocrx_word' id='word_1_269' title='bbox 376 3014 528 3059; x_wconf 86' lang='lat' dir='ltr'><strong>emensus.</strong></span> <span class='ocrx_word' id='word_1_270' title='bbox 574 2993 681 3073; x_wconf 89' lang='lat' dir='ltr'><strong>Itaque</strong></span> <span class='ocrx_word' id='word_1_271' title='bbox 704 2992 730 3053; x_wconf 92' lang='lat' dir='ltr'><strong>si</strong></span> <span class='ocrx_word' id='word_1_272' title='bbox 753 2992 842 3054; x_wconf 90' lang='lat' dir='ltr'><strong>Plinii</strong></span> <span class='ocrx_word' id='word_1_273' title='bbox 874 3000 976 3053; x_wconf 89' lang='lat' dir='ltr'><strong>aetate</strong></span> <span class='ocrx_word' id='word_1_274' title='bbox 1000 2993 1048 3054; x_wconf 88' lang='lat' dir='ltr'><strong>vel</strong></span> <span class='ocrx_word' id='word_1_275' title='bbox 1072 3002 1142 3054; x_wconf 89' lang='lat' dir='ltr'><strong>ante</strong></span> <span class='ocrx_word' id='word_1_276' title='bbox 1170 2993 1267 3073; x_wconf 90' lang='lat' dir='ltr'><strong>ipsum</strong></span> <span class='ocrx_word' id='word_1_277' title='bbox 1294 2991 1366 3055; x_wconf 89' lang='lat' dir='ltr'><strong>talis</strong></span> <span class='ocrx_word' id='word_1_278' title='bbox 1399 2998 1516 3055; x_wconf 88' lang='lat' dir='ltr'><strong>cometa</strong></span> <span class='ocrx_word' id='word_1_279' title='bbox 1543 2992 1644 3068; x_wconf 85' lang='lat' dir='ltr'><strong>fulsit,</strong></span> <span class='ocrx_word' id='word_1_280' title='bbox 1674 2990 1723 3073; x_wconf 90' lang='lat' dir='ltr'><strong>qui</strong></span> 
     </span>
     <span class='ocr_line' id='line_1_28' title="bbox 376 3079 1722 3162; baseline -0.003 -15"><span class='ocrx_word' id='word_1_281' title='bbox 376 3080 575 3147; x_wconf 79' lang='lat' dir='ltr'><strong>stationarius</strong></span> <span class='ocrx_word' id='word_1_282' title='bbox 594 3082 777 3153; x_wconf 86' lang='lat' dir='ltr'><strong>redderetur,</strong></span> <span class='ocrx_word' id='word_1_283' title='bbox 802 3100 869 3143; x_wconf 91' lang='lat' dir='ltr'><strong>cum</strong></span> <span class='ocrx_word' id='word_1_284' title='bbox 890 3088 960 3143; x_wconf 86' lang='lat' dir='ltr'><strong>auto</strong></span> <span class='ocrx_word' id='word_1_285' title='bbox 980 3089 1097 3162; x_wconf 88' lang='lat' dir='ltr'><strong>etpost</strong></span> <span class='ocrx_word' id='word_1_286' title='bbox 1116 3083 1192 3145; x_wconf 82' lang='lat' dir='ltr'><strong>forts</strong></span> <span class='ocrx_word' id='word_1_287' title='bbox 1212 3101 1271 3144; x_wconf 92' lang='lat' dir='ltr'><strong>nou</strong></span> <span class='ocrx_word' id='word_1_288' title='bbox 1290 3089 1372 3144; x_wconf 87' lang='lat' dir='ltr'><strong>esset</strong></span> <span class='ocrx_word' id='word_1_289' title='bbox 1389 3082 1489 3145; x_wconf 88' lang='lat' dir='ltr'><strong>visus:</strong></span> <span class='ocrx_word' id='word_1_290' title='bbox 1514 3080 1582 3144; x_wconf 93' lang='lat' dir='ltr'><strong>hinc</strong></span> <span class='ocrx_word' id='word_1_291' title='bbox 1604 3079 1722 3145; x_wconf 88' lang='lat' dir='ltr'><strong>occasio</strong></span> 
     </span>
     <span class='ocr_line' id='line_1_29' title="bbox 374 3170 1602 3253; baseline -0.002 -16"><span class='ocrx_word' id='word_1_292' title='bbox 374 3172 476 3237; x_wconf 90' lang='lat' dir='ltr'><strong>Plinio</strong></span> <span class='ocrx_word' id='word_1_293' title='bbox 500 3190 567 3234; x_wconf 88' lang='lat' dir='ltr'><strong>esse</strong></span> <span class='ocrx_word' id='word_1_294' title='bbox 590 3171 698 3251; x_wconf 88' lang='lat' dir='ltr'><strong>potuit,</strong></span> <span class='ocrx_word' id='word_1_295' title='bbox 721 3190 811 3232; x_wconf 88' lang='lat' dir='ltr'><strong>unam</strong></span> <span class='ocrx_word' id='word_1_296' title='bbox 834 3177 1016 3233; x_wconf 88' lang='lat' dir='ltr'><strong>cometarum</strong></span> <span class='ocrx_word' id='word_1_297' title='bbox 1040 3170 1233 3235; x_wconf 90' lang='lat' dir='ltr'><strong>immobilium</strong></span> <span class='ocrx_word' id='word_1_298' title='bbox 1255 3170 1385 3252; x_wconf 88' lang='lat' dir='ltr'><strong>speciem</strong></span> <span class='ocrx_word' id='word_1_299' title='bbox 1408 3170 1602 3253; x_wconf 86' lang='lat' dir='ltr'><strong>confingendi.</strong></span> 
     </span>
    </p>
   </div>
   <div class='ocr_carea' id='block_1_3' title="bbox 958 3413 1143 3428">
    <p class='ocr_par' dir='ltr' id='par_1_4' title="bbox 958 3413 1143 3428">
     <span class='ocr_line' id='line_1_30' title="bbox 958 3413 1143 3428; baseline 0 -1"><span class='ocrx_word' id='word_1_300' title='bbox 958 3413 1143 3428; x_wconf 69' lang='lat'>...—</span> 
     </span>
    </p>
   </div>
   <div class='ocr_carea' id='block_1_4' title="bbox 373 3629 1720 3897">
    <p class='ocr_par' dir='ltr' id='par_1_5' title="bbox 373 3629 1720 3897">
     <span class='ocr_line' id='line_1_31' title="bbox 905 3629 1194 3730; baseline -0.007 -25"><span class='ocrx_word' id='word_1_301' title='bbox 905 3631 1024 3730; x_wconf 88' lang='lat' dir='ltr'><strong>Caput</strong></span> <span class='ocrx_word' id='word_1_302' title='bbox 1052 3629 1194 3705; x_wconf 88' lang='lat' dir='ltr'>XXVI.</span> 
     </span>
     <span class='ocr_line' id='line_1_32' title="bbox 373 3804 1720 3897; baseline -0.007 -21"><span class='ocrx_word' id='word_1_303' title='bbox 373 3814 432 3876; x_wconf 78' lang='lat' dir='ltr'><strong>Aa</strong></span> <span class='ocrx_word' id='word_1_304' title='bbox 441 3809 579 3893; x_wconf 68' lang='lat' dir='ltr'><strong>fortuito</strong></span> <span class='ocrx_word' id='word_1_305' title='bbox 595 3809 788 3871; x_wconf 66' lang='lat' dir='ltr'><strong>conmorit</strong></span> <span class='ocrx_word' id='word_1_306' title='bbox 802 3809 893 3897; x_wconf 63' lang='lat' dir='ltr'><strong>sidus</strong></span> <span class='ocrx_word' id='word_1_307' title='bbox 907 3810 965 3872; x_wconf 85' lang='lat' dir='ltr'><strong>boo</strong></span> <span class='ocrx_word' id='word_1_308' title='bbox 979 3830 1050 3873; x_wconf 85' lang='lat' dir='ltr'><strong>oum</strong></span> <span class='ocrx_word' id='word_1_309' title='bbox 1066 3816 1203 3891; x_wconf 72' lang='lat' dir='ltr'><strong>temporo</strong></span> <span class='ocrx_word' id='word_1_310' title='bbox 1216 3815 1244 3871; x_wconf 81' lang='lat' dir='ltr'><strong>ot</strong></span> <span class='ocrx_word' id='word_1_311' title='bbox 1257 3804 1325 3871; x_wconf 79' lang='lat' dir='ltr'><strong>loco</strong></span> <span class='ocrx_word' id='word_1_312' title='bbox 1341 3804 1567 3893; x_wconf 55' lang='lat' dir='ltr'><strong>coquantioru‘s</strong></span> <span class='ocrx_word' id='word_1_313' title='bbox 1577 3825 1720 3888; x_wconf 71' lang='lat' dir='ltr'><strong>magnae.</strong></span> 
     </span>
    </p>
   </div>
   <div class='ocr_carea' id='block_1_5' title="bbox 370 3967 1811 5284">
    <p class='ocr_par' dir='ltr' id='par_1_6' title="bbox 370 3967 1811 5210">
     <span class='ocr_line' id='line_1_33' title="bbox 466 3967 1723 4051; baseline -0.001 -21"><span class='ocrx_word' id='word_1_314' title='bbox 466 3968 710 4051; x_wconf 88' lang='lat' dir='ltr'><strong>Disputatiouem</strong></span> <span class='ocrx_word' id='word_1_315' title='bbox 741 3967 921 4047; x_wconf 89' lang='lat' dir='ltr'><strong>ingredimur</strong></span> <span class='ocrx_word' id='word_1_316' title='bbox 953 3969 1081 4032; x_wconf 89' lang='lat' dir='ltr'><strong>omniurn</strong></span> <span class='ocrx_word' id='word_1_317' title='bbox 1113 3987 1188 4049; x_wconf 87' lang='lat' dir='ltr'><strong>quae</strong></span> <span class='ocrx_word' id='word_1_318' title='bbox 1219 3974 1290 4030; x_wconf 92' lang='lat' dir='ltr'><strong>sunt</strong></span> <span class='ocrx_word' id='word_1_319' title='bbox 1322 3967 1358 4028; x_wconf 89' lang='lat' dir='ltr'><strong>ds</strong></span> <span class='ocrx_word' id='word_1_320' title='bbox 1390 3972 1457 4028; x_wconf 91' lang='lat' dir='ltr'><strong>tota</strong></span> <span class='ocrx_word' id='word_1_321' title='bbox 1489 3983 1585 4027; x_wconf 90' lang='lat' dir='ltr'><strong>rernm</strong></span> <span class='ocrx_word' id='word_1_322' title='bbox 1614 3972 1723 4029; x_wconf 88' lang='lat' dir='ltr'><strong>natura</strong></span> 
     </span>
     <span class='ocr_line' id='line_1_34' title="bbox 375 4053 1722 4139; baseline -0.004 -16"><span class='ocrx_word' id='word_1_323' title='bbox 375 4058 583 4123; x_wconf 86' lang='lat' dir='ltr'><strong>difficillimam</strong></span> <span class='ocrx_word' id='word_1_324' title='bbox 602 4066 633 4119; x_wconf 91' lang='lat' dir='ltr'><strong>et</strong></span> <span class='ocrx_word' id='word_1_325' title='bbox 647 4054 915 4137; x_wconf 82' lang='lat' dir='ltr'><strong>perplexissimam,</strong></span> <span class='ocrx_word' id='word_1_326' title='bbox 941 4077 998 4119; x_wconf 91' lang='lat' dir='ltr'><strong>non</strong></span> <span class='ocrx_word' id='word_1_327' title='bbox 1013 4065 1129 4120; x_wconf 86' lang='lat' dir='ltr'><strong>tantum</strong></span> <span class='ocrx_word' id='word_1_328' title='bbox 1147 4066 1269 4137; x_wconf 90' lang='lat' dir='ltr'><strong>propter</strong></span> <span class='ocrx_word' id='word_1_329' title='bbox 1292 4053 1476 4139; x_wconf 89' lang='lat' dir='ltr'><strong>quaestionis</strong></span> <span class='ocrx_word' id='word_1_330' title='bbox 1500 4054 1722 4129; x_wconf 87' lang='lat' dir='ltr'><strong>obscuritatem,</strong></span> 
     </span>
     <span class='ocr_line' id='line_1_35' title="bbox 375 4143 1722 4228; baseline -0.003 -17"><span class='ocrx_word' id='word_1_331' title='bbox 375 4149 434 4211; x_wconf 89' lang='lat' dir='ltr'><strong>sed</strong></span> <span class='ocrx_word' id='word_1_332' title='bbox 466 4148 559 4210; x_wconf 90' lang='lat' dir='ltr'><strong>etiam</strong></span> <span class='ocrx_word' id='word_1_333' title='bbox 591 4152 714 4228; x_wconf 89' lang='lat' dir='ltr'><strong>propter</strong></span> <span class='ocrx_word' id='word_1_334' title='bbox 745 4145 863 4207; x_wconf 89' lang='lat' dir='ltr'><strong>validas</strong></span> <span class='ocrx_word' id='word_1_335' title='bbox 896 4146 990 4208; x_wconf 90' lang='lat' dir='ltr'><strong>totius</strong></span> <span class='ocrx_word' id='word_1_336' title='bbox 1026 4147 1146 4209; x_wconf 89' lang='lat' dir='ltr'><strong>humaui</strong></span> <span class='ocrx_word' id='word_1_337' title='bbox 1180 4144 1298 4227; x_wconf 89' lang='lat' dir='ltr'><strong>generis</strong></span> <span class='ocrx_word' id='word_1_338' title='bbox 1332 4144 1530 4208; x_wconf 86' lang='lat' dir='ltr'><strong>discessiones</strong></span> <span class='ocrx_word' id='word_1_339' title='bbox 1560 4143 1589 4207; x_wconf 93' lang='lat' dir='ltr'><strong>in</strong></span> <span class='ocrx_word' id='word_1_340' title='bbox 1618 4151 1722 4225; x_wconf 87' lang='lat' dir='ltr'><strong>partes</strong></span> 
     </span>
     <span class='ocr_line' id='line_1_36' title="bbox 375 4233 1720 4316; baseline -0.004 -15"><span class='ocrx_word' id='word_1_341' title='bbox 375 4236 497 4302; x_wconf 91' lang='lat' dir='ltr'><strong>omnino</strong></span> <span class='ocrx_word' id='word_1_342' title='bbox 530 4235 709 4298; x_wconf 75' lang='lat' dir='ltr'><strong>contrarias.</strong></span> <span class='ocrx_word' id='word_1_343' title='bbox 755 4233 803 4295; x_wconf 83' lang='lat' dir='ltr'><strong>Ex</strong></span> <span class='ocrx_word' id='word_1_344' title='bbox 825 4234 1028 4315; x_wconf 90' lang='lat' dir='ltr'><strong>superioribus</strong></span> <span class='ocrx_word' id='word_1_345' title='bbox 1060 4235 1165 4316; x_wconf 77' lang='lat' dir='ltr'><strong>patet&#39;,</strong></span> <span class='ocrx_word' id='word_1_346' title='bbox 1199 4235 1320 4298; x_wconf 87' lang='lat' dir='ltr'><strong>stellam</strong></span> <span class='ocrx_word' id='word_1_347' title='bbox 1350 4241 1447 4297; x_wconf 89' lang='lat' dir='ltr'><strong>ortam</strong></span> <span class='ocrx_word' id='word_1_348' title='bbox 1480 4252 1548 4295; x_wconf 89' lang='lat' dir='ltr'><strong>esso</strong></span> <span class='ocrx_word' id='word_1_349' title='bbox 1570 4252 1605 4295; x_wconf 90' lang='lat' dir='ltr'><strong>eo</strong></span> <span class='ocrx_word' id='word_1_350' title='bbox 1633 4253 1720 4309; x_wconf 90' lang='lat' dir='ltr'><strong>anno,</strong></span> 
     </span>
     <span class='ocr_line' id='line_1_37' title="bbox 376 4321 1720 4409; baseline -0.003 -19"><span class='ocrx_word' id='word_1_351' title='bbox 376 4347 435 4409; x_wconf 94' lang='lat' dir='ltr'><strong>quo</strong></span> <span class='ocrx_word' id='word_1_352' title='bbox 460 4325 517 4388; x_wconf 83' lang='lat' dir='ltr'><strong>luit</strong></span> <span class='ocrx_word' id='word_1_353' title='bbox 538 4324 707 4406; x_wconf 89' lang='lat' dir='ltr'><strong>conjunctio</strong></span> <span class='ocrx_word' id='word_1_354' title='bbox 731 4322 854 4398; x_wconf 80' lang='lat' dir='ltr'><strong>Saturni</strong></span> <span class='ocrx_word' id='word_1_355' title='bbox 878 4332 908 4385; x_wconf 93' lang='lat' dir='ltr'><strong>et</strong></span> <span class='ocrx_word' id='word_1_356' title='bbox 930 4322 1085 4399; x_wconf 74' lang='lat' dir='ltr'><strong>Jovis„in</strong></span> <span class='ocrx_word' id='word_1_357' title='bbox 1108 4324 1252 4404; x_wconf 91' lang='lat' dir='ltr'><strong>principio</strong></span> <span class='ocrx_word' id='word_1_358' title='bbox 1276 4322 1456 4406; x_wconf 87' lang='lat' dir='ltr'><strong>Sagittarii;</strong></span> <span class='ocrx_word' id='word_1_359' title='bbox 1483 4321 1534 4387; x_wconf 89' lang='lat' dir='ltr'><strong>ubi</strong></span> <span class='ocrx_word' id='word_1_360' title='bbox 1562 4322 1620 4385; x_wconf 91' lang='lat' dir='ltr'><strong>loci</strong></span> <span class='ocrx_word' id='word_1_361' title='bbox 1646 4342 1720 4386; x_wconf 92' lang='lat' dir='ltr'><strong>con·</strong></span> 
     </span>
     <span class='ocr_line' id='line_1_38' title="bbox 370 4411 1721 4499; baseline -0.004 -21"><span class='ocrx_word' id='word_1_362' title='bbox 370 4415 492 4499; x_wconf 88' lang='lat' dir='ltr'><strong>junctio</strong></span> <span class='ocrx_word' id='word_1_363' title='bbox 515 4415 587 4477; x_wconf 87' lang='lat' dir='ltr'><strong>talis</strong></span> <span class='ocrx_word' id='word_1_364' title='bbox 610 4412 737 4493; x_wconf 87' lang='lat' dir='ltr'><strong>contigit</strong></span> <span class='ocrx_word' id='word_1_365' title='bbox 760 4434 779 4474; x_wconf 88' lang='lat' dir='ltr'><strong>a</strong></span> <span class='ocrx_word' id='word_1_366' title='bbox 798 4413 906 4475; x_wconf 92' lang='lat' dir='ltr'><strong>mundo</strong></span> <span class='ocrx_word' id='word_1_367' title='bbox 930 4412 1050 4475; x_wconf 91' lang='lat' dir='ltr'><strong>condito</strong></span> <span class='ocrx_word' id='word_1_368' title='bbox 1072 4432 1130 4475; x_wconf 89' lang='lat' dir='ltr'><strong>non</strong></span> <span class='ocrx_word' id='word_1_369' title='bbox 1155 4413 1221 4495; x_wconf 91' lang='lat' dir='ltr'><strong>plus</strong></span> <span class='ocrx_word' id='word_1_370' title='bbox 1245 4415 1368 4494; x_wconf 86' lang='lat' dir='ltr'><strong>septies,</strong></span> <span class='ocrx_word' id='word_1_371' title='bbox 1393 4413 1422 4475; x_wconf 93' lang='lat' dir='ltr'><strong>in</strong></span> <span class='ocrx_word' id='word_1_372' title='bbox 1438 4420 1555 4494; x_wconf 87' lang='lat' dir='ltr'><strong>septem</strong></span> <span class='ocrx_word' id='word_1_373' title='bbox 1577 4411 1721 4488; x_wconf 90' lang='lat' dir='ltr'><strong>illustris-</strong></span> 
     </span>
     <span class='ocr_line' id='line_1_39' title="bbox 377 4500 1722 4583; baseline -0.001 -16"><span class='ocrx_word' id='word_1_374' title='bbox 377 4504 464 4568; x_wconf 89' lang='lat' dir='ltr'><strong>simis</strong></span> <span class='ocrx_word' id='word_1_375' title='bbox 488 4503 599 4565; x_wconf 88' lang='lat' dir='ltr'><strong>aetatis</strong></span> <span class='ocrx_word' id='word_1_376' title='bbox 622 4504 788 4565; x_wconf 86' lang='lat' dir='ltr'><strong>mundanae</strong></span> <span class='ocrx_word' id='word_1_377' title='bbox 811 4501 957 4578; x_wconf 88' lang='lat' dir='ltr'><strong>articulis,</strong></span> <span class='ocrx_word' id='word_1_378' title='bbox 981 4501 1163 4583; x_wconf 83' lang='lat' dir='ltr'><strong>octingentis</strong></span> <span class='ocrx_word' id='word_1_379' title='bbox 1184 4502 1271 4565; x_wconf 89' lang='lat' dir='ltr'><strong>annis</strong></span> <span class='ocrx_word' id='word_1_380' title='bbox 1294 4504 1371 4582; x_wconf 75' lang='lat' dir='ltr'><strong>inter</strong></span> <span class='ocrx_word' id='word_1_381' title='bbox 1388 4501 1475 4565; x_wconf 80' lang='lat' dir='ltr'><strong>binas</strong></span> <span class='ocrx_word' id='word_1_382' title='bbox 1498 4500 1722 4582; x_wconf 84' lang='lat' dir='ltr'><strong>conjunctiones</strong></span> 
     </span>
     <span class='ocr_line' id='line_1_40' title="bbox 376 4585 1722 4672; baseline -0.005 -14"><span class='ocrx_word' id='word_1_383' title='bbox 376 4591 647 4658; x_wconf 86' lang='lat' dir='ltr'><strong>interlabentibus:</strong></span> <span class='ocrx_word' id='word_1_384' title='bbox 680 4598 779 4654; x_wconf 88' lang='lat' dir='ltr'><strong>ortam</strong></span> <span class='ocrx_word' id='word_1_385' title='bbox 810 4591 902 4672; x_wconf 89' lang='lat' dir='ltr'><strong>igitur</strong></span> <span class='ocrx_word' id='word_1_386' title='bbox 925 4610 991 4653; x_wconf 89' lang='lat' dir='ltr'><strong>esse</strong></span> <span class='ocrx_word' id='word_1_387' title='bbox 1020 4590 1076 4654; x_wconf 90' lang='lat' dir='ltr'><strong>sub</strong></span> <span class='ocrx_word' id='word_1_388' title='bbox 1105 4591 1282 4672; x_wconf 90' lang='lat' dir='ltr'><strong>principium</strong></span> <span class='ocrx_word' id='word_1_389' title='bbox 1313 4590 1499 4672; x_wconf 87' lang='lat' dir='ltr'><strong>triplicitatis</strong></span> <span class='ocrx_word' id='word_1_390' title='bbox 1522 4589 1645 4671; x_wconf 83' lang='lat' dir='ltr'><strong>igneae,</strong></span> <span class='ocrx_word' id='word_1_391' title='bbox 1678 4585 1722 4653; x_wconf 91' lang='lat' dir='ltr'><strong>rei</strong></span> 
     </span>
     <span class='ocr_line' id='line_1_41' title="bbox 378 4679 1721 4766; baseline -0.003 -21"><span class='ocrx_word' id='word_1_392' title='bbox 378 4683 459 4766; x_wconf 90' lang='lat' dir='ltr'><strong>apud</strong></span> <span class='ocrx_word' id='word_1_393' title='bbox 492 4682 662 4761; x_wconf 87' lang='lat' dir='ltr'><strong>astrologos</strong></span> <span class='ocrx_word' id='word_1_394' title='bbox 686 4700 705 4743; x_wconf 90' lang='lat' dir='ltr'><strong>a</strong></span> <span class='ocrx_word' id='word_1_395' title='bbox 729 4681 833 4744; x_wconf 86' lang='lat' dir='ltr'><strong>multis</strong></span> <span class='ocrx_word' id='word_1_396' title='bbox 864 4680 950 4742; x_wconf 86' lang='lat' dir='ltr'><strong>annis</strong></span> <span class='ocrx_word' id='word_1_397' title='bbox 981 4679 1235 4744; x_wconf 87' lang='lat' dir='ltr'><strong>celebratissimae</strong></span> <span class='ocrx_word' id='word_1_398' title='bbox 1242 4700 1252 4756; x_wconf 92' lang='lat'>;</span> <span class='ocrx_word' id='word_1_399' title='bbox 1285 4688 1383 4744; x_wconf 85' lang='lat' dir='ltr'><strong>ortam</strong></span> <span class='ocrx_word' id='word_1_400' title='bbox 1412 4699 1449 4765; x_wconf 90' lang='lat' dir='ltr'><strong>eo</strong></span> <span class='ocrx_word' id='word_1_401' title='bbox 1479 4679 1631 4761; x_wconf 86' lang='lat' dir='ltr'><strong>temporo,</strong></span> <span class='ocrx_word' id='word_1_402' title='bbox 1664 4696 1721 4761; x_wconf 88' lang='lat' dir='ltr'><strong>quo</strong></span> 
     </span>
     <span class='ocr_line' id='line_1_42' title="bbox 377 4769 1722 4857; baseline -0.006 -20"><span class='ocrx_word' id='word_1_403' title='bbox 377 4772 480 4857; x_wconf 91' lang='lat' dir='ltr'><strong>potior</strong></span> <span class='ocrx_word' id='word_1_404' title='bbox 502 4790 574 4853; x_wconf 90' lang='lat' dir='ltr'><strong>pars</strong></span> <span class='ocrx_word' id='word_1_405' title='bbox 597 4770 747 4834; x_wconf 89' lang='lat' dir='ltr'><strong>homiuum</strong></span> <span class='ocrx_word' id='word_1_406' title='bbox 770 4770 993 4851; x_wconf 81' lang='lat' dir='ltr'><strong>exspectatione</strong></span> <span class='ocrx_word' id='word_1_407' title='bbox 1016 4789 1114 4833; x_wconf 88' lang='lat' dir='ltr'><strong>rerum</strong></span> <span class='ocrx_word' id='word_1_408' title='bbox 1136 4789 1286 4833; x_wconf 89' lang='lat' dir='ltr'><strong>novarum·</strong></span> <span class='ocrx_word' id='word_1_409' title='bbox 1302 4769 1552 4851; x_wconf 82' lang='lat' dir='ltr'><strong>maximarumque</strong></span> <span class='ocrx_word' id='word_1_410' title='bbox 1575 4786 1722 4849; x_wconf 87' lang='lat' dir='ltr'><strong>suspensa</strong></span> 
     </span>
     <span class='ocr_line' id='line_1_43' title="bbox 378 4855 1720 4941; baseline -0.006 -15"><span class='ocrx_word' id='word_1_411' title='bbox 378 4862 558 4936; x_wconf 76' lang='lat' dir='ltr'><strong>tenebatur3</strong></span> <span class='ocrx_word' id='word_1_412' title='bbox 581 4868 679 4923; x_wconf 89' lang='lat' dir='ltr'><strong>ortam</strong></span> <span class='ocrx_word' id='word_1_413' title='bbox 698 4879 732 4922; x_wconf 90' lang='lat' dir='ltr'><strong>eo</strong></span> <span class='ocrx_word' id='word_1_414' title='bbox 747 4868 891 4940; x_wconf 87' lang='lat' dir='ltr'><strong>tempore,</strong></span> <span class='ocrx_word' id='word_1_415' title='bbox 914 4877 971 4940; x_wconf 91' lang='lat' dir='ltr'><strong>quo</strong></span> <span class='ocrx_word' id='word_1_416' title='bbox 994 4859 1140 4941; x_wconf 87' lang='lat' dir='ltr'><strong>astrologi</strong></span> <span class='ocrx_word' id='word_1_417' title='bbox 1163 4859 1296 4922; x_wconf 90' lang='lat' dir='ltr'><strong>nonnulli</strong></span> <span class='ocrx_word' id='word_1_418' title='bbox 1319 4878 1428 4922; x_wconf 87' lang='lat' dir='ltr'><strong>norum</strong></span> <span class='ocrx_word' id='word_1_419' title='bbox 1450 4855 1562 4937; x_wconf 90' lang='lat' dir='ltr'><strong>aliquid</strong></span> <span class='ocrx_word' id='word_1_420' title='bbox 1583 4856 1613 4919; x_wconf 92' lang='lat' dir='ltr'><strong>in</strong></span> <span class='ocrx_word' id='word_1_421' title='bbox 1637 4857 1720 4919; x_wconf 90' lang='lat' dir='ltr'><strong>coelo</strong></span> 
     </span>
     <span class='ocr_line' id='line_1_44' title="bbox 378 4945 1722 5030; baseline -0.005 -15"><span class='ocrx_word' id='word_1_422' title='bbox 378 4949 631 5016; x_wconf 87' lang='lat' dir='ltr'><strong>confidentissime</strong></span> <span class='ocrx_word' id='word_1_423' title='bbox 655 4950 868 5030; x_wconf 79' lang='lat' dir='ltr'><strong>praedixerant</strong></span> <span class='ocrx_word' id='word_1_424' title='bbox 890 4948 1050 5023; x_wconf 90' lang='lat' dir='ltr'><strong>oritnrnm;</strong></span> <span class='ocrx_word' id='word_1_425' title='bbox 1084 4958 1182 5011; x_wconf 89' lang='lat' dir='ltr'><strong>ortam</strong></span> <span class='ocrx_word' id='word_1_426' title='bbox 1204 4967 1239 5009; x_wconf 92' lang='lat' dir='ltr'><strong>eo</strong></span> <span class='ocrx_word' id='word_1_427' title='bbox 1268 4968 1388 5020; x_wconf 92' lang='lat' dir='ltr'><strong>mense,</strong></span> <span class='ocrx_word' id='word_1_428' title='bbox 1419 4966 1475 5029; x_wconf 90' lang='lat' dir='ltr'><strong>quo</strong></span> <span class='ocrx_word' id='word_1_429' title='bbox 1498 4945 1607 5009; x_wconf 88' lang='lat' dir='ltr'><strong>Martis</strong></span> <span class='ocrx_word' id='word_1_430' title='bbox 1630 4945 1722 5009; x_wconf 90' lang='lat' dir='ltr'><strong>stella</strong></span> 
     </span>
     <span class='ocr_line' id='line_1_45' title="bbox 378 5035 1811 5123; baseline -0.005 -19"><span class='ocrx_word' id='word_1_431' title='bbox 378 5038 584 5123; x_wconf 87' lang='lat' dir='ltr'><strong>superioribus</strong></span> <span class='ocrx_word' id='word_1_432' title='bbox 607 5039 789 5112; x_wconf 89' lang='lat' dir='ltr'><strong>sociabatur,</strong></span> <span class='ocrx_word' id='word_1_433' title='bbox 811 5059 872 5122; x_wconf 88' lang='lat' dir='ltr'><strong>qua</strong></span> <span class='ocrx_word' id='word_1_434' title='bbox 893 5035 975 5118; x_wconf 90' lang='lat' dir='ltr'><strong>prius</strong></span> <span class='ocrx_word' id='word_1_435' title='bbox 999 5038 1123 5101; x_wconf 90' lang='lat' dir='ltr'><strong>absente</strong></span> <span class='ocrx_word' id='word_1_436' title='bbox 1146 5037 1275 5099; x_wconf 89' lang='lat' dir='ltr'><strong>nondum</strong></span> <span class='ocrx_word' id='word_1_437' title='bbox 1298 5044 1366 5101; x_wconf 89' lang='lat' dir='ltr'><strong>erat</strong></span> <span class='ocrx_word' id='word_1_438' title='bbox 1386 5038 1477 5120; x_wconf 88' lang='lat' dir='ltr'><strong>plena</strong></span> <span class='ocrx_word' id='word_1_439' title='bbox 1497 5053 1607 5116; x_wconf 85' lang='lat' dir='ltr'><strong>magna</strong></span> <span class='ocrx_word' id='word_1_440' title='bbox 1629 5053 1720 5117; x_wconf 89' lang='lat' dir='ltr'><strong>supo-</strong></span> <span class='ocrx_word' id='word_1_441' title='bbox 1807 5104 1811 5121; x_wconf 31' lang='grc' dir='ltr'><strong>ι</strong></span> 
     </span>
     <span class='ocr_line' id='line_1_46' title="bbox 379 5115 1721 5210; baseline -0.006 -13"><span class='ocrx_word' id='word_1_442' title='bbox 379 5133 493 5197; x_wconf 79' lang='lat' dir='ltr'><strong>riorum</strong></span> <span class='ocrx_word' id='word_1_443' title='bbox 526 5127 715 5210; x_wconf 87' lang='lat' dir='ltr'><strong>conjunctio:</strong></span> <span class='ocrx_word' id='word_1_444' title='bbox 745 5136 842 5192; x_wconf 90' lang='lat' dir='ltr'><strong>ortam</strong></span> <span class='ocrx_word' id='word_1_445' title='bbox 865 5146 900 5192; x_wconf 90' lang='lat' dir='ltr'><strong>eo</strong></span> <span class='ocrx_word' id='word_1_446' title='bbox 924 5115 986 5202; x_wconf 78' lang='lat' dir='ltr'><strong>die‘,</strong></span> <span class='ocrx_word' id='word_1_447' title='bbox 1022 5145 1078 5209; x_wconf 92' lang='lat' dir='ltr'><strong>quo</strong></span> <span class='ocrx_word' id='word_1_448' title='bbox 1108 5127 1183 5190; x_wconf 89' lang='lat' dir='ltr'><strong>haec</strong></span> <span class='ocrx_word' id='word_1_449' title='bbox 1205 5127 1315 5190; x_wconf 84' lang='lat' dir='ltr'><strong>Martis</strong></span> <span class='ocrx_word' id='word_1_450' title='bbox 1343 5127 1434 5190; x_wconf 84' lang='lat' dir='ltr'><strong>stella</strong></span> <span class='ocrx_word' id='word_1_451' title='bbox 1464 5130 1605 5203; x_wconf 85' lang='lat' dir='ltr'><strong>superato</strong></span> <span class='ocrx_word' id='word_1_452' title='bbox 1631 5125 1721 5207; x_wconf 87' lang='lat' dir='ltr'><strong>paulo</strong></span> 
     </span>
    </p>

    <p class='ocr_par' dir='ltr' id='par_1_7' title="bbox 461 5226 1611 5284">
     <span class='ocr_line' id='line_1_47' title="bbox 461 5226 1611 5284; baseline -0.001 -11"><span class='ocrx_word' id='word_1_453' title='bbox 461 5232 548 5284; x_wconf 71' lang='lat' dir='ltr'><strong>Koplsrt</strong></span> <span class='ocrx_word' id='word_1_454' title='bbox 561 5234 637 5283; x_wconf 72' lang='lat' dir='ltr'><strong>oport.</strong></span> <span class='ocrx_word' id='word_1_455' title='bbox 656 5234 682 5275; x_wconf 82' lang='lat'><strong>11.</strong></span> <span class='ocrx_word' id='word_1_456' title='bbox 1477 5226 1512 5279; x_wconf 68' lang='grc'><strong>45</strong></span> <span class='ocrx_word' id='word_1_457' title='bbox 1579 5235 1611 5267; x_wconf 84' lang='grc'><strong>.’</strong></span> 
     </span>
    </p>
   </div>
   <div class='ocr_carea' id='block_1_6' title="bbox 0 0 2296 6192">
    <p class='ocr_par' dir='ltr' id='par_1_8' title="bbox 0 0 2296 6192">
     <span class='ocr_line' id='line_1_48' title="bbox 0 0 2296 6192; baseline 0 0"><span class='ocrx_word' id='word_1_458' title='bbox 0 0 2296 6192; x_wconf 95' lang='lat' dir='ltr'><strong> </strong></span> 
     </span>
    </p>
   </div>
  </div>
 </body>
</html>
