4584 6192
470 628 514 698 gg
882 618 982 669 Literae
1000 614 1103 682 Ksplsrl
1120 622 1272 690 olimque
1290 630 1392 675 mutuae

471 816 586 890 10gum‚
619 814 715 879 porgit,
751 798 838 861 ruodo
872 793 1023 866 desidero,
1061 798 1125 858 scio
1150 799 1332 863 laboriosum
1365 823 1432 864 esse
1461 807 1631 872 describere
1662 802 1827 869 caleulum.

471 900 539 979 Ego
565 896 590 957 si
615 892 745 956 vicissim
768 888 854 952 Hum.
880 882 961 942 Tuae
980 882 1009 941 in
1033 901 1207 967 quacunque
1229 908 1261 950 re
1289 891 1452 967 gratificari
1473 906 1593 974 potero,
1619 900 1751 962 libenter
1776 904 1827 963 fa-

471 990 561 1050 ciam.
609 984 651 1046 Et
674 996 762 1060 spero
786 976 848 1037 iore
871 970 919 1032 hic
943 973 1098 1045 nonnulla,
1122 993 1199 1054 quae
1224 977 1376 1039 desideres
1400 980 1547 1061 inspicere
1571 995 1603 1049 et
1626 1007 1826 1067 cognoscere.

471 1076 608 1138 Obsecro
633 1079 733 1132 autern
756 1083 809 1144 per
831 1068 951 1123 nostras
975 1068 1071 1134 artes,
1096 1080 1133 1122 ne
1155 1063 1199 1125 ite
1222 1065 1311 1143 plane
1336 1068 1559 1134 obmutescas.“

562 1176 629 1228 Nihil
648 1181 731 1225 autem
748 1163 1043 1233 mmandttllasstnnus,
1063 1181 1109 1230 qno
1128 1174 1208 1217 motus
1226 1170 1324 1221 silentio
1337 1172 1460 1236 Keplerus
1472 1191 1567 1243 quoque
1586 1178 1723 1239 obmutuit,
1744 1182 1827 1234 donee

375 1288 382 1304 .
473 1265 539 1303 anno
560 1244 630 1297 tuot
648 1242 805 1311 sequentibus
823 1238 899 1288 literis
918 1235 1056 1286 absolutam
1074 1238 1150 1288 refert
1168 1237 1296 1304 Operam:

895 1393 1029 1456 Salutem
1053 1403 1084 1456 et
1108 1396 1246 1459 foelicem
1269 1418 1388 1464 annum.

560 1526 735 1592 clarissime
749 1522 820 1595 Vir,
844 1519 1027 1598 Praeceptor
1050 1520 1183 1582 colende.
1229 1522 1311 1597 Etsi,
1336 1526 1428 1590 toties
1446 1527 1511 1607 jam
1527 1531 1678 1612 repulsam
1702 1550 1826 1611 passus,

471 1618 651 1700 repetendis
675 1614 730 1675 abs
754 1611 793 1672 Η.
818 1608 883 1669 Tua
907 1606 1002 1669 literis
1027 1608 1237 1671 abstinendum
1269 1630 1336 1672 esse
1365 1618 1485 1693 putari,
1521 1627 1607 1698 urget
1638 1638 1686 1680 mc
1721 1630 1826 1684 tamen

471 1706 639 1773 necessitas
662 1698 866 1765 astronomica
890 1697 929 1757 ad
944 1697 1123 1775 repetendos
1137 1707 1263 1759 conatus
1287 1700 1364 1762 illos.
1398 1706 1530 1769 Accedit
1543 1709 1683 1770 voluntas
1698 1708 1825 1789 Magni-

469 1797 518 1861 dci
542 1795 598 1857 viri
620 1791 748 1856 Joanuis
771 1785 924 1859 Barwitii,
949 1783 1039 1847 Caes.
1064 1785 1130 1846 Mus
1158 1787 1314 1849 secretarii
1338 1788 1448 1867 intimi,
1480 1795 1564 1876 cujus
1588 1814 1739 1857 consensu
1762 1783 1823 1861 isti

468 1886 577 1949 scribo.
623 1883 700 1944 Peto
725 1884 826 1941 autem
849 1874 904 1936 abs
927 1874 1015 1935 Hum.
1032 1872 1107 1935 Tua
1129 1875 1274 1954 majorem
1296 1876 1326 1937 iu
1350 1882 1485 1959 modum,
1517 1891 1552 1946 nt
1580 1885 1618 1946 ad
1646 1902 1694 1946 me
1718 1893 1825 1949 trans·

467 1976 573 2039 mittas
597 1978 785 2052 quotcunque
809 1961 955 2045 partiales
971 1960 1106 2024 defectus
1120 1963 1224 2025 Lunae
1248 1966 1442 2047 consignatos
1466 1971 1570 2034 habes.
1604 1973 1684 2035 Nam
1708 1974 1735 2036 si
1755 1974 1825 2054 plu-

468 2084 517 2128 res
540 2062 620 2124 idem
643 2080 676 2122 ee
700 2055 814 2119 vidisse
838 2050 1001 2114 aestiment
1024 2050 1099 2123 (scis
1123 2061 1224 2113 autern
1239 2056 1450 2119 aestimatione
1470 2079 1534 2122 rem
1548 2061 1684 2144 peragi),
1710 2063 1827 2123 certio·

466 2172 517 2218 res
540 2150 692 2214 reddimur
715 2147 752 2208 de
776 2142 946 2225 quantitate
970 2140 1117 2201 delectus.
1156 2140 1243 2221 Rogo
1259 2143 1350 2205 etiam
1372 2148 1499 2223 totales,
1524 2149 1681 2230 inquibus
1705 2149 1826 2213 duratio

468 2248 554 2306 certa
576 2247 634 2303 est.
680 2236 760 2300 Nam
784 2231 839 2295 tibi
863 2231 900 2291 de
925 2228 1027 2302 initio,
1060 2228 1136 2306 line,
1169 2229 1337 2308 ingressus,
1371 2251 1512 2313 egressus
1542 2235 1679 2300 articulis
1704 2239 1827 2302 credam

468 2328 581 2409 magis,
608 2345 696 2407 quam
719 2320 859 2386 lusciosis
881 2316 1046 2398 aliquibus,
1080 2336 1203 2395 quornm
1219 2337 1236 2379 e
1251 2339 1372 2382 numero
1396 2322 1462 2403 ipse
1485 2345 1562 2388 sum.
1596 2325 1723 2389 invenio
1747 2328 1826 2391 enim

468 2418 636 2499 negotium,
660 2411 852 2476 altitudinem
875 2406 958 2470 Solis
982 2424 1020 2466 ex
1041 2406 1211 2484 quantitate
1235 2407 1371 2471 defectus
1395 2414 1566 2488 extruendi,
1595 2413 1773 2492 perplexius
1797 2424 1828 2478 st

465 2505 676 2589 periculosius,
710 2517 800 2581 quam
832 2497 983 2573 hucusque
1009 2511 1065 2571 per
1092 2494 1169 2555 hanc
1201 2496 1395 2559 securitatem
1428 2508 1460 2561 et
1491 2500 1661 2563 Ptolemaei
1685 2501 1826 2567 fiduciam

468 2593 663 2665 credidImus,
698 2588 775 2650 adeo
802 2591 837 2647 ut
859 2584 889 2644 in
913 2582 1083 2645 Lnnaribus
1106 2582 1256 2663 Tychonis
1285 2586 1377 2665 (quae
1401 2588 1522 2667 quidam
1545 2587 1742 2654 Christianus
1767 2591 1826 2655 Se-

467 2681 580 2755 verini,
612 2680 735 2752 Danne,
768 2674 911 2757 'Pythone
942 2669 1117 2732 domesticis
1145 2671 1225 2734 curis
1249 2673 1410 2750 distracto,
1441 2678 1648 2752 concinnavit)
1673 2679 1752 2743 ratio
1778 2681 1826 2743 di-

467 2770 655 2835 mensionum
678 2766 768 2846 plane
784 2764 941 2825 destructa
963 2758 1019 2832 sit,
1044 2759 1148 2821 umbra
1162 2761 1315 2823 obtusiore
1330 2763 1496 2841 existente,
1522 2785 1610 2846 quam
1626 2777 1676 2829 est
1698 2770 1828 2849 angulus

469 2877 527 2941 quo
551 2856 605 2919 Sol
629 2860 801 2935 spectatur,
834 2850 913 2932 quod
937 2848 1095 2909 manifeste
1120 2850 1228 2910 laisum
1252 2856 1310 2912 eet.
1356 2852 1413 2913 His
1445 2854 1482 2914 de
1505 2856 1605 2917 causis
1625 2856 1690 2935 jam
1715 2857 1745 2917 in
1770 2876 1827 2938 po-

469 2955 583 3010 sterum
609 2944 677 3006 Deo
705 2948 855 3004 annuente
887 2955 988 2999 curam
1022 2937 1098 2998 harre
1128 2937 1282 3016 eclipsium
1315 2957 1477 3018 resumam,
1511 2962 1636 3023 eumque
1669 2945 1710 3006 ad
1740 2947 1828 3008 finem

469 3032 715 3113 consignationes
738 3030 808 3092 illas
832 3034 895 3089 ate
919 3034 1001 3105 peto.
1035 3023 1173 3096 Quodsi
1197 3026 1406 3106 impetravero,
1423 3032 1593 3094 memineris
1607 3023 1644 3094 eo
1668 3033 1736 3096 loco
1760 3054 1828 3097 esse

468 3124 509 3187 D.
524 3120 714 3193 Barwitium,
738 3117 788 3197 qui
803 3114 929 3179 Caesari
953 3122 1035 3175 tuam
1057 3113 1236 3176 industriam
1259 3119 1469 3179 commendare
1493 3127 1526 3181 et
1548 3124 1827 3199 compensationem

468 3213 632 3293 impetrare
655 3211 769 3288 posset.
816 3202 926 3285 Injecit
958 3202 1153 3275 mentionem,
1189 3223 1227 3264 an
1257 3223 1311 3284 per
1343 3205 1511 3286 Principem
1539 3208 1828 3291 wirtembergicum

471 3298 616 3363 Caesaris
640 3296 758 3358 nomine
782 3293 825 3356 sia
849 3291 1091 3371 compellandus:
1122 3310 1179 3371 ego
1202 3293 1343 3355 confusus
1367 3313 1423 3356 nec
1444 3296 1610 3377 respiciens
1632 3297 1665 3362 id
1688 3299 1746 3362 tibi
1769 3301 1827 3363 ho·

470 3388 535 3450 nori
559 3386 703 3460 futurum,
728 3382 806 3455 dixi,
829 3399 876 3442 me
900 3380 944 3441 sic
966 3379 1049 3458 prius
1072 3380 1150 3442 velle
1175 3382 1314 3460 experiri.
1352 3382 1458 3463 Itaque
1483 3384 1643 3465 nequierit.
1682 3386 1748 3450 Sed
1770 3407 1828 3470 po·

469 3476 544 3540 terit
566 3472 748 3538 commodius
771 3470 834 3532 lieri
849 3470 879 3530 in
899 3468 1016 3530 aliare.
1033 3501 1074 3514 -
1097 3469 1187 3530 Adde
1203 3470 1318 3532 duobus
1332 3472 1446 3546 verbis,
1472 3474 1542 3553 quid
1561 3474 1599 3535 de
1620 3475 1714 3537 stella
1729 3474 1828 3559 Cygni

469 3563 624 3645 incognita
646 3560 776 3635 sentias,
801 3577 877 3641 quae
897 3558 961 3636 jam
985 3556 1014 3618 in
1038 3556 1144 3636 globos
1159 3576 1214 3637 pro
1232 3577 1312 3619 nova
1332 3560 1463 3639 irrepsit.
1490 3591 1531 3604 -
1555 3561 1589 3624 Si
1605 3562 1677 3642 qnid
1691 3581 1827 3627 mearum

470 3652 714 3717 observationum
742 3657 848 3711 contra
875 3647 969 3724 petis,
1004 3644 1153 3725 significa,
1188 3647 1230 3708 nil
1257 3648 1408 3727 gravabor
1435 3650 1567 3712 mittere.
1593 3682 1635 3693 -
1659 3649 1827 3735 Responde

470 3760 582 3824 quaeso
605 3758 660 3821 per
685 3735 775 3801 Gellii
797 3735 1025 3815 Eeslingensem
1047 3733 1251 3810 occasionem,
1285 3736 1356 3816 quid
1383 3736 1465 3802 dicto
1488 3738 1616 3802 Domino
1641 3741 1829 3821 respondere

470 3832 611 3899 debeam,
643 3827 721 3909 quod
745 3826 785 3888 ad
809 3822 973 3887 Gaesarem
995 3822 1118 3885 referat.
1166 3820 1306 3893 Quantus
1336 3826 1378 3887 sit
1399 3825 1429 3885 in
1452 3827 1622 3906 Republica
1644 3847 1704 3890 nou
1730 3832 1829 3893 audeo

469 3920 567 3982 literis
591 3917 785 3979 concredere:
809 3913 912 3993 itaque
935 3930 973 3974 ne
997 3910 1167 3989 vilipendas
1191 3912 1287 3991 ipsum
1311 3913 1466 3977 ludificari.
1503 3913 1670 3996 Opticam
1692 3918 1827 3982 Astro-

468 4009 611 4072 nomiae
644 4012 792 4085 partem
815 4001 873 4064 cal.
897 3999 966 4062 Jan.
991 3999 1100 4071 ubtuli,
1129 4000 1195 4080 jam
1228 4003 1331 4064 laboro
1355 4011 1389 4064 ut
1412 4004 1572 4083 recipiam:
1607 4005 1665 4068 nisi
1698 4007 1758 4070 hoc
1782 4027 1828 4070 me

468 4093 653 4176 impedierit,
677 4093 773 4154 lucem
797 4088 912 4152 videbit
935 4088 974 4150 ad
997 4087 1157 4152 nundinas.
1194 4089 1230 4152 In
1253 4110 1289 4153 eo
1312 4110 1403 4170 opere
1418 4100 1450 4155 tu
1466 4094 1559 4155 lbntis
1574 4103 1666 4173 caput
1680 4116 1724 4173 es,
1750 4094 1827 4160 unde

427 4234 436 4248 .
468 4184 620 4264 magnnm'
638 4183 746 4244 flumen
771 4199 854 4241 meos
878 4196 968 4257 agros
991 4176 1106 4257 irrigat.

557 4273 637 4333 Vale
661 4271 848 4348 Praeceptor
872 4265 1056 4329 charissime
1081 4276 1113 4327 et
1135 4267 1279 4329 rescribe.

561 4377 680 4456 Pragae
707 4372 757 4437 10.
782 4370 868 4449 (20.)
892 4371 962 4434 Jan.
992 4365 1086 4436 1604.
1228 4374 1317 4435 Hom.
1342 4373 1424 4435 Tuae
1447 4374 1639 4452 gratissimus
1663 4376 1828 4459 discipulus
1856 4452 1858 4456 .

1369 4463 1499 4527 Jolaaa
1520 4464 1652 4545 Kepler.

559 4585 716 4652 Quamquam
728 4584 853 4650 Keplerus
869 4583 909 4634 bic
928 4582 1047 4647 singulari
1065 4588 1151 4632 utatur
1169 4583 1282 4642 artificio,
1301 4585 1447 4637 Bnrvitium
1464 4587 1490 4637 in
1509 4602 1611 4639 scenam
1629 4590 1781 4655 producens,
1800 4600 1828 4643 nt

468 4667 611 4729 permoveat
628 4659 789 4709 Maestlinum
809 4656 842 4706 ad
859 4655 1056 4711 rescribendum,
1086 4654 1125 4703 hic
1145 4660 1231 4704 mareu
1249 4672 1281 4707 ne
1309 4664 1362 4707 tum
1380 4658 1478 4724 quidem
1497 4660 1638 4723 respondit,
1668 4661 1733 4712 urae
1760 4670 1828 4715 certe

468 4734 530 4784 tatia
547 4730 648 4781 timldua
665 4732 691 4779 in
710 4727 782 4780 rebus
799 4726 913 4792 politicis.
953 4724 1036 4785 Quare
1054 4724 1178 4789 Replerus
1196 4724 1245 4776 fine
1272 4728 1370 4778 demum
1389 4730 1449 4779 anni
1469 4725 1551 4791 runt,
1578 4745 1651 4795 opere
1677 4747 1741 4790 suo,
1772 4750 1828 4786 eum

469 4818 545 4870 aegre
573 4806 669 4853 emeret
691 4799 819 4851 Maestlini
845 4796 1068 4852 obeundorum,
1095 4797 1220 4861 perlecto,
1248 4798 1328 4863 ipsum
1355 4800 1418 4851 adiit
1446 4799 1486 4850 die
1514 4798 1556 4850 1⁴.
1575 4800 1638 4854 Dec.
1667 4799 1736 4853 rant
1765 4806 1828 4856 haee

468 4876 634 5025 πῶςἘπὶ]
662 4967 808 5040 perpetus
831 4963 899 5027 tuo,
923 4954 1085 5018 Maestliue
1108 4921 1293 5038 Praeceptor
1323 4958 1450 5037 optime,
1483 4958 1601 5022 silentio
1626 4979 1726 5025 meam
1749 4965 1827 5027 scri·

470 5051 560 5114 bendi
584 5048 773 5130 diligentiam
796 5046 888 5108 toties
899 5042 965 5123 jam
980 5045 1217 5125 expugnaveris:
1243 5046 1355 5108 accidit
1367 5047 1440 5109 mihi
1462 5057 1579 5129 tamen,
1604 5050 1682 5138 qnod
1702 5051 1827 5116 inbelle

471 5139 659 5222 desperatis,
682 5144 718 5202 ut
738 5142 828 5200 tanta
846 5132 944 5215 magis
958 5133 1162 5214 scriptum,
1187 5142 1299 5215 quanto
1313 5134 1411 5199 minus
1425 5135 1565 5217 proficio,
1590 5146 1623 5199 et
1635 5138 1666 5201 in
1680 5138 1827 5206 victoriae
