<?xml version="1.0" encoding="UTF-8"?>
<!DOCTYPE html PUBLIC "-//W3C//DTD XHTML 1.0 Transitional//EN"
    "http://www.w3.org/TR/xhtml1/DTD/xhtml1-transitional.dtd">
<html xmlns="http://www.w3.org/1999/xhtml" xml:lang="en" lang="en">
 <head>
  <title>
</title>
<meta http-equiv="Content-Type" content="text/html;charset=utf-8" />
  <meta name='ocr-system' content='tesseract 3.04.00' />
  <meta name='ocr-capabilities' content='ocr_page ocr_carea ocr_par ocr_line ocrx_word'/>
</head>
<body>
  <div class='ocr_page' id='page_1' title='image "./joanniskepleria02frisgoog_0346.png"; bbox 0 0 4584 6192; ppageno 0'>
   <div class='ocr_carea' id='block_1_1' title="bbox 1019 581 1151 648">
    <p class='ocr_par' dir='ltr' id='par_1_1' title="bbox 1019 581 1151 648">
     <span class='ocr_line' id='line_1_1' title="bbox 1019 581 1151 648; baseline 0 -15"><span class='ocrx_word' id='word_1_1' title='bbox 1019 581 1101 648; x_wconf 69' lang='lat' dir='ltr'><strong>napus</strong></span> <span class='ocrx_word' id='word_1_2' title='bbox 1119 581 1151 634; x_wconf 86' lang='lat' dir='ltr'><strong>x.</strong></span> 
     </span>
    </p>
   </div>
   <div class='ocr_carea' id='block_1_2' title="bbox 711 867 1463 1131">
    <p class='ocr_par' dir='ltr' id='par_1_2' title="bbox 711 867 1463 1131">
     <span class='ocr_line' id='line_1_2' title="bbox 986 867 1186 967; baseline -0.01 -24"><span class='ocrx_word' id='word_1_3' title='bbox 986 868 1106 967; x_wconf 85' lang='lat' dir='ltr'><strong>Caput</strong></span> <span class='ocrx_word' id='word_1_4' title='bbox 1136 867 1186 943; x_wconf 87' lang='lat' dir='ltr'><strong>X.</strong></span> 
     </span>
     <span class='ocr_line' id='line_1_3' title="bbox 711 1046 1463 1131; baseline 0.004 -22"><span class='ocrx_word' id='word_1_5' title='bbox 711 1046 769 1109; x_wconf 86' lang='lat' dir='ltr'><strong>De</strong></span> <span class='ocrx_word' id='word_1_6' title='bbox 789 1047 924 1110; x_wconf 64' lang='lat' dir='ltr'><strong>mabbo-e</strong></span> <span class='ocrx_word' id='word_1_7' title='bbox 944 1046 1085 1109; x_wconf 62' lang='lat' dir='ltr'><strong>edeam</strong></span> <span class='ocrx_word' id='word_1_8' title='bbox 1107 1048 1323 1131; x_wconf 75' lang='lat' dir='ltr'><strong>fundamento</strong></span> <span class='ocrx_word' id='word_1_9' title='bbox 1350 1049 1463 1131; x_wconf 57' lang='lat' dir='ltr'><strong>opticus</strong></span> 
     </span>
    </p>
   </div>
   <div class='ocr_carea' id='block_1_3' title="bbox 411 1204 1807 5171">
    <p class='ocr_par' dir='ltr' id='par_1_3' title="bbox 411 1204 1768 1623">
     <span class='ocr_line' id='line_1_4' title="bbox 498 1204 1765 1290; baseline 0.005 -22"><span class='ocrx_word' id='word_1_10' title='bbox 498 1204 576 1268; x_wconf 81' lang='lat' dir='ltr'><strong>Cum</strong></span> <span class='ocrx_word' id='word_1_11' title='bbox 599 1205 662 1267; x_wconf 93' lang='lat' dir='ltr'><strong>sint</strong></span> <span class='ocrx_word' id='word_1_12' title='bbox 685 1206 771 1267; x_wconf 91' lang='lat' dir='ltr'><strong>nobis</strong></span> <span class='ocrx_word' id='word_1_13' title='bbox 799 1206 829 1267; x_wconf 95' lang='lat' dir='ltr'><strong>in</strong></span> <span class='ocrx_word' id='word_1_14' title='bbox 859 1206 1043 1268; x_wconf 77' lang='lat' dir='ltr'><strong>astronomia</strong></span> <span class='ocrx_word' id='word_1_15' title='bbox 1074 1208 1220 1286; x_wconf 81' lang='lat' dir='ltr'><strong>propositi</strong></span> <span class='ocrx_word' id='word_1_16' title='bbox 1249 1208 1288 1268; x_wconf 84' lang='lat' dir='ltr'><strong>ad</strong></span> <span class='ocrx_word' id='word_1_17' title='bbox 1321 1209 1583 1290; x_wconf 77' lang='lat' dir='ltr'><strong>contemplandum</strong></span> <span class='ocrx_word' id='word_1_18' title='bbox 1616 1212 1765 1274; x_wconf 88' lang='lat' dir='ltr'><strong>coelomm</strong></span> 
     </span>
     <span class='ocr_line' id='line_1_5' title="bbox 411 1295 1766 1379; baseline 0.004 -22"><span class='ocrx_word' id='word_1_19' title='bbox 411 1302 518 1368; x_wconf 90' lang='lat' dir='ltr'><strong>motus,</strong></span> <span class='ocrx_word' id='word_1_20' title='bbox 543 1295 644 1356; x_wconf 88' lang='lat' dir='ltr'><strong>omnia</strong></span> <span class='ocrx_word' id='word_1_21' title='bbox 665 1313 747 1369; x_wconf 87' lang='lat' dir='ltr'><strong>vero,</strong></span> <span class='ocrx_word' id='word_1_22' title='bbox 773 1314 849 1374; x_wconf 87' lang='lat' dir='ltr'><strong>qnae</strong></span> <span class='ocrx_word' id='word_1_23' title='bbox 869 1295 1019 1367; x_wconf 81' lang='lat' dir='ltr'><strong>discimus,</strong></span> <span class='ocrx_word' id='word_1_24' title='bbox 1044 1297 1128 1374; x_wconf 91' lang='lat' dir='ltr'><strong>prius</strong></span> <span class='ocrx_word' id='word_1_25' title='bbox 1154 1296 1279 1358; x_wconf 87' lang='lat' dir='ltr'><strong>veniant</strong></span> <span class='ocrx_word' id='word_1_26' title='bbox 1300 1297 1330 1358; x_wconf 93' lang='lat' dir='ltr'><strong>in</strong></span> <span class='ocrx_word' id='word_1_27' title='bbox 1362 1317 1478 1373; x_wconf 90' lang='lat' dir='ltr'><strong>sensns,</strong></span> <span class='ocrx_word' id='word_1_28' title='bbox 1503 1300 1766 1379; x_wconf 86' lang='lat' dir='ltr'><strong>operaepretium</strong></span> 
     </span>
     <span class='ocr_line' id='line_1_6' title="bbox 412 1383 1767 1464; baseline 0.004 -18"><span class='ocrx_word' id='word_1_29' title='bbox 412 1393 460 1446; x_wconf 84' lang='lat' dir='ltr'><strong>eat</strong></span> <span class='ocrx_word' id='word_1_30' title='bbox 487 1384 689 1464; x_wconf 78' lang='lat' dir='ltr'><strong>perpendere,</strong></span> <span class='ocrx_word' id='word_1_31' title='bbox 724 1403 761 1446; x_wconf 92' lang='lat' dir='ltr'><strong>an</strong></span> <span class='ocrx_word' id='word_1_32' title='bbox 785 1383 935 1445; x_wconf 91' lang='lat' dir='ltr'><strong>coelorum</strong></span> <span class='ocrx_word' id='word_1_33' title='bbox 959 1392 1058 1445; x_wconf 89' lang='lat' dir='ltr'><strong>mutus</strong></span> <span class='ocrx_word' id='word_1_34' title='bbox 1082 1385 1255 1446; x_wconf 76' lang='lat' dir='ltr'><strong>immediate</strong></span> <span class='ocrx_word' id='word_1_35' title='bbox 1285 1387 1438 1447; x_wconf 90' lang='lat' dir='ltr'><strong>incurrant</strong></span> <span class='ocrx_word' id='word_1_36' title='bbox 1461 1407 1582 1450; x_wconf 87' lang='lat' dir='ltr'><strong>sensum</strong></span> <span class='ocrx_word' id='word_1_37' title='bbox 1605 1391 1767 1462; x_wconf 87' lang='lat' dir='ltr'><strong>oculorum,</strong></span> 
     </span>
     <span class='ocr_line' id='line_1_7' title="bbox 412 1473 1768 1552; baseline 0.005 -19"><span class='ocrx_word' id='word_1_38' title='bbox 412 1481 444 1535; x_wconf 92' lang='lat' dir='ltr'><strong>et</strong></span> <span class='ocrx_word' id='word_1_39' title='bbox 479 1491 627 1552; x_wconf 85' lang='lat' dir='ltr'><strong>quaenam</strong></span> <span class='ocrx_word' id='word_1_40' title='bbox 663 1473 841 1551; x_wconf 87' lang='lat' dir='ltr'><strong>contingant</strong></span> <span class='ocrx_word' id='word_1_41' title='bbox 880 1474 1072 1552; x_wconf 84' lang='lat' dir='ltr'><strong>deceptiones</strong></span> <span class='ocrx_word' id='word_1_42' title='bbox 1109 1474 1193 1536; x_wconf 87' lang='lat' dir='ltr'><strong>visus</strong></span> <span class='ocrx_word' id='word_1_43' title='bbox 1230 1474 1260 1535; x_wconf 91' lang='lat' dir='ltr'><strong>iu</strong></span> <span class='ocrx_word' id='word_1_44' title='bbox 1300 1476 1432 1537; x_wconf 91' lang='lat' dir='ltr'><strong>motibus</strong></span> <span class='ocrx_word' id='word_1_45' title='bbox 1470 1477 1659 1541; x_wconf 88' lang='lat' dir='ltr'><strong>coelestibus.</strong></span> <span class='ocrx_word' id='word_1_46' title='bbox 1715 1473 1768 1541; x_wconf 87' lang='lat' dir='ltr'><strong>Sic</strong></span> 
     </span>
     <span class='ocr_line' id='line_1_8' title="bbox 413 1561 612 1623; baseline 0.005 -2"><span class='ocrx_word' id='word_1_47' title='bbox 413 1561 612 1623; x_wconf 85' lang='lat' dir='ltr'><strong>exordiamur.</strong></span> 
     </span>
    </p>

    <p class='ocr_par' dir='ltr' id='par_1_4' title="bbox 412 1647 1768 2083">
     <span class='ocr_line' id='line_1_9' title="bbox 501 1647 1767 1729; baseline 0.004 -18"><span class='ocrx_word' id='word_1_48' title='bbox 501 1647 600 1711; x_wconf 91' lang='lat' dir='ltr'><strong>Omne</strong></span> <span class='ocrx_word' id='word_1_49' title='bbox 624 1648 704 1729; x_wconf 89' lang='lat' dir='ltr'><strong>quod</strong></span> <span class='ocrx_word' id='word_1_50' title='bbox 727 1655 877 1725; x_wconf 86' lang='lat' dir='ltr'><strong>movetur,</strong></span> <span class='ocrx_word' id='word_1_51' title='bbox 908 1650 937 1711; x_wconf 94' lang='lat' dir='ltr'><strong>in</strong></span> <span class='ocrx_word' id='word_1_52' title='bbox 966 1650 1032 1712; x_wconf 88' lang='lat' dir='ltr'><strong>loeo</strong></span> <span class='ocrx_word' id='word_1_53' title='bbox 1063 1658 1218 1722; x_wconf 85' lang='lat' dir='ltr'><strong>moretur,</strong></span> <span class='ocrx_word' id='word_1_54' title='bbox 1253 1659 1351 1713; x_wconf 92' lang='lat' dir='ltr'><strong>motus</strong></span> <span class='ocrx_word' id='word_1_55' title='bbox 1375 1652 1453 1713; x_wconf 89' lang='lat' dir='ltr'><strong>enim</strong></span> <span class='ocrx_word' id='word_1_56' title='bbox 1477 1661 1526 1713; x_wconf 89' lang='lat' dir='ltr'><strong>est</strong></span> <span class='ocrx_word' id='word_1_57' title='bbox 1547 1653 1606 1716; x_wconf 89' lang='lat' dir='ltr'><strong>loci</strong></span> <span class='ocrx_word' id='word_1_58' title='bbox 1629 1655 1767 1716; x_wconf 89' lang='lat' dir='ltr'><strong>mutatio.</strong></span> 
     </span>
     <span class='ocr_line' id='line_1_10' title="bbox 412 1737 1768 1820; baseline 0.004 -20"><span class='ocrx_word' id='word_1_59' title='bbox 412 1740 458 1801; x_wconf 90' lang='lat' dir='ltr'><strong>At</strong></span> <span class='ocrx_word' id='word_1_60' title='bbox 480 1738 566 1799; x_wconf 90' lang='lat' dir='ltr'><strong>loeus</strong></span> <span class='ocrx_word' id='word_1_61' title='bbox 589 1737 731 1799; x_wconf 83' lang='lat' dir='ltr'><strong>tribuitur</strong></span> <span class='ocrx_word' id='word_1_62' title='bbox 762 1739 944 1816; x_wconf 85' lang='lat' dir='ltr'><strong>superficiei,</strong></span> <span class='ocrx_word' id='word_1_63' title='bbox 978 1757 1054 1818; x_wconf 91' lang='lat' dir='ltr'><strong>quae</strong></span> <span class='ocrx_word' id='word_1_64' title='bbox 1079 1738 1214 1800; x_wconf 90' lang='lat' dir='ltr'><strong>continet</strong></span> <span class='ocrx_word' id='word_1_65' title='bbox 1236 1739 1357 1802; x_wconf 86' lang='lat' dir='ltr'><strong>mobile.</strong></span> <span class='ocrx_word' id='word_1_66' title='bbox 1404 1738 1668 1820; x_wconf 85' lang='lat' dir='ltr'><strong>Comprehendeus</strong></span> <span class='ocrx_word' id='word_1_67' title='bbox 1696 1759 1768 1805; x_wconf 84' lang='lat' dir='ltr'><strong>vero</strong></span> 
     </span>
     <span class='ocr_line' id='line_1_11' title="bbox 412 1826 1767 1909; baseline 0.004 -21"><span class='ocrx_word' id='word_1_68' title='bbox 412 1827 510 1905; x_wconf 89' lang='lat' dir='ltr'><strong>majus</strong></span> <span class='ocrx_word' id='word_1_69' title='bbox 534 1834 583 1887; x_wconf 86' lang='lat' dir='ltr'><strong>eet</strong></span> <span class='ocrx_word' id='word_1_70' title='bbox 605 1826 831 1905; x_wconf 90' lang='lat' dir='ltr'><strong>comprehenso,</strong></span> <span class='ocrx_word' id='word_1_71' title='bbox 856 1836 888 1887; x_wconf 87' lang='lat' dir='ltr'><strong>et</strong></span> <span class='ocrx_word' id='word_1_72' title='bbox 912 1828 979 1888; x_wconf 89' lang='lat' dir='ltr'><strong>loca</strong></span> <span class='ocrx_word' id='word_1_73' title='bbox 1001 1827 1112 1888; x_wconf 85' lang='lat' dir='ltr'><strong>cedens</strong></span> <span class='ocrx_word' id='word_1_74' title='bbox 1135 1845 1171 1887; x_wconf 91' lang='lat' dir='ltr'><strong>eo</strong></span> <span class='ocrx_word' id='word_1_75' title='bbox 1196 1828 1273 1906; x_wconf 95' lang='lat' dir='ltr'><strong>quod</strong></span> <span class='ocrx_word' id='word_1_76' title='bbox 1297 1829 1365 1890; x_wconf 86' lang='lat' dir='ltr'><strong>loca</strong></span> <span class='ocrx_word' id='word_1_77' title='bbox 1387 1840 1525 1909; x_wconf 87' lang='lat' dir='ltr'><strong>occupat.</strong></span> <span class='ocrx_word' id='word_1_78' title='bbox 1557 1832 1665 1892; x_wconf 88' lang='lat' dir='ltr'><strong>Totum</strong></span> <span class='ocrx_word' id='word_1_79' title='bbox 1688 1831 1767 1893; x_wconf 90' lang='lat' dir='ltr'><strong>enim</strong></span> 
     </span>
     <span class='ocr_line' id='line_1_12' title="bbox 412 1914 1768 2000; baseline 0.004 -24"><span class='ocrx_word' id='word_1_80' title='bbox 412 1924 498 1994; x_wconf 81' lang='lat' dir='ltr'><strong>parte</strong></span> <span class='ocrx_word' id='word_1_81' title='bbox 520 1914 619 1992; x_wconf 85' lang='lat' dir='ltr'><strong>majus</strong></span> <span class='ocrx_word' id='word_1_82' title='bbox 643 1923 708 1988; x_wconf 91' lang='lat' dir='ltr'><strong>est,</strong></span> <span class='ocrx_word' id='word_1_83' title='bbox 737 1914 766 1976; x_wconf 93' lang='lat' dir='ltr'><strong>id</strong></span> <span class='ocrx_word' id='word_1_84' title='bbox 797 1933 878 1990; x_wconf 88' lang='lat' dir='ltr'><strong>vero,</strong></span> <span class='ocrx_word' id='word_1_85' title='bbox 904 1916 981 1996; x_wconf 94' lang='lat' dir='ltr'><strong>quod</strong></span> <span class='ocrx_word' id='word_1_86' title='bbox 1013 1915 1241 1996; x_wconf 86' lang='lat' dir='ltr'><strong>comprehendit</strong></span> <span class='ocrx_word' id='word_1_87' title='bbox 1264 1925 1296 1978; x_wconf 87' lang='lat' dir='ltr'><strong>et</strong></span> <span class='ocrx_word' id='word_1_88' title='bbox 1318 1918 1410 1997; x_wconf 87' lang='lat' dir='ltr'><strong>capit,</strong></span> <span class='ocrx_word' id='word_1_89' title='bbox 1434 1938 1501 1980; x_wconf 87' lang='lat' dir='ltr'><strong>cum</strong></span> <span class='ocrx_word' id='word_1_90' title='bbox 1524 1938 1560 1981; x_wconf 91' lang='lat' dir='ltr'><strong>eo</strong></span> <span class='ocrx_word' id='word_1_91' title='bbox 1584 1920 1661 2000; x_wconf 93' lang='lat' dir='ltr'><strong>qnod</strong></span> <span class='ocrx_word' id='word_1_92' title='bbox 1685 1919 1768 2000; x_wconf 90' lang='lat' dir='ltr'><strong>capit</strong></span> 
     </span>
     <span class='ocr_line' id='line_1_13' title="bbox 413 2003 767 2083; baseline -0.008 -17"><span class='ocrx_word' id='word_1_93' title='bbox 413 2013 510 2066; x_wconf 88' lang='lat' dir='ltr'><strong>totum</strong></span> <span class='ocrx_word' id='word_1_94' title='bbox 534 2003 686 2083; x_wconf 81' lang='lat' dir='ltr'><strong>quippiam</strong></span> <span class='ocrx_word' id='word_1_95' title='bbox 710 2011 767 2064; x_wconf 91' lang='lat' dir='ltr'><strong>est.</strong></span> 
     </span>
    </p>

    <p class='ocr_par' dir='ltr' id='par_1_5' title="bbox 412 2090 1807 2707">
     <span class='ocr_line' id='line_1_14' title="bbox 500 2090 1767 2175; baseline 0.003 -23"><span class='ocrx_word' id='word_1_96' title='bbox 500 2090 646 2172; x_wconf 89' lang='lat' dir='ltr'><strong>Sequitur</strong></span> <span class='ocrx_word' id='word_1_97' title='bbox 669 2111 740 2172; x_wconf 81' lang='lat' dir='ltr'><strong>ergo</strong></span> <span class='ocrx_word' id='word_1_98' title='bbox 764 2112 780 2153; x_wconf 92' lang='lat' dir='ltr'><strong>e</strong></span> <span class='ocrx_word' id='word_1_99' title='bbox 803 2110 959 2164; x_wconf 88' lang='lat' dir='ltr'><strong>converso,</strong></span> <span class='ocrx_word' id='word_1_100' title='bbox 983 2100 1016 2152; x_wconf 91' lang='lat' dir='ltr'><strong>ut</strong></span> <span class='ocrx_word' id='word_1_101' title='bbox 1039 2094 1117 2153; x_wconf 89' lang='lat' dir='ltr'><strong>inter</strong></span> <span class='ocrx_word' id='word_1_102' title='bbox 1140 2092 1216 2152; x_wconf 90' lang='lat' dir='ltr'><strong>duas</strong></span> <span class='ocrx_word' id='word_1_103' title='bbox 1240 2111 1298 2166; x_wconf 90' lang='lat' dir='ltr'><strong>res,</strong></span> <span class='ocrx_word' id='word_1_104' title='bbox 1324 2112 1400 2174; x_wconf 83' lang='lat' dir='ltr'><strong>quae</strong></span> <span class='ocrx_word' id='word_1_105' title='bbox 1424 2103 1506 2156; x_wconf 91' lang='lat' dir='ltr'><strong>motu</strong></span> <span class='ocrx_word' id='word_1_106' title='bbox 1525 2101 1706 2175; x_wconf 87' lang='lat' dir='ltr'><strong>separantur</strong></span> <span class='ocrx_word' id='word_1_107' title='bbox 1729 2094 1767 2156; x_wconf 94' lang='lat' dir='ltr'><strong>ab</strong></span> 
     </span>
     <span class='ocr_line' id='line_1_15' title="bbox 412 2180 1766 2260; baseline 0.002 -18"><span class='ocrx_word' id='word_1_108' title='bbox 412 2180 558 2254; x_wconf 79' lang='lat' dir='ltr'><strong>invicem,</strong></span> <span class='ocrx_word' id='word_1_109' title='bbox 582 2181 631 2256; x_wconf 91' lang='lat' dir='ltr'><strong>id,</strong></span> <span class='ocrx_word' id='word_1_110' title='bbox 657 2184 735 2260; x_wconf 91' lang='lat' dir='ltr'><strong>quod</strong></span> <span class='ocrx_word' id='word_1_111' title='bbox 764 2183 862 2260; x_wconf 90' lang='lat' dir='ltr'><strong>majus</strong></span> <span class='ocrx_word' id='word_1_112' title='bbox 890 2199 958 2241; x_wconf 88' lang='lat' dir='ltr'><strong>esse</strong></span> <span class='ocrx_word' id='word_1_113' title='bbox 986 2181 1119 2254; x_wconf 86' lang='lat' dir='ltr'><strong>videtur,</strong></span> <span class='ocrx_word' id='word_1_114' title='bbox 1150 2180 1207 2242; x_wconf 89' lang='lat' dir='ltr'><strong>loci</strong></span> <span class='ocrx_word' id='word_1_115' title='bbox 1235 2182 1383 2243; x_wconf 89' lang='lat' dir='ltr'><strong>rationem</strong></span> <span class='ocrx_word' id='word_1_116' title='bbox 1414 2183 1552 2245; x_wconf 88' lang='lat' dir='ltr'><strong>obtineat</strong></span> <span class='ocrx_word' id='word_1_117' title='bbox 1579 2184 1610 2245; x_wconf 93' lang='lat' dir='ltr'><strong>iu</strong></span> <span class='ocrx_word' id='word_1_118' title='bbox 1641 2182 1766 2258; x_wconf 81' lang='lat' dir='ltr'><strong>visione,</strong></span> 
     </span>
     <span class='ocr_line' id='line_1_16' title="bbox 412 2270 1768 2350; baseline 0 -18"><span class='ocrx_word' id='word_1_119' title='bbox 412 2270 560 2350; x_wconf 89' lang='lat' dir='ltr'><strong>reliquum</strong></span> <span class='ocrx_word' id='word_1_120' title='bbox 593 2270 693 2332; x_wconf 84' lang='lat' dir='ltr'><strong>locati.</strong></span> <span class='ocrx_word' id='word_1_121' title='bbox 741 2271 820 2331; x_wconf 88' lang='lat' dir='ltr'><strong>Nam</strong></span> <span class='ocrx_word' id='word_1_122' title='bbox 849 2278 882 2330; x_wconf 91' lang='lat' dir='ltr'><strong>ut</strong></span> <span class='ocrx_word' id='word_1_123' title='bbox 914 2278 1013 2330; x_wconf 91' lang='lat' dir='ltr'><strong>motus</strong></span> <span class='ocrx_word' id='word_1_124' title='bbox 1045 2271 1075 2330; x_wconf 95' lang='lat' dir='ltr'><strong>iu</strong></span> <span class='ocrx_word' id='word_1_125' title='bbox 1108 2270 1192 2342; x_wconf 90' lang='lat' dir='ltr'><strong>loco,</strong></span> <span class='ocrx_word' id='word_1_126' title='bbox 1225 2270 1269 2331; x_wconf 91' lang='lat' dir='ltr'><strong>sic</strong></span> <span class='ocrx_word' id='word_1_127' title='bbox 1292 2271 1421 2333; x_wconf 86' lang='lat' dir='ltr'><strong>risibilis</strong></span> <span class='ocrx_word' id='word_1_128' title='bbox 1453 2279 1553 2334; x_wconf 93' lang='lat' dir='ltr'><strong>motus</strong></span> <span class='ocrx_word' id='word_1_129' title='bbox 1576 2280 1625 2333; x_wconf 92' lang='lat' dir='ltr'><strong>est</strong></span> <span class='ocrx_word' id='word_1_130' title='bbox 1647 2272 1677 2333; x_wconf 92' lang='lat' dir='ltr'><strong>iu</strong></span> <span class='ocrx_word' id='word_1_131' title='bbox 1701 2272 1768 2333; x_wconf 88' lang='lat' dir='ltr'><strong>loeo</strong></span> 
     </span>
     <span class='ocr_line' id='line_1_17' title="bbox 413 2354 1807 2440; baseline 0.001 -20"><span class='ocrx_word' id='word_1_132' title='bbox 413 2358 535 2420; x_wconf 80' lang='lat' dir='ltr'><strong>visibili.</strong></span> <span class='ocrx_word' id='word_1_133' title='bbox 570 2354 672 2427; x_wconf 82' lang='lat' dir='ltr'><strong>Quare</strong></span> <span class='ocrx_word' id='word_1_134' title='bbox 696 2377 763 2420; x_wconf 90' lang='lat' dir='ltr'><strong>eom</strong></span> <span class='ocrx_word' id='word_1_135' title='bbox 787 2359 872 2439; x_wconf 90' lang='lat' dir='ltr'><strong>quies</strong></span> <span class='ocrx_word' id='word_1_136' title='bbox 895 2359 961 2419; x_wconf 88' lang='lat' dir='ltr'><strong>loeo</strong></span> <span class='ocrx_word' id='word_1_137' title='bbox 985 2365 1149 2436; x_wconf 87' lang='lat' dir='ltr'><strong>competat,</strong></span> <span class='ocrx_word' id='word_1_138' title='bbox 1173 2377 1244 2438; x_wconf 84' lang='lat' dir='ltr'><strong>ergo</strong></span> <span class='ocrx_word' id='word_1_139' title='bbox 1259 2360 1338 2437; x_wconf 95' lang='lat' dir='ltr'><strong>quod</strong></span> <span class='ocrx_word' id='word_1_140' title='bbox 1353 2360 1451 2439; x_wconf 91' lang='lat' dir='ltr'><strong>majus</strong></span> <span class='ocrx_word' id='word_1_141' title='bbox 1470 2360 1585 2436; x_wconf 91' lang='lat' dir='ltr'><strong>visitur,</strong></span> <span class='ocrx_word' id='word_1_142' title='bbox 1609 2361 1640 2422; x_wconf 89' lang='lat' dir='ltr'><strong>id</strong></span> <span class='ocrx_word' id='word_1_143' title='bbox 1664 2361 1767 2440; x_wconf 91' lang='lat' dir='ltr'><strong>quies·</strong></span> <span class='ocrx_word' id='word_1_144' title='bbox 1804 2433 1807 2437; x_wconf 86' lang='lat'>.</span> 
     </span>
     <span class='ocr_line' id='line_1_18' title="bbox 413 2446 1767 2527; baseline 0.001 -19"><span class='ocrx_word' id='word_1_145' title='bbox 413 2464 490 2521; x_wconf 89' lang='lat' dir='ltr'><strong>aere,</strong></span> <span class='ocrx_word' id='word_1_146' title='bbox 514 2446 594 2527; x_wconf 88' lang='lat' dir='ltr'><strong>quod</strong></span> <span class='ocrx_word' id='word_1_147' title='bbox 617 2465 688 2508; x_wconf 85' lang='lat' dir='ltr'><strong>vero</strong></span> <span class='ocrx_word' id='word_1_148' title='bbox 711 2448 819 2521; x_wconf 90' lang='lat' dir='ltr'><strong>minus,</strong></span> <span class='ocrx_word' id='word_1_149' title='bbox 843 2446 957 2507; x_wconf 89' lang='lat' dir='ltr'><strong>moveri</strong></span> <span class='ocrx_word' id='word_1_150' title='bbox 979 2447 1144 2526; x_wconf 85' lang='lat' dir='ltr'><strong>putabitur,</strong></span> <span class='ocrx_word' id='word_1_151' title='bbox 1168 2448 1287 2509; x_wconf 87' lang='lat' dir='ltr'><strong>etiamsi</strong></span> <span class='ocrx_word' id='word_1_152' title='bbox 1311 2449 1493 2510; x_wconf 91' lang='lat' dir='ltr'><strong>contrarium</strong></span> <span class='ocrx_word' id='word_1_153' title='bbox 1516 2450 1546 2511; x_wconf 96' lang='lat' dir='ltr'><strong>in</strong></span> <span class='ocrx_word' id='word_1_154' title='bbox 1571 2449 1614 2511; x_wconf 90' lang='lat' dir='ltr'><strong>rei</strong></span> <span class='ocrx_word' id='word_1_155' title='bbox 1637 2448 1767 2510; x_wconf 86' lang='lat' dir='ltr'><strong>veritate</strong></span> 
     </span>
     <span class='ocr_line' id='line_1_19' title="bbox 413 2534 1768 2617; baseline 0.001 -21"><span class='ocrx_word' id='word_1_156' title='bbox 413 2534 541 2596; x_wconf 82' lang='lat' dir='ltr'><strong>accidat</strong></span> <span class='ocrx_word' id='word_1_157' title='bbox 586 2534 680 2597; x_wconf 91' lang='lat' dir='ltr'><strong>Nulla</strong></span> <span class='ocrx_word' id='word_1_158' title='bbox 702 2536 850 2616; x_wconf 87' lang='lat' dir='ltr'><strong>siquidem</strong></span> <span class='ocrx_word' id='word_1_159' title='bbox 873 2535 979 2596; x_wconf 83' lang='lat' dir='ltr'><strong>existit</strong></span> <span class='ocrx_word' id='word_1_160' title='bbox 1000 2535 1228 2615; x_wconf 85' lang='lat' dir='ltr'><strong>comprehensio</strong></span> <span class='ocrx_word' id='word_1_161' title='bbox 1251 2546 1352 2598; x_wconf 92' lang='lat' dir='ltr'><strong>motus</strong></span> <span class='ocrx_word' id='word_1_162' title='bbox 1378 2555 1433 2617; x_wconf 93' lang='lat' dir='ltr'><strong>per</strong></span> <span class='ocrx_word' id='word_1_163' title='bbox 1459 2537 1572 2614; x_wconf 88' lang='lat' dir='ltr'><strong>visum,</strong></span> <span class='ocrx_word' id='word_1_164' title='bbox 1600 2537 1658 2601; x_wconf 89' lang='lat' dir='ltr'><strong>nisi</strong></span> <span class='ocrx_word' id='word_1_165' title='bbox 1681 2555 1768 2599; x_wconf 88' lang='lat' dir='ltr'><strong>com-</strong></span> 
     </span>
     <span class='ocr_line' id='line_1_20' title="bbox 413 2623 1083 2707; baseline 0.003 -23"><span class='ocrx_word' id='word_1_166' title='bbox 413 2623 572 2703; x_wconf 88' lang='lat' dir='ltr'><strong>paratione</strong></span> <span class='ocrx_word' id='word_1_167' title='bbox 597 2626 681 2685; x_wconf 82' lang='lat' dir='ltr'><strong>lacta</strong></span> <span class='ocrx_word' id='word_1_168' title='bbox 704 2626 741 2686; x_wconf 86' lang='lat' dir='ltr'><strong>ad</strong></span> <span class='ocrx_word' id='word_1_169' title='bbox 766 2625 867 2707; x_wconf 86' lang='lat' dir='ltr'><strong>aliqua</strong></span> <span class='ocrx_word' id='word_1_170' title='bbox 889 2624 1083 2704; x_wconf 85' lang='lat' dir='ltr'><strong>quiescentia.</strong></span> 
     </span>
    </p>

    <p class='ocr_par' dir='ltr' id='par_1_6' title="bbox 412 2710 1770 4123">
     <span class='ocr_line' id='line_1_21' title="bbox 500 2710 1764 2793; baseline 0.002 -19"><span class='ocrx_word' id='word_1_171' title='bbox 500 2710 565 2774; x_wconf 89' lang='lat' dir='ltr'><strong>Sed</strong></span> <span class='ocrx_word' id='word_1_172' title='bbox 588 2713 757 2775; x_wconf 87' lang='lat' dir='ltr'><strong>evidentius</strong></span> <span class='ocrx_word' id='word_1_173' title='bbox 780 2715 866 2793; x_wconf 90' lang='lat' dir='ltr'><strong>hujus</strong></span> <span class='ocrx_word' id='word_1_174' title='bbox 890 2713 933 2775; x_wconf 90' lang='lat' dir='ltr'><strong>rei</strong></span> <span class='ocrx_word' id='word_1_175' title='bbox 957 2732 1049 2775; x_wconf 87' lang='lat' dir='ltr'><strong>causa</strong></span> <span class='ocrx_word' id='word_1_176' title='bbox 1072 2712 1186 2792; x_wconf 86' lang='lat' dir='ltr'><strong>petitur</strong></span> <span class='ocrx_word' id='word_1_177' title='bbox 1217 2733 1255 2775; x_wconf 91' lang='lat' dir='ltr'><strong>ex</strong></span> <span class='ocrx_word' id='word_1_178' title='bbox 1282 2713 1406 2776; x_wconf 83' lang='lat' dir='ltr'><strong>visionis</strong></span> <span class='ocrx_word' id='word_1_179' title='bbox 1434 2716 1540 2779; x_wconf 84' lang='lat' dir='ltr'><strong>lomna.</strong></span> <span class='ocrx_word' id='word_1_180' title='bbox 1586 2715 1666 2778; x_wconf 89' lang='lat' dir='ltr'><strong>Nam</strong></span> <span class='ocrx_word' id='word_1_181' title='bbox 1697 2732 1764 2777; x_wconf 89' lang='lat' dir='ltr'><strong>cum</strong></span> 
     </span>
     <span class='ocr_line' id='line_1_22' title="bbox 412 2802 1767 2881; baseline 0 -18"><span class='ocrx_word' id='word_1_182' title='bbox 412 2802 517 2864; x_wconf 91' lang='lat' dir='ltr'><strong>oculus</strong></span> <span class='ocrx_word' id='word_1_183' title='bbox 539 2802 715 2881; x_wconf 78' lang='lat' dir='ltr'><strong>sphaericus</strong></span> <span class='ocrx_word' id='word_1_184' title='bbox 739 2803 779 2863; x_wconf 91' lang='lat' dir='ltr'><strong>sit</strong></span> <span class='ocrx_word' id='word_1_185' title='bbox 802 2812 834 2863; x_wconf 90' lang='lat' dir='ltr'><strong>et</strong></span> <span class='ocrx_word' id='word_1_186' title='bbox 856 2803 976 2881; x_wconf 87' lang='lat' dir='ltr'><strong>insuper</strong></span> <span class='ocrx_word' id='word_1_187' title='bbox 999 2803 1102 2864; x_wconf 90' lang='lat' dir='ltr'><strong>multis</strong></span> <span class='ocrx_word' id='word_1_188' title='bbox 1130 2802 1360 2864; x_wconf 80' lang='lat' dir='ltr'><strong>retractionibus</strong></span> <span class='ocrx_word' id='word_1_189' title='bbox 1389 2811 1506 2874; x_wconf 87' lang='lat' dir='ltr'><strong>utatur,</strong></span> <span class='ocrx_word' id='word_1_190' title='bbox 1539 2806 1573 2867; x_wconf 87' lang='lat' dir='ltr'><strong>lit</strong></span> <span class='ocrx_word' id='word_1_191' title='bbox 1595 2811 1630 2865; x_wconf 95' lang='lat' dir='ltr'><strong>ut</strong></span> <span class='ocrx_word' id='word_1_192' title='bbox 1652 2823 1710 2865; x_wconf 91' lang='lat' dir='ltr'><strong>uno</strong></span> <span class='ocrx_word' id='word_1_193' title='bbox 1734 2812 1767 2864; x_wconf 87' lang='lat' dir='ltr'><strong>et</strong></span> 
     </span>
     <span class='ocr_line' id='line_1_23' title="bbox 414 2890 1766 2971; baseline 0.001 -19"><span class='ocrx_word' id='word_1_194' title='bbox 414 2891 522 2952; x_wconf 86' lang='lat' dir='ltr'><strong>eodem</strong></span> <span class='ocrx_word' id='word_1_195' title='bbox 542 2890 649 2953; x_wconf 87' lang='lat' dir='ltr'><strong>obtutu</strong></span> <span class='ocrx_word' id='word_1_196' title='bbox 671 2893 740 2971; x_wconf 90' lang='lat' dir='ltr'><strong>plus</strong></span> <span class='ocrx_word' id='word_1_197' title='bbox 763 2911 851 2970; x_wconf 87' lang='lat' dir='ltr'><strong>quarn</strong></span> <span class='ocrx_word' id='word_1_198' title='bbox 875 2891 1088 2971; x_wconf 80' lang='lat' dir='ltr'><strong>hemisphaerii</strong></span> <span class='ocrx_word' id='word_1_199' title='bbox 1110 2892 1228 2971; x_wconf 87' lang='lat' dir='ltr'><strong>species</strong></span> <span class='ocrx_word' id='word_1_200' title='bbox 1252 2892 1340 2952; x_wconf 92' lang='lat' dir='ltr'><strong>simul</strong></span> <span class='ocrx_word' id='word_1_201' title='bbox 1368 2892 1397 2954; x_wconf 92' lang='lat' dir='ltr'><strong>in</strong></span> <span class='ocrx_word' id='word_1_202' title='bbox 1430 2893 1548 2956; x_wconf 87' lang='lat' dir='ltr'><strong>oculum</strong></span> <span class='ocrx_word' id='word_1_203' title='bbox 1579 2893 1703 2955; x_wconf 88' lang='lat' dir='ltr'><strong>influat:</strong></span> <span class='ocrx_word' id='word_1_204' title='bbox 1732 2900 1766 2954; x_wconf 89' lang='lat' dir='ltr'><strong>et</strong></span> 
     </span>
     <span class='ocr_line' id='line_1_24' title="bbox 414 2980 1770 3059; baseline 0.001 -18"><span class='ocrx_word' id='word_1_205' title='bbox 414 2987 515 3041; x_wconf 69' lang='lat' dir='ltr'><strong>umen</strong></span> <span class='ocrx_word' id='word_1_206' title='bbox 539 2998 577 3041; x_wconf 85' lang='lat' dir='ltr'><strong>ex</strong></span> <span class='ocrx_word' id='word_1_207' title='bbox 599 2986 665 3041; x_wconf 92' lang='lat' dir='ltr'><strong>toto</strong></span> <span class='ocrx_word' id='word_1_208' title='bbox 693 2981 750 3041; x_wconf 88' lang='lat' dir='ltr'><strong>hoc</strong></span> <span class='ocrx_word' id='word_1_209' title='bbox 783 2981 1005 3059; x_wconf 89' lang='lat' dir='ltr'><strong>hemisphaerio</strong></span> <span class='ocrx_word' id='word_1_210' title='bbox 1039 2980 1090 3039; x_wconf 84' lang='lat' dir='ltr'><strong>vix</strong></span> <span class='ocrx_word' id='word_1_211' title='bbox 1122 2981 1231 3058; x_wconf 85' lang='lat' dir='ltr'><strong>exigua</strong></span> <span class='ocrx_word' id='word_1_212' title='bbox 1258 2980 1407 3058; x_wconf 84' lang='lat' dir='ltr'><strong>particula</strong></span> <span class='ocrx_word' id='word_1_213' title='bbox 1437 2982 1551 3043; x_wconf 89' lang='lat' dir='ltr'><strong>directe</strong></span> <span class='ocrx_word' id='word_1_214' title='bbox 1583 2981 1716 3043; x_wconf 87' lang='lat' dir='ltr'><strong>cernitur</strong></span> <span class='ocrx_word' id='word_1_215' title='bbox 1737 2988 1770 3043; x_wconf 84' lang='lat' dir='ltr'><strong>et</strong></span> 
     </span>
     <span class='ocr_line' id='line_1_25' title="bbox 414 3068 1769 3152; baseline 0.002 -24"><span class='ocrx_word' id='word_1_216' title='bbox 414 3068 573 3143; x_wconf 84' lang='lat' dir='ltr'><strong>distinete,</strong></span> <span class='ocrx_word' id='word_1_217' title='bbox 602 3088 640 3129; x_wconf 90' lang='lat' dir='ltr'><strong>ea</strong></span> <span class='ocrx_word' id='word_1_218' title='bbox 662 3069 793 3140; x_wconf 87' lang='lat' dir='ltr'><strong>scilieet,</strong></span> <span class='ocrx_word' id='word_1_219' title='bbox 827 3087 902 3148; x_wconf 90' lang='lat' dir='ltr'><strong>quae</strong></span> <span class='ocrx_word' id='word_1_220' title='bbox 927 3069 956 3130; x_wconf 94' lang='lat' dir='ltr'><strong>iu</strong></span> <span class='ocrx_word' id='word_1_221' title='bbox 981 3068 1080 3130; x_wconf 88' lang='lat' dir='ltr'><strong>medio</strong></span> <span class='ocrx_word' id='word_1_222' title='bbox 1102 3069 1313 3147; x_wconf 83' lang='lat' dir='ltr'><strong>hemisphaerii</strong></span> <span class='ocrx_word' id='word_1_223' title='bbox 1338 3078 1399 3144; x_wconf 87' lang='lat' dir='ltr'><strong>est,</strong></span> <span class='ocrx_word' id='word_1_224' title='bbox 1433 3071 1641 3152; x_wconf 86' lang='lat' dir='ltr'><strong>circumjectae</strong></span> <span class='ocrx_word' id='word_1_225' title='bbox 1663 3076 1769 3147; x_wconf 89' lang='lat' dir='ltr'><strong>partes</strong></span> 
     </span>
     <span class='ocr_line' id='line_1_26' title="bbox 416 3157 1769 3239; baseline 0 -21"><span class='ocrx_word' id='word_1_226' title='bbox 416 3176 519 3218; x_wconf 86' lang='lat' dir='ltr'><strong>omues</strong></span> <span class='ocrx_word' id='word_1_227' title='bbox 543 3157 641 3236; x_wconf 83' lang='lat' dir='ltr'><strong>magis</strong></span> <span class='ocrx_word' id='word_1_228' title='bbox 664 3157 821 3237; x_wconf 81' lang='lat' dir='ltr'><strong>magisque</strong></span> <span class='ocrx_word' id='word_1_229' title='bbox 845 3158 963 3238; x_wconf 88' lang='lat' dir='ltr'><strong>oblique</strong></span> <span class='ocrx_word' id='word_1_230' title='bbox 986 3167 1018 3219; x_wconf 92' lang='lat' dir='ltr'><strong>et</strong></span> <span class='ocrx_word' id='word_1_231' title='bbox 1041 3158 1175 3219; x_wconf 81' lang='lat' dir='ltr'><strong>confuse.</strong></span> <span class='ocrx_word' id='word_1_232' title='bbox 1208 3157 1289 3217; x_wconf 88' lang='lat' dir='ltr'><strong>Vide</strong></span> <span class='ocrx_word' id='word_1_233' title='bbox 1313 3158 1350 3218; x_wconf 92' lang='lat' dir='ltr'><strong>de</strong></span> <span class='ocrx_word' id='word_1_234' title='bbox 1374 3158 1421 3219; x_wconf 91' lang='lat' dir='ltr'><strong>his</strong></span> <span class='ocrx_word' id='word_1_235' title='bbox 1444 3168 1536 3239; x_wconf 88' lang='lat' dir='ltr'><strong>caput</strong></span> <span class='ocrx_word' id='word_1_236' title='bbox 1559 3159 1598 3221; x_wconf 90' lang='lat' dir='ltr'><strong>V.</strong></span> <span class='ocrx_word' id='word_1_237' title='bbox 1632 3158 1712 3219; x_wconf 88' lang='lat' dir='ltr'><strong>Hine</strong></span> <span class='ocrx_word' id='word_1_238' title='bbox 1734 3157 1769 3219; x_wconf 86' lang='lat' dir='ltr'><strong>ut</strong></span> 
     </span>
     <span class='ocr_line' id='line_1_27' title="bbox 414 3245 1767 3326; baseline 0 -20"><span class='ocrx_word' id='word_1_239' title='bbox 414 3254 448 3306; x_wconf 91' lang='lat' dir='ltr'><strong>ut</strong></span> <span class='ocrx_word' id='word_1_240' title='bbox 468 3246 511 3322; x_wconf 91' lang='lat' dir='ltr'><strong>id,</strong></span> <span class='ocrx_word' id='word_1_241' title='bbox 537 3246 615 3325; x_wconf 88' lang='lat' dir='ltr'><strong>quod</strong></span> <span class='ocrx_word' id='word_1_242' title='bbox 639 3246 736 3325; x_wconf 87' lang='lat' dir='ltr'><strong>majus</strong></span> <span class='ocrx_word' id='word_1_243' title='bbox 761 3246 900 3319; x_wconf 88' lang='lat' dir='ltr'><strong>cernitur,</strong></span> <span class='ocrx_word' id='word_1_244' title='bbox 926 3248 1042 3308; x_wconf 92' lang='lat' dir='ltr'><strong>oculum</strong></span> <span class='ocrx_word' id='word_1_245' title='bbox 1065 3245 1163 3325; x_wconf 83' lang='lat' dir='ltr'><strong>magis</strong></span> <span class='ocrx_word' id='word_1_246' title='bbox 1187 3255 1322 3324; x_wconf 87' lang='lat' dir='ltr'><strong>occupet,</strong></span> <span class='ocrx_word' id='word_1_247' title='bbox 1346 3248 1424 3326; x_wconf 90' lang='lat' dir='ltr'><strong>quod</strong></span> <span class='ocrx_word' id='word_1_248' title='bbox 1447 3267 1518 3309; x_wconf 87' lang='lat' dir='ltr'><strong>vero</strong></span> <span class='ocrx_word' id='word_1_249' title='bbox 1538 3246 1644 3321; x_wconf 94' lang='lat' dir='ltr'><strong>minus,</strong></span> <span class='ocrx_word' id='word_1_250' title='bbox 1668 3246 1767 3308; x_wconf 92' lang='lat' dir='ltr'><strong>miuo-</strong></span> 
     </span>
     <span class='ocr_line' id='line_1_28' title="bbox 414 3333 1768 3415; baseline 0.001 -21"><span class='ocrx_word' id='word_1_251' title='bbox 414 3353 474 3395; x_wconf 89' lang='lat' dir='ltr'><strong>rem</strong></span> <span class='ocrx_word' id='word_1_252' title='bbox 498 3334 630 3396; x_wconf 89' lang='lat' dir='ltr'><strong>ocularis</strong></span> <span class='ocrx_word' id='word_1_253' title='bbox 653 3335 820 3415; x_wconf 82' lang='lat' dir='ltr'><strong>superficiei</strong></span> <span class='ocrx_word' id='word_1_254' title='bbox 840 3345 968 3415; x_wconf 87' lang='lat' dir='ltr'><strong>partem.</strong></span> <span class='ocrx_word' id='word_1_255' title='bbox 1006 3333 1082 3398; x_wconf 79' lang='lat' dir='ltr'><strong>(lum</strong></span> <span class='ocrx_word' id='word_1_256' title='bbox 1106 3353 1177 3414; x_wconf 85' lang='lat' dir='ltr'><strong>ergo</strong></span> <span class='ocrx_word' id='word_1_257' title='bbox 1201 3334 1355 3414; x_wconf 78' lang='lat' dir='ltr'><strong>separatio</strong></span> <span class='ocrx_word' id='word_1_258' title='bbox 1378 3337 1421 3410; x_wconf 83' lang='lat' dir='ltr'><strong>fit,</strong></span> <span class='ocrx_word' id='word_1_259' title='bbox 1445 3345 1487 3411; x_wconf 83' lang='lat' dir='ltr'><strong>ut,</strong></span> <span class='ocrx_word' id='word_1_260' title='bbox 1513 3336 1642 3414; x_wconf 86' lang='lat' dir='ltr'><strong>exempli</strong></span> <span class='ocrx_word' id='word_1_261' title='bbox 1665 3353 1768 3408; x_wconf 87' lang='lat' dir='ltr'><strong>eausa,</strong></span> 
     </span>
     <span class='ocr_line' id='line_1_29' title="bbox 415 3422 1770 3504; baseline 0.001 -21"><span class='ocrx_word' id='word_1_262' title='bbox 415 3422 500 3485; x_wconf 91' lang='lat' dir='ltr'><strong>uubis</strong></span> <span class='ocrx_word' id='word_1_263' title='bbox 525 3423 653 3502; x_wconf 86' lang='lat' dir='ltr'><strong>alicujus</strong></span> <span class='ocrx_word' id='word_1_264' title='bbox 676 3443 696 3483; x_wconf 89' lang='lat' dir='ltr'><strong>a</strong></span> <span class='ocrx_word' id='word_1_265' title='bbox 718 3424 809 3485; x_wconf 87' lang='lat' dir='ltr'><strong>stella</strong></span> <span class='ocrx_word' id='word_1_266' title='bbox 831 3425 1049 3487; x_wconf 85' lang='lat' dir='ltr'><strong>interlucente:</strong></span> <span class='ocrx_word' id='word_1_267' title='bbox 1074 3434 1145 3485; x_wconf 88' lang='lat' dir='ltr'><strong>tnnc</strong></span> <span class='ocrx_word' id='word_1_268' title='bbox 1169 3442 1217 3485; x_wconf 89' lang='lat' dir='ltr'><strong>res</strong></span> <span class='ocrx_word' id='word_1_269' title='bbox 1241 3424 1337 3485; x_wconf 90' lang='lat' dir='ltr'><strong>minor</strong></span> <span class='ocrx_word' id='word_1_270' title='bbox 1355 3425 1393 3485; x_wconf 89' lang='lat' dir='ltr'><strong>ad</strong></span> <span class='ocrx_word' id='word_1_271' title='bbox 1414 3425 1520 3501; x_wconf 85' lang='lat' dir='ltr'><strong>visum,</strong></span> <span class='ocrx_word' id='word_1_272' title='bbox 1543 3443 1651 3504; x_wconf 89' lang='lat' dir='ltr'><strong>nempe</strong></span> <span class='ocrx_word' id='word_1_273' title='bbox 1666 3424 1770 3493; x_wconf 86' lang='lat' dir='ltr'><strong>stella,</strong></span> 
     </span>
     <span class='ocr_line' id='line_1_30' title="bbox 415 3510 1768 3592; baseline 0 -21"><span class='ocrx_word' id='word_1_274' title='bbox 415 3510 478 3589; x_wconf 90' lang='lat' dir='ltr'><strong>ipso</strong></span> <span class='ocrx_word' id='word_1_275' title='bbox 510 3512 713 3592; x_wconf 83' lang='lat' dir='ltr'><strong>separationis</strong></span> <span class='ocrx_word' id='word_1_276' title='bbox 747 3513 856 3574; x_wconf 82' lang='lat' dir='ltr'><strong>ellectu</strong></span> <span class='ocrx_word' id='word_1_277' title='bbox 892 3514 989 3592; x_wconf 82' lang='lat' dir='ltr'><strong>magis</strong></span> <span class='ocrx_word' id='word_1_278' title='bbox 1019 3513 1196 3592; x_wconf 85' lang='lat' dir='ltr'><strong>conspicua,</strong></span> <span class='ocrx_word' id='word_1_279' title='bbox 1230 3513 1308 3574; x_wconf 88' lang='lat' dir='ltr'><strong>oculi</strong></span> <span class='ocrx_word' id='word_1_280' title='bbox 1347 3514 1441 3575; x_wconf 87' lang='lat' dir='ltr'><strong>aciem</strong></span> <span class='ocrx_word' id='word_1_281' title='bbox 1473 3515 1512 3576; x_wconf 89' lang='lat' dir='ltr'><strong>ad</strong></span> <span class='ocrx_word' id='word_1_282' title='bbox 1543 3534 1577 3576; x_wconf 89' lang='lat' dir='ltr'><strong>se</strong></span> <span class='ocrx_word' id='word_1_283' title='bbox 1610 3512 1768 3576; x_wconf 86' lang='lat' dir='ltr'><strong>convertit.</strong></span> 
     </span>
     <span class='ocr_line' id='line_1_31' title="bbox 415 3597 1769 3681; baseline -0.001 -19"><span class='ocrx_word' id='word_1_284' title='bbox 415 3597 543 3662; x_wconf 83' lang='lat' dir='ltr'><strong>Stellam</strong></span> <span class='ocrx_word' id='word_1_285' title='bbox 574 3600 681 3679; x_wconf 79' lang='lat' dir='ltr'><strong>igitur,</strong></span> <span class='ocrx_word' id='word_1_286' title='bbox 715 3609 748 3661; x_wconf 93' lang='lat' dir='ltr'><strong>ut</strong></span> <span class='ocrx_word' id='word_1_287' title='bbox 781 3621 858 3680; x_wconf 90' lang='lat' dir='ltr'><strong>quae</strong></span> <span class='ocrx_word' id='word_1_288' title='bbox 888 3620 982 3681; x_wconf 88' lang='lat' dir='ltr'><strong>parvo</strong></span> <span class='ocrx_word' id='word_1_289' title='bbox 1014 3601 1145 3663; x_wconf 88' lang='lat' dir='ltr'><strong>cernitur</strong></span> <span class='ocrx_word' id='word_1_290' title='bbox 1178 3602 1303 3679; x_wconf 81' lang='lat' dir='ltr'><strong>angulo,</strong></span> <span class='ocrx_word' id='word_1_291' title='bbox 1338 3602 1451 3663; x_wconf 88' lang='lat' dir='ltr'><strong>directe</strong></span> <span class='ocrx_word' id='word_1_292' title='bbox 1484 3602 1588 3664; x_wconf 90' lang='lat' dir='ltr'><strong>oculus</strong></span> <span class='ocrx_word' id='word_1_293' title='bbox 1620 3603 1769 3674; x_wconf 85' lang='lat' dir='ltr'><strong>intuetur;</strong></span> 
     </span>
     <span class='ocr_line' id='line_1_32' title="bbox 415 3688 1768 3770; baseline -0.001 -20"><span class='ocrx_word' id='word_1_294' title='bbox 415 3689 531 3764; x_wconf 77' lang='lat' dir='ltr'><strong>unbem,</strong></span> <span class='ocrx_word' id='word_1_295' title='bbox 555 3707 631 3769; x_wconf 88' lang='lat' dir='ltr'><strong>quae</strong></span> <span class='ocrx_word' id='word_1_296' title='bbox 654 3690 761 3768; x_wconf 87' lang='lat' dir='ltr'><strong>majori</strong></span> <span class='ocrx_word' id='word_1_297' title='bbox 786 3691 904 3752; x_wconf 85' lang='lat' dir='ltr'><strong>videtur</strong></span> <span class='ocrx_word' id='word_1_298' title='bbox 927 3692 1038 3769; x_wconf 82' lang='lat' dir='ltr'><strong>angulo</strong></span> <span class='ocrx_word' id='word_1_299' title='bbox 1062 3699 1095 3751; x_wconf 90' lang='lat' dir='ltr'><strong>et</strong></span> <span class='ocrx_word' id='word_1_300' title='bbox 1119 3689 1169 3768; x_wconf 93' lang='lat' dir='ltr'><strong>qui</strong></span> <span class='ocrx_word' id='word_1_301' title='bbox 1192 3697 1288 3751; x_wconf 92' lang='lat' dir='ltr'><strong>totum</strong></span> <span class='ocrx_word' id='word_1_302' title='bbox 1308 3691 1369 3751; x_wconf 85' lang='lat' dir='ltr'><strong>iere</strong></span> <span class='ocrx_word' id='word_1_303' title='bbox 1391 3699 1519 3770; x_wconf 91' lang='lat' dir='ltr'><strong>occupat</strong></span> <span class='ocrx_word' id='word_1_304' title='bbox 1538 3691 1664 3762; x_wconf 92' lang='lat' dir='ltr'><strong>oculum,</strong></span> <span class='ocrx_word' id='word_1_305' title='bbox 1689 3688 1768 3749; x_wconf 88' lang='lat' dir='ltr'><strong>idem</strong></span> 
     </span>
     <span class='ocr_line' id='line_1_33' title="bbox 414 3777 1768 3859; baseline -0.001 -21"><span class='ocrx_word' id='word_1_306' title='bbox 414 3777 515 3838; x_wconf 91' lang='lat' dir='ltr'><strong>oculus</strong></span> <span class='ocrx_word' id='word_1_307' title='bbox 539 3779 672 3839; x_wconf 90' lang='lat' dir='ltr'><strong>intuetur</strong></span> <span class='ocrx_word' id='word_1_308' title='bbox 695 3778 825 3857; x_wconf 91' lang='lat' dir='ltr'><strong>oblique.</strong></span> <span class='ocrx_word' id='word_1_309' title='bbox 874 3779 1084 3859; x_wconf 88' lang='lat' dir='ltr'><strong>Separationis</strong></span> <span class='ocrx_word' id='word_1_310' title='bbox 1112 3779 1205 3857; x_wconf 84' lang='lat' dir='ltr'><strong>igitur</strong></span> <span class='ocrx_word' id='word_1_311' title='bbox 1233 3786 1333 3840; x_wconf 87' lang='lat' dir='ltr'><strong>ectum</strong></span> <span class='ocrx_word' id='word_1_312' title='bbox 1362 3778 1488 3840; x_wconf 89' lang='lat' dir='ltr'><strong>ascribit</strong></span> <span class='ocrx_word' id='word_1_313' title='bbox 1519 3777 1562 3839; x_wconf 95' lang='lat' dir='ltr'><strong>illi</strong></span> <span class='ocrx_word' id='word_1_314' title='bbox 1592 3779 1649 3851; x_wconf 90' lang='lat' dir='ltr'><strong>rei,</strong></span> <span class='ocrx_word' id='word_1_315' title='bbox 1680 3794 1768 3857; x_wconf 91' lang='lat' dir='ltr'><strong>quam</strong></span> 
     </span>
     <span class='ocr_line' id='line_1_34' title="bbox 415 3865 1767 3946; baseline -0.001 -20"><span class='ocrx_word' id='word_1_316' title='bbox 415 3865 527 3928; x_wconf 87' lang='lat' dir='ltr'><strong>directe</strong></span> <span class='ocrx_word' id='word_1_317' title='bbox 555 3866 703 3940; x_wconf 90' lang='lat' dir='ltr'><strong>intuetur,</strong></span> <span class='ocrx_word' id='word_1_318' title='bbox 732 3886 838 3946; x_wconf 86' lang='lat' dir='ltr'><strong>nempe</strong></span> <span class='ocrx_word' id='word_1_319' title='bbox 871 3869 989 3930; x_wconf 87' lang='lat' dir='ltr'><strong>stellae.</strong></span> <span class='ocrx_word' id='word_1_320' title='bbox 1036 3869 1102 3929; x_wconf 87' lang='lat' dir='ltr'><strong>Hoc</strong></span> <span class='ocrx_word' id='word_1_321' title='bbox 1135 3880 1226 3946; x_wconf 86' lang='lat' dir='ltr'><strong>paeto</strong></span> <span class='ocrx_word' id='word_1_322' title='bbox 1259 3867 1342 3929; x_wconf 88' lang='lat' dir='ltr'><strong>visus</strong></span> <span class='ocrx_word' id='word_1_323' title='bbox 1376 3867 1457 3929; x_wconf 88' lang='lat' dir='ltr'><strong>cirea</strong></span> <span class='ocrx_word' id='word_1_324' title='bbox 1488 3867 1596 3928; x_wconf 91' lang='lat' dir='ltr'><strong>mobile</strong></span> <span class='ocrx_word' id='word_1_325' title='bbox 1635 3865 1767 3926; x_wconf 90' lang='lat' dir='ltr'><strong>aberrat.</strong></span> 
     </span>
     <span class='ocr_line' id='line_1_35' title="bbox 414 3953 1769 4035; baseline 0.001 -20"><span class='ocrx_word' id='word_1_326' title='bbox 414 3953 490 4015; x_wconf 84' lang='lat' dir='ltr'><strong>Nam</strong></span> <span class='ocrx_word' id='word_1_327' title='bbox 515 3954 541 4015; x_wconf 92' lang='lat' dir='ltr'><strong>si</strong></span> <span class='ocrx_word' id='word_1_328' title='bbox 566 3954 660 4015; x_wconf 91' lang='lat' dir='ltr'><strong>nubes</strong></span> <span class='ocrx_word' id='word_1_329' title='bbox 683 3955 721 4015; x_wconf 85' lang='lat' dir='ltr'><strong>ab</strong></span> <span class='ocrx_word' id='word_1_330' title='bbox 744 3964 812 4017; x_wconf 90' lang='lat' dir='ltr'><strong>ortu</strong></span> <span class='ocrx_word' id='word_1_331' title='bbox 836 3958 943 4018; x_wconf 85' lang='lat' dir='ltr'><strong>tendat</strong></span> <span class='ocrx_word' id='word_1_332' title='bbox 970 3958 1000 4019; x_wconf 92' lang='lat' dir='ltr'><strong>iu</strong></span> <span class='ocrx_word' id='word_1_333' title='bbox 1023 3975 1162 4018; x_wconf 87' lang='lat' dir='ltr'><strong>occasum</strong></span> <span class='ocrx_word' id='word_1_334' title='bbox 1187 3956 1277 4017; x_wconf 87' lang='lat' dir='ltr'><strong>celeri</strong></span> <span class='ocrx_word' id='word_1_335' title='bbox 1311 3964 1406 4029; x_wconf 92' lang='lat' dir='ltr'><strong>motu,</strong></span> <span class='ocrx_word' id='word_1_336' title='bbox 1438 3957 1544 4029; x_wconf 88' lang='lat' dir='ltr'><strong>stella,</strong></span> <span class='ocrx_word' id='word_1_337' title='bbox 1577 3953 1714 4035; x_wconf 89' lang='lat' dir='ltr'><strong>quamvis</strong></span> <span class='ocrx_word' id='word_1_338' title='bbox 1736 3961 1769 4032; x_wconf 86' lang='lat' dir='ltr'><strong>et</strong></span> 
     </span>
     <span class='ocr_line' id='line_1_36' title="bbox 414 4041 1768 4123; baseline 0.003 -21"><span class='ocrx_word' id='word_1_339' title='bbox 414 4043 489 4123; x_wconf 88' lang='lat' dir='ltr'><strong>ipsa,</strong></span> <span class='ocrx_word' id='word_1_340' title='bbox 505 4044 623 4104; x_wconf 84' lang='lat' dir='ltr'><strong>tardius</strong></span> <span class='ocrx_word' id='word_1_341' title='bbox 643 4052 753 4118; x_wconf 74' lang='lat' dir='ltr'><strong>menen,</strong></span> <span class='ocrx_word' id='word_1_342' title='bbox 774 4046 812 4104; x_wconf 88' lang='lat' dir='ltr'><strong>ad</strong></span> <span class='ocrx_word' id='word_1_343' title='bbox 832 4064 971 4107; x_wconf 88' lang='lat' dir='ltr'><strong>occasum</strong></span> <span class='ocrx_word' id='word_1_344' title='bbox 990 4047 1105 4118; x_wconf 88' lang='lat' dir='ltr'><strong>tendat,</strong></span> <span class='ocrx_word' id='word_1_345' title='bbox 1130 4045 1159 4105; x_wconf 91' lang='lat' dir='ltr'><strong>iu</strong></span> <span class='ocrx_word' id='word_1_346' title='bbox 1175 4054 1272 4105; x_wconf 89' lang='lat' dir='ltr'><strong>ortum</strong></span> <span class='ocrx_word' id='word_1_347' title='bbox 1288 4045 1357 4106; x_wconf 83' lang='lat' dir='ltr'><strong>ferri</strong></span> <span class='ocrx_word' id='word_1_348' title='bbox 1373 4044 1523 4106; x_wconf 86' lang='lat' dir='ltr'><strong>videbitur</strong></span> <span class='ocrx_word' id='word_1_349' title='bbox 1546 4042 1616 4105; x_wconf 93' lang='lat' dir='ltr'><strong>nubi</strong></span> <span class='ocrx_word' id='word_1_350' title='bbox 1639 4041 1768 4106; x_wconf 86' lang='lat' dir='ltr'><strong>obviam.</strong></span> 
     </span>
    </p>

    <p class='ocr_par' dir='ltr' id='par_1_7' title="bbox 413 4130 1772 5171">
     <span class='ocr_line' id='line_1_37' title="bbox 502 4130 1769 4214; baseline -0.001 -21"><span class='ocrx_word' id='word_1_351' title='bbox 502 4130 646 4193; x_wconf 91' lang='lat' dir='ltr'><strong>Omnium</strong></span> <span class='ocrx_word' id='word_1_352' title='bbox 668 4150 739 4193; x_wconf 88' lang='lat' dir='ltr'><strong>vero</strong></span> <span class='ocrx_word' id='word_1_353' title='bbox 763 4133 989 4195; x_wconf 86' lang='lat' dir='ltr'><strong>evidentissime</strong></span> <span class='ocrx_word' id='word_1_354' title='bbox 1012 4135 1101 4214; x_wconf 91' lang='lat' dir='ltr'><strong>hujus</strong></span> <span class='ocrx_word' id='word_1_355' title='bbox 1124 4133 1325 4195; x_wconf 89' lang='lat' dir='ltr'><strong>aberrationis</strong></span> <span class='ocrx_word' id='word_1_356' title='bbox 1349 4153 1442 4195; x_wconf 87' lang='lat' dir='ltr'><strong>causa</strong></span> <span class='ocrx_word' id='word_1_357' title='bbox 1471 4142 1521 4194; x_wconf 90' lang='lat' dir='ltr'><strong>est</strong></span> <span class='ocrx_word' id='word_1_358' title='bbox 1542 4133 1572 4193; x_wconf 92' lang='lat' dir='ltr'><strong>iu</strong></span> <span class='ocrx_word' id='word_1_359' title='bbox 1601 4149 1655 4206; x_wconf 89' lang='lat' dir='ltr'><strong>eo,</strong></span> <span class='ocrx_word' id='word_1_360' title='bbox 1689 4130 1769 4212; x_wconf 88' lang='lat' dir='ltr'><strong>quod</strong></span> 
     </span>
     <span class='ocr_line' id='line_1_38' title="bbox 414 4219 1770 4303; baseline -0.001 -20"><span class='ocrx_word' id='word_1_361' title='bbox 414 4221 514 4283; x_wconf 89' lang='lat' dir='ltr'><strong>oculus</strong></span> <span class='ocrx_word' id='word_1_362' title='bbox 537 4219 700 4300; x_wconf 90' lang='lat' dir='ltr'><strong>posteriori</strong></span> <span class='ocrx_word' id='word_1_363' title='bbox 722 4231 809 4299; x_wconf 91' lang='lat' dir='ltr'><strong>parte</strong></span> <span class='ocrx_word' id='word_1_364' title='bbox 832 4223 926 4302; x_wconf 91' lang='lat' dir='ltr'><strong>capiti</strong></span> <span class='ocrx_word' id='word_1_365' title='bbox 949 4224 1056 4284; x_wconf 81' lang='lat' dir='ltr'><strong>affixus</strong></span> <span class='ocrx_word' id='word_1_366' title='bbox 1080 4222 1152 4283; x_wconf 92' lang='lat' dir='ltr'><strong>nihil</strong></span> <span class='ocrx_word' id='word_1_367' title='bbox 1178 4222 1277 4283; x_wconf 90' lang='lat' dir='ltr'><strong>cernit</strong></span> <span class='ocrx_word' id='word_1_368' title='bbox 1298 4222 1404 4301; x_wconf 87' lang='lat' dir='ltr'><strong>majori</strong></span> <span class='ocrx_word' id='word_1_369' title='bbox 1420 4223 1538 4301; x_wconf 81' lang='lat' dir='ltr'><strong>angulo,</strong></span> <span class='ocrx_word' id='word_1_370' title='bbox 1563 4240 1651 4303; x_wconf 93' lang='lat' dir='ltr'><strong>quam</strong></span> <span class='ocrx_word' id='word_1_371' title='bbox 1666 4228 1770 4300; x_wconf 86' lang='lat' dir='ltr'><strong>partes</strong></span> 
     </span>
     <span class='ocr_line' id='line_1_39' title="bbox 414 4309 1771 4391; baseline -0.001 -20"><span class='ocrx_word' id='word_1_372' title='bbox 414 4309 500 4371; x_wconf 84' lang='lat' dir='ltr'><strong>faciei</strong></span> <span class='ocrx_word' id='word_1_373' title='bbox 525 4316 684 4371; x_wconf 81' lang='lat' dir='ltr'><strong>extantes:</strong></span> <span class='ocrx_word' id='word_1_374' title='bbox 716 4310 787 4371; x_wconf 87' lang='lat' dir='ltr'><strong>illae</strong></span> <span class='ocrx_word' id='word_1_375' title='bbox 812 4329 881 4374; x_wconf 88' lang='lat' dir='ltr'><strong>vero</strong></span> <span class='ocrx_word' id='word_1_376' title='bbox 905 4314 996 4373; x_wconf 90' lang='lat' dir='ltr'><strong>situm</strong></span> <span class='ocrx_word' id='word_1_377' title='bbox 1020 4312 1058 4374; x_wconf 90' lang='lat' dir='ltr'><strong>ad</strong></span> <span class='ocrx_word' id='word_1_378' title='bbox 1082 4311 1200 4373; x_wconf 87' lang='lat' dir='ltr'><strong>oculum</strong></span> <span class='ocrx_word' id='word_1_379' title='bbox 1224 4311 1362 4373; x_wconf 91' lang='lat' dir='ltr'><strong>obtinent</strong></span> <span class='ocrx_word' id='word_1_380' title='bbox 1384 4312 1525 4384; x_wconf 88' lang='lat' dir='ltr'><strong>eundem;</strong></span> <span class='ocrx_word' id='word_1_381' title='bbox 1553 4329 1645 4391; x_wconf 88' lang='lat' dir='ltr'><strong>quare</strong></span> <span class='ocrx_word' id='word_1_382' title='bbox 1668 4316 1771 4371; x_wconf 89' lang='lat' dir='ltr'><strong>cetera</strong></span> 
     </span>
     <span class='ocr_line' id='line_1_40' title="bbox 414 4397 1772 4480; baseline -0.001 -21"><span class='ocrx_word' id='word_1_383' title='bbox 414 4398 514 4460; x_wconf 86' lang='lat' dir='ltr'><strong>amaia</strong></span> <span class='ocrx_word' id='word_1_384' title='bbox 536 4398 717 4459; x_wconf 83' lang='lat' dir='ltr'><strong>videbuntur</strong></span> <span class='ocrx_word' id='word_1_385' title='bbox 739 4400 863 4476; x_wconf 87' lang='lat' dir='ltr'><strong>moveri,</strong></span> <span class='ocrx_word' id='word_1_386' title='bbox 887 4400 914 4461; x_wconf 92' lang='lat' dir='ltr'><strong>si</strong></span> <span class='ocrx_word' id='word_1_387' title='bbox 937 4402 1003 4480; x_wconf 90' lang='lat' dir='ltr'><strong>quis</strong></span> <span class='ocrx_word' id='word_1_388' title='bbox 1028 4401 1128 4480; x_wconf 86' lang='lat' dir='ltr'><strong>eliqua</strong></span> <span class='ocrx_word' id='word_1_389' title='bbox 1152 4401 1291 4461; x_wconf 88' lang='lat' dir='ltr'><strong>machina</strong></span> <span class='ocrx_word' id='word_1_390' title='bbox 1313 4400 1449 4479; x_wconf 86' lang='lat' dir='ltr'><strong>ignarum</strong></span> <span class='ocrx_word' id='word_1_391' title='bbox 1473 4406 1645 4471; x_wconf 85' lang='lat' dir='ltr'><strong>convertat,</strong></span> <span class='ocrx_word' id='word_1_392' title='bbox 1668 4397 1714 4460; x_wconf 86' lang='lat' dir='ltr'><strong>ita</strong></span> <span class='ocrx_word' id='word_1_393' title='bbox 1736 4397 1772 4458; x_wconf 82' lang='lat' dir='ltr'><strong>ut</strong></span> 
     </span>
     <span class='ocr_line' id='line_1_41' title="bbox 413 4482 1769 4567; baseline -0.001 -20"><span class='ocrx_word' id='word_1_394' title='bbox 413 4494 523 4562; x_wconf 84' lang='lat' dir='ltr'><strong>motus,</strong></span> <span class='ocrx_word' id='word_1_395' title='bbox 550 4504 637 4566; x_wconf 88' lang='lat' dir='ltr'><strong>quem</strong></span> <span class='ocrx_word' id='word_1_396' title='bbox 661 4486 727 4566; x_wconf 88' lang='lat' dir='ltr'><strong>ipsa</strong></span> <span class='ocrx_word' id='word_1_397' title='bbox 750 4488 834 4557; x_wconf 82' lang='lat' dir='ltr'><strong>lacit,</strong></span> <span class='ocrx_word' id='word_1_398' title='bbox 859 4490 1036 4551; x_wconf 88' lang='lat' dir='ltr'><strong>aestimator</strong></span> <span class='ocrx_word' id='word_1_399' title='bbox 1059 4507 1116 4550; x_wconf 93' lang='lat' dir='ltr'><strong>nou</strong></span> <span class='ocrx_word' id='word_1_400' title='bbox 1141 4489 1192 4549; x_wconf 92' lang='lat' dir='ltr'><strong>sit.</strong></span> <span class='ocrx_word' id='word_1_401' title='bbox 1231 4489 1273 4551; x_wconf 89' lang='lat' dir='ltr'><strong>Et</strong></span> <span class='ocrx_word' id='word_1_402' title='bbox 1296 4489 1544 4567; x_wconf 88' lang='lat' dir='ltr'><strong>quemadmodum</strong></span> <span class='ocrx_word' id='word_1_403' title='bbox 1567 4486 1644 4549; x_wconf 91' lang='lat' dir='ltr'><strong>oculi</strong></span> <span class='ocrx_word' id='word_1_404' title='bbox 1666 4482 1769 4565; x_wconf 90' lang='lat' dir='ltr'><strong>capiti,</strong></span> 
     </span>
     <span class='ocr_line' id='line_1_42' title="bbox 417 4575 1769 4657; baseline 0 -22"><span class='ocrx_word' id='word_1_405' title='bbox 417 4575 461 4637; x_wconf 88' lang='lat' dir='ltr'><strong>eie</strong></span> <span class='ocrx_word' id='word_1_406' title='bbox 483 4591 539 4654; x_wconf 92' lang='lat' dir='ltr'><strong>per</strong></span> <span class='ocrx_word' id='word_1_407' title='bbox 561 4583 654 4654; x_wconf 86' lang='lat' dir='ltr'><strong>eaput</strong></span> <span class='ocrx_word' id='word_1_408' title='bbox 682 4578 816 4654; x_wconf 88' lang='lat' dir='ltr'><strong>corpori,</strong></span> <span class='ocrx_word' id='word_1_409' title='bbox 851 4597 905 4657; x_wconf 89' lang='lat' dir='ltr'><strong>per</strong></span> <span class='ocrx_word' id='word_1_410' title='bbox 927 4597 1035 4657; x_wconf 90' lang='lat' dir='ltr'><strong>corpus</strong></span> <span class='ocrx_word' id='word_1_411' title='bbox 1057 4576 1128 4638; x_wconf 90' lang='lat' dir='ltr'><strong>navi</strong></span> <span class='ocrx_word' id='word_1_412' title='bbox 1152 4586 1206 4638; x_wconf 92' lang='lat' dir='ltr'><strong>aut</strong></span> <span class='ocrx_word' id='word_1_413' title='bbox 1229 4578 1327 4639; x_wconf 91' lang='lat' dir='ltr'><strong>domni</strong></span> <span class='ocrx_word' id='word_1_414' title='bbox 1350 4586 1404 4638; x_wconf 88' lang='lat' dir='ltr'><strong>aut</strong></span> <span class='ocrx_word' id='word_1_415' title='bbox 1425 4578 1483 4639; x_wconf 93' lang='lat' dir='ltr'><strong>toti</strong></span> <span class='ocrx_word' id='word_1_416' title='bbox 1507 4576 1621 4655; x_wconf 81' lang='lat' dir='ltr'><strong>regioni</strong></span> <span class='ocrx_word' id='word_1_417' title='bbox 1645 4576 1769 4654; x_wconf 89' lang='lat' dir='ltr'><strong>ejusque</strong></span> 
     </span>
     <span class='ocr_line' id='line_1_43' title="bbox 414 4662 1769 4746; baseline -0.001 -22"><span class='ocrx_word' id='word_1_418' title='bbox 414 4662 564 4726; x_wconf 82' lang='lat' dir='ltr'><strong>horizonti</strong></span> <span class='ocrx_word' id='word_1_419' title='bbox 588 4664 769 4743; x_wconf 84' lang='lat' dir='ltr'><strong>aspectabili</strong></span> <span class='ocrx_word' id='word_1_420' title='bbox 792 4676 863 4727; x_wconf 91' lang='lat' dir='ltr'><strong>suut</strong></span> <span class='ocrx_word' id='word_1_421' title='bbox 885 4667 987 4729; x_wconf 80' lang='lat' dir='ltr'><strong>affixi:</strong></span> <span class='ocrx_word' id='word_1_422' title='bbox 1021 4685 1097 4746; x_wconf 89' lang='lat' dir='ltr'><strong>quae</strong></span> <span class='ocrx_word' id='word_1_423' title='bbox 1121 4685 1187 4727; x_wconf 92' lang='lat' dir='ltr'><strong>cum</strong></span> <span class='ocrx_word' id='word_1_424' title='bbox 1210 4665 1271 4727; x_wconf 91' lang='lat' dir='ltr'><strong>siut</strong></span> <span class='ocrx_word' id='word_1_425' title='bbox 1293 4666 1462 4746; x_wconf 88' lang='lat' dir='ltr'><strong>propinqua</strong></span> <span class='ocrx_word' id='word_1_426' title='bbox 1484 4673 1516 4726; x_wconf 90' lang='lat' dir='ltr'><strong>et</strong></span> <span class='ocrx_word' id='word_1_427' title='bbox 1537 4667 1657 4743; x_wconf 80' lang='lat' dir='ltr'><strong>magua</strong></span> <span class='ocrx_word' id='word_1_428' title='bbox 1671 4679 1769 4741; x_wconf 41' lang='lat' dir='ltr'><strong>appas</strong></span> 
     </span>
     <span class='ocr_line' id='line_1_44' title="bbox 415 4751 1768 4836; baseline -0.003 -21"><span class='ocrx_word' id='word_1_429' title='bbox 415 4761 501 4815; x_wconf 74' lang='lat' dir='ltr'><strong>renat</strong></span> <span class='ocrx_word' id='word_1_430' title='bbox 530 4770 700 4832; x_wconf 80' lang='lat' dir='ltr'><strong>magnoque</strong></span> <span class='ocrx_word' id='word_1_431' title='bbox 728 4754 838 4833; x_wconf 81' lang='lat' dir='ltr'><strong>angulo</strong></span> <span class='ocrx_word' id='word_1_432' title='bbox 867 4754 1041 4829; x_wconf 86' lang='lat' dir='ltr'><strong>videantur,</strong></span> <span class='ocrx_word' id='word_1_433' title='bbox 1073 4763 1256 4836; x_wconf 88' lang='lat' dir='ltr'><strong>teneantque</strong></span> <span class='ocrx_word' id='word_1_434' title='bbox 1287 4755 1377 4817; x_wconf 90' lang='lat' dir='ltr'><strong>situm</strong></span> <span class='ocrx_word' id='word_1_435' title='bbox 1409 4772 1475 4815; x_wconf 88' lang='lat' dir='ltr'><strong>curu</strong></span> <span class='ocrx_word' id='word_1_436' title='bbox 1508 4754 1595 4816; x_wconf 91' lang='lat' dir='ltr'><strong>oculo</strong></span> <span class='ocrx_word' id='word_1_437' title='bbox 1631 4751 1768 4825; x_wconf 89' lang='lat' dir='ltr'><strong>eundem,</strong></span> 
     </span>
     <span class='ocr_line' id='line_1_45' title="bbox 415 4839 1770 4924; baseline -0.002 -21"><span class='ocrx_word' id='word_1_438' title='bbox 415 4858 539 4903; x_wconf 80' lang='lat' dir='ltr'><strong>neeesse</strong></span> <span class='ocrx_word' id='word_1_439' title='bbox 562 4847 612 4903; x_wconf 88' lang='lat' dir='ltr'><strong>est</strong></span> <span class='ocrx_word' id='word_1_440' title='bbox 634 4849 738 4904; x_wconf 87' lang='lat' dir='ltr'><strong>cetera</strong></span> <span class='ocrx_word' id='word_1_441' title='bbox 755 4842 866 4917; x_wconf 87' lang='lat' dir='ltr'><strong>omnia,</strong></span> <span class='ocrx_word' id='word_1_442' title='bbox 890 4863 1013 4924; x_wconf 91' lang='lat' dir='ltr'><strong>quornm</strong></span> <span class='ocrx_word' id='word_1_443' title='bbox 1036 4844 1113 4906; x_wconf 89' lang='lat' dir='ltr'><strong>sitne</strong></span> <span class='ocrx_word' id='word_1_444' title='bbox 1136 4844 1239 4914; x_wconf 89' lang='lat' dir='ltr'><strong>adid,</strong></span> <span class='ocrx_word' id='word_1_445' title='bbox 1263 4844 1342 4924; x_wconf 94' lang='lat' dir='ltr'><strong>quod</strong></span> <span class='ocrx_word' id='word_1_446' title='bbox 1366 4842 1501 4905; x_wconf 87' lang='lat' dir='ltr'><strong>continet</strong></span> <span class='ocrx_word' id='word_1_447' title='bbox 1522 4841 1677 4903; x_wconf 87' lang='lat' dir='ltr'><strong>ridentem</strong></span> <span class='ocrx_word' id='word_1_448' title='bbox 1700 4839 1770 4912; x_wconf 88' lang='lat' dir='ltr'><strong>(eeu</strong></span> 
     </span>
     <span class='ocr_line' id='line_1_46' title="bbox 416 4927 1771 5012; baseline -0.001 -22"><span class='ocrx_word' id='word_1_449' title='bbox 416 4929 499 4993; x_wconf 85' lang='lat' dir='ltr'><strong>navis</strong></span> <span class='ocrx_word' id='word_1_450' title='bbox 523 4930 566 4993; x_wconf 87' lang='lat' dir='ltr'><strong>sit</strong></span> <span class='ocrx_word' id='word_1_451' title='bbox 588 4948 642 4991; x_wconf 89' lang='lat' dir='ltr'><strong>seu</strong></span> <span class='ocrx_word' id='word_1_452' title='bbox 655 4930 767 4992; x_wconf 84' lang='lat' dir='ltr'><strong>Terrae</strong></span> <span class='ocrx_word' id='word_1_453' title='bbox 786 4932 954 5010; x_wconf 91' lang='lat' dir='ltr'><strong>planities),</strong></span> <span class='ocrx_word' id='word_1_454' title='bbox 974 4942 1116 5006; x_wconf 84' lang='lat' dir='ltr'><strong>mutatur,</strong></span> <span class='ocrx_word' id='word_1_455' title='bbox 1139 4934 1235 4995; x_wconf 87' lang='lat' dir='ltr'><strong>videri</strong></span> <span class='ocrx_word' id='word_1_456' title='bbox 1252 4933 1321 5012; x_wconf 85' lang='lat' dir='ltr'><strong>ipsa</strong></span> <span class='ocrx_word' id='word_1_457' title='bbox 1338 4950 1393 5011; x_wconf 90' lang='lat' dir='ltr'><strong>per</strong></span> <span class='ocrx_word' id='word_1_458' title='bbox 1411 4950 1479 4993; x_wconf 91' lang='lat' dir='ltr'><strong>sese</strong></span> <span class='ocrx_word' id='word_1_459' title='bbox 1499 4927 1622 4992; x_wconf 85' lang='lat' dir='ltr'><strong>moveri.</strong></span> <span class='ocrx_word' id='word_1_460' title='bbox 1646 4928 1771 4991; x_wconf 89' lang='lat' dir='ltr'><strong>Habent</strong></span> 
     </span>
     <span class='ocr_line' id='line_1_47' title="bbox 416 5016 1770 5103; baseline 0.002 -27"><span class='ocrx_word' id='word_1_461' title='bbox 416 5018 492 5080; x_wconf 87' lang='lat' dir='ltr'><strong>enim</strong></span> <span class='ocrx_word' id='word_1_462' title='bbox 514 5018 607 5081; x_wconf 84' lang='lat' dir='ltr'><strong>locati</strong></span> <span class='ocrx_word' id='word_1_463' title='bbox 630 5018 794 5093; x_wconf 86' lang='lat' dir='ltr'><strong>rationem,</strong></span> <span class='ocrx_word' id='word_1_464' title='bbox 827 5040 864 5081; x_wconf 87' lang='lat' dir='ltr'><strong>ea</strong></span> <span class='ocrx_word' id='word_1_465' title='bbox 885 5040 973 5097; x_wconf 84' lang='lat' dir='ltr'><strong>vero,</strong></span> <span class='ocrx_word' id='word_1_466' title='bbox 999 5039 1075 5103; x_wconf 89' lang='lat' dir='ltr'><strong>quae</strong></span> <span class='ocrx_word' id='word_1_467' title='bbox 1098 5021 1232 5101; x_wconf 85' lang='lat' dir='ltr'><strong>proxime</strong></span> <span class='ocrx_word' id='word_1_468' title='bbox 1256 5021 1342 5082; x_wconf 90' lang='lat' dir='ltr'><strong>oculo</strong></span> <span class='ocrx_word' id='word_1_469' title='bbox 1366 5019 1562 5100; x_wconf 81' lang='lat' dir='ltr'><strong>circumjecta</strong></span> <span class='ocrx_word' id='word_1_470' title='bbox 1584 5025 1669 5094; x_wconf 90' lang='lat' dir='ltr'><strong>sunt,</strong></span> <span class='ocrx_word' id='word_1_471' title='bbox 1702 5016 1770 5079; x_wconf 82' lang='lat' dir='ltr'><strong>loce</strong></span> 
     </span>
     <span class='ocr_line' id='line_1_48' title="bbox 417 5106 873 5171; baseline 0.009 -5"><span class='ocrx_word' id='word_1_472' title='bbox 417 5116 447 5169; x_wconf 87' lang='lat' dir='ltr'><strong>et</strong></span> <span class='ocrx_word' id='word_1_473' title='bbox 467 5106 634 5171; x_wconf 85' lang='lat' dir='ltr'><strong>continenti</strong></span> <span class='ocrx_word' id='word_1_474' title='bbox 658 5106 873 5170; x_wconf 87' lang='lat' dir='ltr'><strong>assimilantur.</strong></span> 
     </span>
    </p>
   </div>
   <div class='ocr_carea' id='block_1_4' title="bbox 0 0 2304 6192">
    <p class='ocr_par' dir='ltr' id='par_1_8' title="bbox 0 0 2304 6192">
     <span class='ocr_line' id='line_1_49' title="bbox 0 0 2304 6192; baseline 0 0"><span class='ocrx_word' id='word_1_475' title='bbox 0 0 2304 6192; x_wconf 95' lang='lat' dir='ltr'><strong> </strong></span> 
     </span>
    </p>
   </div>
  </div>
 </body>
</html>
