4584 6192
1680 489 1745 557 569

394 670 578 733 quatercenties
597 671 674 720 altero
692 674 772 733 najm
791 672 891 728 existat,
910 672 936 720 id
955 678 1038 721 autem
1058 673 1104 722 erit
1121 678 1197 727 tunc,
1216 685 1272 719 cum
1291 671 1391 731 maioris
1413 669 1533 718 hamster
1551 669 1584 718 ad
1602 668 1749 719 dianetum

397 741 499 791 alterius
517 741 671 805 longitudine
684 742 757 790 luerit
777 743 923 807 vigecupla;
943 742 1033 792 deinde
1052 743 1193 805 superficies
1212 742 1298 788 ambas
1311 742 1336 787 in
1354 740 1439 789 eodem
1459 741 1553 803 pariete
1571 740 1659 789 infixas
1677 740 1748 789 simul

395 813 503 876 alonge
522 813 653 875 spectabit,
673 813 791 861 minorem
811 814 908 877 quidem
928 813 1006 862 altero
1020 814 1089 863 oculo
1103 814 1134 862 ad
1149 812 1312 876 perspicillum
1331 810 1438 866 admoto,
1458 813 1575 871 majorem
1595 826 1651 860 vero
1671 810 1748 859 altero

394 883 465 931 oculo
485 883 575 939 libero;
596 884 721 932 commode
740 900 763 932 n.
783 885 809 932 id
822 885 874 933 lieri
887 885 945 933 licet
957 898 1005 933 uno
1023 885 1158 947 eodemque
1176 891 1286 945 tempore
1304 882 1381 930 oculis
1400 882 1517 930 ambobus
1536 881 1667 943 adapertis,
1687 889 1746 930 tunc

393 970 417 1001 n.
439 954 532 1017 figurae
552 955 640 1002 ambae
660 955 769 1015 ejusdem
789 957 942 1018 apparebunt
966 956 1157 1020 magnitudinis,
1178 957 1197 1002 si
1217 968 1336 1016 organum
1355 953 1489 1001 secuudum
1515 958 1626 1015 optatam
1648 967 1747 1015 propor-

394 1027 486 1072 tionem
516 1026 615 1086 ohjecta
642 1026 848 1087 multiplicaverit.
862 1062 867 1072 .
880 1063 905 1073 ..
937 1026 1051 1089 Recepta
1078 1029 1174 1075 ratione
1202 1026 1337 1072 distantiae
1356 1024 1389 1071 ad
1407 1023 1553 1071 diametrum
1576 1024 1679 1084 objecti,
1706 1038 1749 1085 per

393 1096 504 1143 tabulam
523 1098 620 1144 sinuum
644 1099 778 1159 reperietur
802 1099 928 1160 quantitas
957 1098 1040 1162 auguli
1059 1099 1084 1146 in
1104 1098 1174 1146 oculo
1194 1112 1223 1144 ex
1242 1097 1338 1157 objecto
1364 1096 1499 1143 constituti.
1538 1094 1565 1142 Si
1584 1094 1684 1156 specillo
1704 1094 1748 1153 (ab

393 1166 463 1213 oculo
477 1163 582 1225 remoto)
597 1168 720 1224 bracteas,
741 1168 804 1216 alias
817 1169 950 1229 majoribus
964 1169 1026 1217 alias
1040 1184 1096 1217 vero
1109 1168 1241 1216 minoribus
1255 1166 1391 1228 perforatas
1404 1166 1561 1213 foraminibus
1575 1166 1749 1226 aptaverimus,

392 1237 464 1285 modo
484 1237 548 1285 hanc
567 1238 639 1286 modo
658 1237 733 1293 illam,
752 1248 825 1302 prout
837 1254 896 1301 opus
909 1239 989 1298 fuerit,
1009 1242 1245 1302 superimponentes.
1265 1235 1369 1300 angulos
1388 1236 1448 1284 alios
1468 1243 1542 1299 atque
1560 1236 1621 1283 alios
1640 1235 1748 1298 pluribus

391 1309 596 1369 paucioribusque
614 1310 714 1357 minutis
733 1311 910 1359 subtendentes
929 1325 972 1372 pro
992 1311 1062 1358 libitu
1081 1311 1266 1366 constituemus,
1286 1322 1386 1370 quorum
1406 1322 1451 1368 ope
1464 1307 1590 1355 stellarum
1608 1308 1747 1368 intercape-

392 1379 463 1426 dines
481 1393 525 1441 per
544 1379 637 1442 aliquot
656 1382 752 1428 minuta
771 1382 803 1429 ad
826 1382 930 1429 invicem
959 1382 1114 1437 dissitamm,
1143 1383 1206 1430 citra
1224 1381 1296 1427 unius
1316 1387 1360 1425 aut
1385 1378 1485 1426 alterius
1512 1378 1600 1424 minuti
1618 1384 1749 1438 peccatum

394 1450 522 1497 commode
542 1450 647 1498 dimetiri
666 1453 806 1513 poterimus.

482 1520 508 1579 5)
528 1536 552 1583 p.
574 1519 633 1568 494.
670 1523 737 1570 Joh.
756 1523 935 1576 Pistorius,
961 1528 1013 1570 nat.
1044 1538 1109 1571 anuo
1138 1518 1207 1569 1544
1234 1518 1332 1568 Niddae
1357 1520 1381 1566 in
1400 1519 1508 1574 Hassia,
1535 1523 1606 1565 mort
1636 1518 1748 1582 Friburgi

392 1605 458 1639 anno
480 1588 556 1650 1607,
576 1594 678 1654 primum
698 1594 844 1650 medicinae,
864 1603 951 1655 postea
968 1600 1066 1641 mutata
1084 1593 1132 1641 fide
1151 1592 1291 1655 theologiae
1312 1604 1412 1653 operam
1431 1590 1515 1643 dedit;
1542 1588 1647 1636 innotuit
1665 1588 1747 1636 multis

394 1668 483 1711 contra
510 1663 620 1710 homiues
639 1663 740 1713 Lutheri
765 1666 822 1714 fidei
852 1665 962 1713 addictos
990 1666 1094 1726 scriptis.
1132 1664 1267 1725 Keplerum
1295 1675 1443 1724 quamquam
1469 1660 1637 1708 l.utherauum
1663 1660 1748 1723 magui

391 1735 470 1789 tecit,
491 1741 516 1781 et
535 1749 590 1782 curn
605 1749 633 1782 eo
652 1736 730 1783 multa
749 1750 865 1798 praesens
885 1744 910 1783 et
922 1750 966 1798 per
984 1736 1067 1784 literas
1080 1737 1139 1798 egit,
1161 1749 1216 1782 eam
1229 1747 1323 1796 quoque
1342 1733 1372 1780 ob
1392 1746 1501 1787 causam,
1520 1732 1579 1794 quia
1596 1730 1714 1778 Pistorius
1733 1743 1750 1778 a

393 1803 503 1852 Caesare
523 1805 625 1866 Kepleri
644 1807 777 1854 studiorum
797 1810 867 1869 quasi
886 1808 1004 1870 magister
1023 1809 1170 1854 constitutus
1189 1807 1242 1853 tuit.
1280 1802 1376 1865 (Comp.
1397 1803 1489 1850 Comm.
1509 1802 1584 1850 Mart.
1604 1813 1688 1849 annot
1709 1797 1748 1859 3.)
1792 1822 1812 1832 θ

483 1872 508 1935 6)
528 1892 551 1938 p.
572 1873 633 1923 494.
673 1878 766 1925 Alludit
784 1878 821 1925 his
841 1878 962 1939 Keplerus
982 1877 1014 1926 ad
1033 1882 1214 1925 sextantem
1234 1890 1249 1923 a
1268 1874 1384 1935 Tychoue
1406 1875 1540 1929 inventum,
1567 1873 1646 1935 adque
1665 1873 1746 1922 obser·

360 1967 363 1972 ·
390 1946 515 1995 vationem
535 1947 719 2007 refractionum,
737 1963 798 2010 quas
818 1948 902 2010 Tycho
921 1950 946 1995 iu
965 1948 1091 1997 horizonte
1114 1964 1138 1988 =
1159 1945 1201 1994 34‘
1222 1947 1298 2008 ponit.
1331 1945 1482 2000 ,Artificium
1502 1944 1625 2007 opticum⁸⁸
1645 1943 1747 2006 Kepleri

389 2017 521 2078 peculiaris
541 2025 578 2065 est
605 2020 706 2075 modus,
736 2020 881 2068 diametrum
908 2020 995 2067 Lunae
1018 2035 1061 2081 per
1086 2021 1275 2067 instrumentum
1304 2016 1463 2073 observandi,
1491 2032 1563 2079 quem
1590 2015 1703 2077 proponit
1721 2015 1747 2061 iu

392 2087 484 2150 Optica
503 2088 546 2144 XI,
567 2085 591 2135 4.
797 2119 809 2144 ,
1476 2096 1478 2102 ·

464 2156 492 2217 7)
512 2175 535 2221 p.
555 2157 615 2207 495.
655 2160 823 2208 Galilaeus
842 2160 877 2222 (p.
898 2159 938 2207 12.
961 2158 1095 2220 ,Nuucii“)
1115 2162 1166 2208 sic:
1196 2160 1295 2207 Faciem
1314 2158 1401 2206 Lunae
1419 2155 1480 2205 in2
1503 2164 1587 2219 partes
1613 2157 1746 2219 distinguo,

392 2229 499 2277 alteram
519 2245 608 2293 nempe
627 2232 763 2285 clariorem,
784 2233 946 2281 obscuriorem
966 2232 1079 2279 alteram.
1112 2232 1205 2279 Clarior
1223 2231 1318 2278 ridetur
1334 2236 1411 2276 totum
1431 2229 1636 2291 hemisphaerium
1655 2227 1746 2275 ambire

391 2308 467 2362 atque
487 2302 649 2363 perfundere;
679 2304 802 2350 obscurior
821 2318 876 2351 vero
895 2303 969 2351 veluti
989 2303 1065 2350 nubes
1085 2302 1207 2366 quaedam
1231 2301 1320 2349 taciem
1339 2302 1418 2362 ipsam
1443 2300 1521 2348 inficit
1545 2298 1746 2361 maculosamque

389 2370 480 2419 reddit.
518 2371 586 2420 Istae
606 2380 689 2421 autem
708 2376 823 2422 maculae
847 2374 1011 2422 subobscurae
1030 2382 1056 2421 et
1074 2375 1134 2422 satis
1159 2372 1256 2434 amplae
1279 2372 1410 2433 uuicuique
1438 2378 1496 2418 sunt
1523 2371 1623 2420 obviae.
1643 2369 1746 2431 illasque

390 2456 479 2490 aevum
498 2458 570 2491 omne
590 2446 732 2506 conspexit:
751 2453 900 2507 quapropter
920 2445 1056 2507 ,maguas“
1071 2460 1114 2492 seu
1130 2444 1276 2506 „antiquas“
1292 2457 1335 2491 eas
1348 2442 1524 2504 appellabimus
1538 2441 1570 2490 ad
1583 2440 1745 2489 differentiam

389 2514 493 2561 aliarum
512 2514 666 2563 macularum
692 2516 852 2577 amplitudine
876 2517 1012 2571 minorum,
1032 2523 1059 2563 at
1078 2516 1216 2578 frequentia
1234 2516 1270 2562 ita
1293 2516 1457 2569 consitarum,
1476 2521 1505 2561 ut
1523 2519 1602 2560 totam
1620 2512 1745 2560 Lunarsm

388 2585 545 2646 superficiem
573 2588 716 2647 praesertim
735 2601 792 2634 vero
816 2587 958 2636 lucidiorem
983 2595 1079 2648 partem
1105 2592 1279 2648 conspergant.
1316 2585 1447 2633 Haerere
1467 2585 1598 2634 anemine
1622 2590 1681 2631 ante
1700 2596 1745 2630 nos

387 2656 534 2703 observatae
553 2656 659 2704 luerunt.
699 2657 734 2704 Er
753 2659 860 2720 ipsarum
880 2665 963 2706 autem
982 2659 1080 2722 saepius
1098 2659 1194 2705 iteratis
1213 2657 1404 2718 inspectionibus
1422 2657 1447 2703 iu
1467 2669 1522 2704 earn
1542 2655 1641 2705 deducti
1660 2666 1744 2701 sumus

386 2728 547 2780 seutentiam,
567 2733 594 2773 ut
607 2735 673 2774 certo
692 2728 867 2792 intelligamus,
881 2729 968 2777 Lunae
987 2729 1141 2791 superficiem
1155 2744 1203 2775 uon
1216 2727 1370 2789 perpolitam,
1391 2728 1554 2790 aequabilem,
1573 2726 1752 2785 exactissimae,

386 2797 570 2858 (rhaericitatis
589 2800 706 2854 existere,
726 2800 769 2847 sed
788 2800 957 2863 inaequalem,
983 2814 1111 2862 asperam,
1141 2800 1288 2847 cavitatibus
1316 2800 1498 2863 tumoribusque
1518 2798 1666 2856 consertam,
1695 2809 1745 2843 nou

387 2882 461 2915 secus
480 2882 511 2915 ao
530 2870 657 2931 ipsiusmet
676 2870 779 2918 Telluris
798 2871 875 2918 iacies
895 2868 939 2919 tre.

481 2937 510 2997 8)
530 2954 553 3000 p.
573 2937 634 2987 497.
671 2941 796 2990 Galilaeus
815 2940 850 3004 (p.
873 2938 942 3001 19.);
961 2942 1068 2989 medium
1087 2942 1158 3004 quasi
1178 2940 1265 2988 Lunae
1284 2938 1363 2987 locum
1383 2953 1399 2986 a
1418 2940 1526 2988 caritate
1544 2938 1651 3003 quadam
1670 2951 1743 2987 occu·

334 2991 348 3014 ⁶
389 3014 476 3071 patum
496 3024 550 3057 esse
569 3011 666 3073 reliquis
680 3013 791 3060 omnibus
804 3015 900 3074 majori,
920 3027 950 3060 ao
964 3013 1058 3075 figurae
1071 3014 1197 3074 perlectae
1210 3011 1376 3059 rotunditatis.
1401 3010 1513 3058 Eundem
1526 3011 1588 3059 iacit
1601 3008 1745 3072 adspectum

387 3094 418 3127 ac
438 3081 533 3129 iaceret
551 3083 575 3129 iu
596 3082 675 3129 Terris
695 3085 760 3146 regio
781 3085 911 3131 consimilis
931 3084 1075 3137 Bohemiae‚
1095 3085 1114 3130 si
1134 3084 1256 3130 montibus
1276 3082 1399 3129 altissimis
1417 3082 1490 3144 inque
1509 3081 1671 3144 peripheriam
1689 3094 1743 3142 per-

388 3151 450 3198 fecti
470 3151 554 3200 circuli
574 3153 695 3214 dispositis
714 3155 881 3203 occluderetur
904 3156 1017 3217 undique.

480 3221 508 3285 9)
528 3239 551 3284 p.
572 3221 631 3270 stt.
672 3224 800 3287 ,Scripta“
821 3241 901 3288 neque
925 3242 980 3273 vero
1005 3226 1068 3287 typis
1094 3226 1213 3286 impressa
1238 3232 1276 3273 est
1294 3224 1357 3273 haec
1381 3224 1513 3285 disputatio
1538 3229 1657 3286 quantum
1675 3221 1745 3270 nobis

387 3300 496 3341 constat.
524 3293 670 3356 Conscripta
689 3303 726 3343 est
745 3298 789 3342 suh
809 3298 923 3359 auspiciis
939 3297 970 3344 D.
986 3297 1036 3343 Viti
1049 3295 1156 3351 Mulleri,
1172 3295 1232 3343 Phil.
1246 3295 1311 3344 Proi.
1326 3296 1497 3359 Tubingensis,
1517 3294 1538 3343 si
1555 3294 1602 3343 hoc
1616 3308 1629 3343 e
1642 3293 1744 3357 Keplori

386 3365 468 3411 verbis
487 3367 513 3411 in
532 3368 629 3414 Astron.
652 3366 744 3414 Lunari
764 3365 806 3426 (N.
828 3366 856 3427 2)
876 3368 1021 3417 concludere
1039 3367 1106 3415 licet.

480 3452 523 3513 10)
549 3470 572 3516 p.
594 3450 653 3501 409.
691 3455 813 3517 Keplerus
842 3458 918 3503 utitur
946 3457 1053 3504 editione
1082 3454 1226 3503 Venetiana
1253 3455 1358 3507 Nuntii.
1387 3469 1451 3518 quae
1478 3455 1557 3504 forma
1584 3455 1745 3518 quartanaria

386 3526 506 3586 impressa
526 3533 580 3580 est;
610 3526 684 3573 editio
704 3527 933 3588 Frankolurtcusis,
960 3528 1039 3575 forma
1066 3534 1156 3575 octava
1183 3528 1310 3588 impressa,
1328 3527 1394 3575 locos
1417 3528 1457 3575 hic
1477 3533 1502 3576 et
1520 3526 1584 3574 infra
1603 3525 1743 3588 aKeplero

387 3597 479 3643 citatos
499 3596 572 3643 afl'ert
591 3613 613 3658 p.
635 3593 677 3653 23,
698 3597 739 3656 25,
761 3594 793 3644 26
813 3614 840 3658 s,
872 3599 916 3646 Ed.
937 3599 1000 3646 Flor.
1022 3597 1066 3654 ΙΙΙ,
1088 3594 1119 3644 69
1139 3612 1171 3644 ss.
1209 3597 1293 3646 Verba
1312 3597 1418 3645 Galilaei
1436 3597 1499 3647 haec
1518 3604 1592 3644 suut:

480 3665 504 3724 1)
525 3667 570 3715 De
589 3667 700 3716 Lunae
727 3671 908 3717 montibus:
939 3670 1083 3726 ,conferens
1109 3682 1192 3717 eorum
1218 3665 1346 3728 (verticum
1366 3670 1390 3715 in
1410 3670 1542 3717 tenebrosa
1560 3668 1646 3715 Lunae
1672 3673 1744 3728 parte

385 3737 592 3799 illuminaturum)
613 3738 756 3786 distantiam
776 3740 807 3787 ad
827 3743 948 3804 integram
963 3741 1048 3788 Lunae
1068 3741 1223 3792 diametrum.
1243 3742 1344 3802 cognovi
1366 3740 1523 3787 interstitium
1537 3739 1582 3786 hoc
1600 3739 1743 3802 vigesimam

385 3809 512 3856 interdum
532 3809 645 3857 diametri
664 3818 760 3871 partem
784 3814 925 3874 superare.“
964 3814 1081 3859 Assumta
1106 3810 1195 3859 deinde
1214 3810 1301 3858 Lunae
1326 3811 1500 3859 diametro:
1522 3805 1550 3870 Ξ)1
1573 3809 1698 3865 Terrena,
1718 3816 1745 3857 et

385 3880 444 3927 huic
464 3880 561 3927 tributis
581 3879 650 3926 7000
669 3882 812 3930 milliaribus
832 3882 940 3938 Italicis,
968 3882 1048 3944 prodit
1066 3883 1154 3930 Lunae
1182 3881 1353 3930 diameter:
1372 3879 1459 3937 200ος
1487 3880 1544 3929 hinc
1571 3880 1632 3928 illud
1652 3882 1742 3937 „inter-

384 3952 498 3998 stitium“
519 3966 554 3989 :
574 3950 625 3997 100
645 3952 784 4000 eorundem.
822 3953 878 4002 Jam
899 3955 924 4000 in
947 3952 1070 4016 triangulo
1097 3954 1243 4016 rectangolo
1271 3953 1361 4000 dantur
1388 3952 1468 4001 latera
1487 3952 1519 4000 ad
1544 3958 1653 4010 rectum,
1681 3951 1744 4000 alter

385 4021 475 4069 Lunae
496 4022 612 4069 circulum
632 4024 765 4070 maximum
784 4031 891 4088 tangens
911 4031 1003 4085 aequat
1024 4021 1089 4079 100,
1116 4023 1180 4071 alter
1206 4024 1289 4072 radius
1314 4024 1397 4072 circuli
1417 4024 1450 4073 ad
1467 4029 1585 4086 punctum
1613 4028 1743 4072 contactus

382 4125 419 4150 =
450 4107 528 4156 rooo.
568 4107 682 4168 voto·
696 4117 729 4172 ΔΓ
747 4111 839 4171 rooop
859 4127 894 4151 =
914 4098 1125 4166 Vmffiruo‘:
1147 4109 1231 4166 roos;
1262 4113 1414 4170 „subiratus
1432 4113 1507 4176 igitur
1524 4113 1549 4160 tn
1567 4112 1655 4170 Luna,
1679 4125 1744 4174 quas

382 4182 502 4228 verticem
532 4184 669 4243 quempiam
700 4183 731 4229 ad
760 4198 836 4245 usque
863 4182 926 4230 Solis
954 4183 1049 4231 radium
1077 4185 1169 4231 elatum
1201 4184 1332 4246 designat.
1362 4185 1508 4233 eminentior
1535 4190 1574 4232 est
1600 4183 1744 4232 milliaribus

384 4249 523 4300 stationae
536 4252 578 4299 hc.
599 4249 627 4310 ἲ)
642 4252 688 4300 lte
703 4254 810 4302 Lunae
831 4255 1053 4302 corniculatae
1071 4263 1165 4316 parte
1184 4256 1368 4303 tenebrosa:
1385 4255 1743 4313 „DumLunatumantetum

384 4325 462 4370 etiam
483 4330 538 4383 post
557 4325 754 4383 conjunctionem
774 4339 790 4372 a
808 4324 864 4373 Sole
883 4327 1016 4386 reperitur,
1036 4340 1085 4373 nou
1103 4325 1175 4373 modo
1194 4326 1270 4387 ipsius
1286 4326 1372 4390 globus
1392 4333 1518 4388 exparte,
1537 4340 1588 4390 qua
1605 4326 1743 4375 lucentibus

384 4393 500 4442 cornibus
520 4402 658 4448 cromatur,
681 4396 740 4443 risui
754 4403 836 4444 nostro
853 4397 1015 4458 spectandum
1029 4411 1083 4445 sese
1096 4397 1177 4451 ollert,
1196 4411 1279 4445 vemm
1293 4398 1368 4446 etiam
1380 4398 1461 4446 tenuis
1478 4398 1601 4461 quaedam
1613 4397 1743 4445 sublucens

383 4464 525 4527 peripheria
543 4465 689 4513 tenebrosae
707 4469 840 4528 partis...
862 4468 888 4517 Si
901 4470 954 4531 quis
967 4468 1043 4515 talem
1056 4469 1100 4516 sibi
1114 4468 1191 4531 eligat
1209 4470 1291 4524 situm,
1309 4476 1338 4516 ut
1351 4482 1366 4517 a
1378 4476 1445 4518 tecto
1458 4470 1495 4518 vel
1516 4469 1613 4517 camino
1632 4475 1677 4516 aut
1695 4466 1743 4515 alio

384 4536 469 4598 aliquo
491 4536 560 4583 obice
581 4537 739 4585 intervisam
759 4545 784 4585 et
802 4537 899 4586 Lunam
919 4537 975 4598 (sed
993 4539 1076 4601 procul
1096 4540 1127 4587 ab
1147 4540 1218 4587 oculo
1236 4537 1326 4602 posito)
1352 4554 1444 4588 cornua
1461 4541 1516 4603 ipsa
1533 4539 1644 4588 lucentia
1661 4536 1742 4586 occul·

383 4612 486 4660 tentus,
515 4621 571 4668 pars
597 4621 653 4654 vero
681 4609 774 4671 reliqua
792 4608 898 4657 Lunaris
926 4611 991 4672 globi
1017 4610 1145 4672 adspectui
1173 4617 1256 4658 nostro
1284 4613 1395 4673 exposita
1421 4612 1585 4675 relinquatur,
1609 4617 1668 4659 tuno
1687 4609 1743 4657 luce

383 4692 435 4725 non
459 4678 549 4740 exigua
573 4677 638 4726 hauc
667 4693 761 4742 quoque
781 4679 868 4728 Lunae
891 4678 1007 4743 plagam,
1036 4681 1094 4729 licet
1118 4680 1197 4730 Solari
1220 4681 1311 4729 lumine
1334 4681 1479 4750 destitutam
1501 4683 1631 4746 splendere
1656 4681 1741 4743 depre-

382 4747 486 4796 hendet.
501 4784 507 4795 .
523 4782 550 4794 ..
583 4746 643 4796 Cum
673 4751 792 4811 ejmmodi
816 4750 976 4799 secundarius
1002 4751 1081 4815 fulgor
1108 4766 1154 4800 uec
1182 4753 1269 4800 Lunae
1293 4754 1326 4799 sit
1353 4756 1499 4818 congenitus
1522 4760 1597 4817 atque
1623 4753 1742 4816 proprius,

384 4832 432 4868 nec
452 4832 468 4867 a
487 4819 563 4867 stellis
591 4819 646 4868 ullis
675 4836 722 4870 neo
751 4836 767 4870 a
793 4820 850 4870 Sole
875 4828 1017 4880 mutuatus,
1046 4837 1151 4885 cumque
1176 4826 1229 4884 jam
1256 4825 1282 4870 iu
1309 4825 1392 4873 mundi
1419 4827 1536 4875 vastitate
1561 4839 1648 4888 corpus
1676 4822 1743 4873 aliud

384 4891 493 4952 supersit
519 4889 625 4946 nullum,
654 4894 700 4940 nisi
728 4892 782 4941 sola
807 4892 902 4948 Tellus,
934 4892 991 4956 quid
1018 4906 1109 4955 quaeso
1144 4893 1315 4955 opinandum?
1349 4896 1407 4957 quid
1436 4890 1647 4957 praeferendum?
1671 4910 1741 4944 num·

385 4960 445 5023 quid
464 4975 481 5009 a
500 4961 577 5009 Terra
594 4962 674 5023 ipsum
692 4963 792 5013 Lunare
811 4978 914 5026 corpus,
943 4969 988 5012 aut
1011 4963 1137 5028 quidpiam
1157 4964 1223 5012 aliud
1235 4978 1354 5026 ‘opaeum
1379 4973 1453 5030 atque
1477 4969 1631 5017 tenebrosum
1650 4968 1743 5015 lumine

385 5030 524 5094 pertundi?
553 5030 619 5091 Quid
637 5032 745 5083 miruml
765 5034 887 5084 Maxime:
913 5046 994 5097 aequa
1011 5040 1132 5099 grataque
1150 5034 1331 5097 permutatione
1353 5036 1466 5101 rependit
1483 5036 1566 5088 Tellus
1584 5052 1669 5103 parem
1686 5038 1741 5087 tlln-
