4584 6192
945 571 977 623 de
995 569 1075 624 Stella
1092 572 1170 624 Nora
1669 574 1735 645 609

445 741 722 823 Angustissimo
747 753 860 827 atque
883 747 1146 810 Invietissimo
1175 747 1421 813 Romanorum
1444 751 1665 832 Imperatori

874 829 1146 913 Rrrdulplru
1168 830 1237 897 ΙΙ.

921 923 1034 974 Joannes
1054 922 1189 989 Kopteros.

824 995 882 1056 Ile
924 996 1051 1057 Ictu
1091 995 1286 1059 Veneto.

839 1101 1063 1179 Angustissime
1092 1100 1270 1180 Imperator.

466 1181 565 1263 Saepe
591 1186 752 1260 declaravi,
777 1208 824 1249 me
839 1209 897 1250 non
922 1190 1104 1261 existimare,
1131 1191 1209 1269 quod
1230 1193 1345 1251 coelum
1361 1210 1394 1251 se
1409 1192 1643 1269 particularibus
1667 1213 1733 1255 eum

376 1280 448 1332 voto
473 1271 650 1334 immisceat.
698 1274 758 1336 Sed
784 1288 900 1353 tamen,
935 1278 1005 1357 quia
1023 1277 1146 1358 jubeor,
1182 1279 1309 1340 dicenda
1332 1288 1381 1339 est
1403 1278 1441 1338 ab
1470 1279 1553 1341 initio
1582 1283 1735 1344 sententia

375 1361 606 1438 astrologorum.

464 1448 562 1510 Stella
577 1469 655 1512 uova
670 1451 782 1512 effulsit
796 1453 823 1513 in
840 1451 1018 1531 Sagittario.
1052 1453 1132 1515 Urbs
1154 1454 1338 1515 Venetorum
1358 1454 1486 1516 refertur
1501 1455 1555 1517 sub
1572 1455 1731 1520 Cancrum.

374 1536 457 1611 Nihil
481 1537 581 1616 itaque
605 1539 673 1599 huic
697 1540 789 1601 motui
813 1560 879 1602 curn
903 1541 1003 1603 Stella
1024 1542 1127 1615 Nova,
1162 1541 1219 1602 nisi
1242 1542 1297 1602 sub
1327 1542 1461 1620 generali
1494 1544 1610 1604 ratione
1639 1545 1733 1607 totius

374 1625 457 1686 orbis
481 1627 652 1687 Terrarum.
693 1628 737 1688 At
759 1639 866 1691 contra
889 1630 1011 1708 eclipsis
1031 1629 1113 1691 Solis
1138 1629 1167 1689 in
1195 1625 1252 1692 18⁰
1266 1640 1312 1695 ὲ
1338 1639 1386 1690 est
1409 1630 1438 1690 in
1461 1632 1556 1711 primo
1580 1633 1733 1711 quadran-

374 1715 454 1794 gulo,
480 1714 629 1775 Venetiae
653 1716 744 1776 etiam
769 1718 824 1778 sub
848 1719 942 1796 primo
967 1719 1172 1799 quadrangulo
1197 1738 1240 1779 sc.
1265 1719 1321 1780 sub
1346 1716 1475 1780 Cancro.
1513 1719 1556 1782 Et
1579 1721 1733 1799 negotium

374 1803 430 1863 boc
456 1803 572 1863 videtur
597 1805 664 1865 inde
688 1814 806 1881 natum,
832 1827 869 1867 ex
893 1826 950 1886 quo
974 1807 1096 1887 eclipsis
1121 1807 1191 1881 fuit,
1216 1806 1332 1868 scilicet
1356 1807 1394 1868 ab
1419 1806 1544 1870 Octobri
1568 1809 1732 1888 superiori;

374 1899 456 1951 certe
481 1891 535 1951 sub
560 1893 700 1952 moderno
726 1894 872 1956 Pontifice
896 1904 999 1955 uatum
1025 1904 1085 1964 est,
1111 1894 1160 1976 qui
1184 1895 1315 1957 nundum
1340 1915 1449 1957 anuum
1471 1896 1603 1959 sederat.
1649 1896 1732 1976 Ergo

375 1978 496 2057 eclipsis
521 1978 602 2041 Solis
626 2000 663 2041 ex
688 1983 905 2061 astrologorum
931 1984 1083 2044 sententia
1106 2002 1243 2044 connexa
1267 1992 1314 2045 est
1339 2004 1404 2045 eum
1430 1983 1485 2045 hoc
1510 1985 1641 2064 negotio.

463 2067 552 2128 Addo
591 2088 646 2145 ego
685 2072 916 2133 astronomicum
955 2080 1163 2151 argumentum
1200 2072 1355 2149 probabile
1392 2091 1429 2132 ex
1463 2092 1531 2133 mea
1568 2074 1730 2135 sententia.

374 2155 506 2233 Eclipsis
531 2157 583 2216 illa
608 2157 663 2218 l'uit
687 2160 791 2219 totalis
816 2160 844 2221 in
869 2160 942 2221 mari
967 2161 1120 2241 Tyrrheno
1144 2161 1223 2220 infra
1241 2159 1368 2221 Romam
1393 2167 1423 2220 et
1446 2178 1500 2239 per
1518 2161 1677 2240 Neapolim
1702 2169 1754 2224 et.

375 2242 548 2305 Calabriam
573 2256 663 2324 atque
687 2247 833 2322 Siciliam,
859 2259 892 2309 ut
911 2260 941 2310 et
960 2268 1013 2327 per
1037 2249 1165 2311 confinia
1185 2247 1304 2309 Galliae
1321 2259 1352 2309 et
1365 2249 1531 2326 Hispaniae
1555 2256 1731 2331 montesque

340 2328 344 2335 ’
374 2332 558 2413 Pyrenaeos.
606 2333 766 2412 Significat
789 2338 881 2416 igitur
904 2339 1023 2410 malum,
1049 2338 1095 2398 cui
1119 2336 1310 2415 implicentur
1334 2335 1442 2398 Gallus
1466 2346 1497 2397 et
1521 2338 1731 2415 patrimonium

373 2421 455 2483 Petri
481 2428 512 2482 et
535 2423 685 2500 principes
710 2425 818 2499 Italici,
841 2426 936 2488 multo
962 2446 1030 2487 vero
1054 2425 1184 2486 maxime
1199 2424 1266 2487 Rex
1285 2425 1497 2504 Hispaniarum
1516 2434 1547 2486 et
1567 2426 1729 2498 Venetiae,

372 2518 497 2589 propter
519 2511 577 2571 iter
601 2512 746 2576 marinum
771 2514 936 2575 occidentis
962 2524 992 2575 et
1012 2514 1135 2575 orientis
1161 2513 1266 2593 eclipsi
1290 2514 1467 2593 subjectum,
1493 2513 1568 2576 illud
1586 2513 1726 2593 Hispani,

371 2599 429 2658 hoc
454 2595 650 2659 Venetorum.
1727 2599 1730 2605 ’

461 2686 557 2764 Igitur
581 2707 617 2747 ex
646 2691 865 2769 astrologorum
897 2690 1051 2752 sententia
1082 2690 1178 2750 multa
1209 2698 1280 2750 suut
1310 2696 1488 2768 argumenta
1518 2709 1572 2770 pro
1597 2690 1727 2752 Venetis

371 2784 478 2836 contra
500 2774 686 2837 Pontificem.

461 2863 592 2925 Primum
616 2865 736 2943 eclipsis
761 2866 843 2927 eadit
860 2867 995 2927 Venetae
1020 2866 1085 2927 urbi
1109 2885 1167 2926 uon
1188 2864 1217 2924 in
1235 2866 1365 2926 medium
1388 2865 1473 2940 coeli,
1497 2885 1556 2927 non
1579 2866 1610 2926 in
1632 2865 1725 2927 horo-

370 2972 494 3032 scopum
528 2964 580 3014 aut
611 2954 705 3014 locum
730 2953 829 3028 Solis,
863 2956 916 3016 sed
948 2956 1085 3034 praecise
1108 2955 1137 3015 in
1166 2953 1255 3014 irnum
1283 2954 1359 3015 coeli
1382 2961 1413 3015 et
1440 2955 1609 3032 oppositum
1631 2951 1724 3015 Solis.

369 3042 451 3103 Nam
477 3042 626 3102 Venetiae
660 3050 730 3102 sunt
761 3043 921 3116 fundatae,
957 3045 1074 3123 quando
1099 3043 1152 3104 Sol
1177 3043 1204 3103 iu
1234 3043 1461 3123 sextoArietis
1492 3042 1548 3103 fuit
1570 3042 1600 3103 iu
1628 3042 1726 3103 medie

370 3129 458 3197 coeli,
485 3130 624 3190 Pontifex
642 3149 713 3190 vero
733 3139 821 3191 uatus
842 3141 898 3205 est,
924 3133 1041 3214 quando
1057 3130 1110 3193 Sol
1135 3131 1193 3191 fuit
1207 3132 1235 3192 in
1259 3138 1365 3211 quarto
1389 3130 1483 3209 gradu
1498 3131 1608 3192 Librae
1631 3149 1725 3209 prope

369 3220 468 3280 locum
501 3217 639 3297 eclipsis,
674 3219 809 3297 praecise
842 3219 870 3280 in
904 3220 1042 3300 opposito
1076 3223 1141 3281 loco
1175 3218 1257 3282 Solis
1291 3219 1371 3281 urbis
1403 3218 1613 3293 Venetiarnrn;
1646 3220 1724 3300 quod

343 3337 351 3350 ·
369 3306 538 3369 delectabit
562 3309 743 3386 astrologos.

461 3395 578 3455 Deinde
602 3397 680 3476 apud
706 3397 841 3457 Venetos
866 3395 919 3457 Sol
943 3396 1104 3469 exaltatur,
1129 3396 1208 3474 apud
1233 3396 1407 3457 Pontificem
1432 3395 1522 3459 cadit.

462 3483 563 3545 Tertio
588 3484 835 3545 constellationes
860 3503 960 3545 mense
980 3484 1078 3564 Aprili
1099 3495 1129 3545 et
1148 3482 1233 3562 Majn
1257 3485 1325 3545 anui
1345 3479 1440 3551 1606,
1465 3483 1583 3564 quando
1607 3484 1723 3544 exarsit

369 3572 545 3645 eontentio,
580 3574 698 3633 fuerunt
726 3572 839 3632 similes
873 3572 1151 3634 constellationibus
1186 3571 1266 3634 urbis
1297 3573 1504 3634 Venetiarum.
1555 3571 1634 3632 Nam
1667 3570 1725 3642 fuit

369 3660 520 3740 oppositio
544 3659 626 3722 Solis
650 3669 682 3722 et
704 3661 824 3722 Martis.

461 3746 577 3818 Quarto
601 3748 750 3810 Saturnus
774 3749 862 3809 stetit
885 3749 913 3809 in
939 3749 1085 3827 quadrato
1110 3747 1192 3809 Solis
1216 3746 1381 3827 utriusque.
1429 3746 1491 3808 Sed
1514 3750 1571 3809 hoo
1594 3764 1653 3806 nen
1677 3756 1727 3807 est

368 3847 478 3899 eontra
493 3838 636 3911 Venetos,
663 3838 732 3915 quia
751 3836 802 3898 Sol
829 3837 885 3896 fuit
909 3837 967 3898 illis
992 3836 1019 3897 in
1045 3837 1220 3899 fundatione
1243 3835 1385 3915 inhujus
1408 3836 1549 3915 planetae
1573 3834 1721 3913 opposito.

460 3924 572 3995 Quinto
595 3926 714 4005 Jupiter
738 3934 808 3987 tunc
831 3925 892 3986 tuit
914 3926 943 3987 in
968 3920 1031 3987 28⁰
1053 3922 1107 3988 29⁴
1130 3943 1188 4000 m,
1212 3927 1276 3987 loco
1301 3945 1345 3999 eo,
1372 3943 1458 4005 quem
1477 3923 1625 3986 Saturnus
1649 3941 1723 3985 nas-

368 4023 458 4076 cente
481 4014 624 4075 Pontifice
649 4014 786 4086 obtinuit,
812 4015 895 4075 etin
920 4014 1070 4075 domicilio
1094 4013 1227 4089 Saturni,
1251 4014 1315 4093 ipse
1338 4013 1523 4092 peregrinus.

462 4102 556 4163 Sexto
580 4104 723 4164 Pontifex
748 4104 805 4162 iste
833 4111 923 4163 uatus
947 4102 1065 4163 videtur
1097 4104 1214 4180 magnis
1245 4102 1359 4176 turbis,
1390 4102 1459 4180 quia
1487 4102 1544 4162 fuit
1574 4099 1724 4179 oppositio
1794 4097 1798 4110 '

369 4209 481 4269 magna
504 4190 626 4253 Saturni
651 4200 682 4252 et
704 4191 790 4251 Jovis
813 4192 843 4252 in
867 4192 968 4252 Leone
993 4198 1024 4251 et
1047 4192 1196 4269 Aquario,
1221 4190 1292 4252 Sole
1321 4209 1378 4251 non
1412 4190 1610 4271 configurato,
1645 4189 1723 4267 quod

368 4281 455 4349 facit,
480 4287 513 4340 ut
535 4279 644 4346 turbae
668 4280 726 4340 hae
751 4280 847 4359 magis
871 4281 900 4341 in
925 4280 1034 4340 malum
1059 4280 1212 4341 inclinent.
1258 4278 1301 4340 Et
1323 4278 1471 4340 Saturnus
1494 4280 1525 4341 in
1548 4295 1595 4338 m
1618 4277 1724 4338 fortior

368 4378 418 4430 est
431 4367 520 4428 Jove.
558 4366 609 4429 Sic
633 4368 762 4430 medium
787 4369 863 4429 coeli
883 4367 939 4440 fuit
957 4368 986 4428 in
1010 4363 1068 4429 10ο
1082 4374 1120 4441 s,
1145 4368 1229 4429 locus
1248 4366 1465 4447 conjunctionis
1484 4386 1622 4447 magnae,
1648 4384 1723 4444 quae

368 4457 427 4519 fuit
454 4450 547 4517 1603.
572 4455 748 4518 Decembris
777 4457 915 4535 septimo.
961 4455 1103 4518 Pontifex
1131 4457 1224 4517 habet
1246 4455 1376 4517 Martem
1404 4457 1542 4518 suumin
1567 4469 1615 4527 Θ,
1639 4453 1725 4530 signo

369 4544 584 4617 Venetiarum,
617 4545 695 4625 quod
728 4545 832 4606 itidem
864 4544 1082 4625 praedicabunt
1115 4543 1271 4623 astrologi.
1321 4543 1364 4604 Et
1395 4544 1465 4623 quia
1493 4551 1604 4609 ea-est
1636 4558 1725 4602 casus

368 4632 491 4708 Martis,
516 4631 679 4712 significari
706 4633 809 4695 dicent
837 4633 997 4712 astrologi,
1032 4633 1110 4715 quod
1142 4631 1251 4694 bellum
1279 4639 1385 4693 contra
1407 4632 1545 4694 Venetos
1568 4649 1627 4691 uon
1650 4628 1726 4689 bene

367 4722 411 4785 sit
434 4738 654 4800 processurum.
704 4721 820 4784 Contra
844 4721 954 4783 Veneti
989 4723 1102 4785 habeut
1123 4722 1255 4784 Martem
1278 4720 1308 4781 in
1332 4732 1393 4794 ὲ,
1428 4722 1506 4801 quod
1530 4727 1579 4781 est
1607 4717 1728 4797 quidem

367 4809 581 4873 detrimentum
605 4810 735 4886 Martis,
766 4811 845 4872 uude
870 4808 1027 4871 Cardenus
1061 4810 1156 4883 dixit,
1189 4808 1267 4888 quod
1291 4808 1402 4870 Veneti
1425 4828 1485 4871 uon
1516 4806 1635 4890 possint
1658 4823 1727 4866 esse

367 4899 475 4961 felices
505 4897 689 4973 bellatores;
721 4900 773 4960 sed
800 4907 899 4959 tamen
925 4917 989 4958 euru
1018 4899 1132 4960 babent
1155 4898 1183 4959 in
1213 4898 1278 4959 loco
1304 4895 1385 4959 Solis
1408 4896 1573 4970 Pontificis,
1597 4893 1648 4955 ubi
1671 4891 1727 4956 Sol

366 4986 467 5058 eadit,
497 4986 581 5046 etin
606 4988 671 5047 leco
696 4988 827 5067 eclipsis.
874 4986 952 5047 Hinc
982 4987 1114 5048 dicerent
1142 4986 1302 5064 astrologi,
1332 4984 1411 5064 quod
1439 5005 1496 5047 nou
1527 4987 1656 5047 futurum
1685 4980 1728 5042 sit

366 5076 480 5137 bellum
504 5073 592 5135 valde
617 5094 767 5154 magnum,
793 5077 859 5154 plus
883 5084 982 5136 tamen
1007 5076 1133 5137 nocituri
1153 5074 1273 5135 Veneti.
1314 5073 1357 5134 Et
1380 5074 1450 5156 quia
1474 5074 1595 5153 eclipsis
1618 5069 1726 5132 Ponti-

419 5177 509 5228 resurr
523 5178 600 5227 Opera.
621 5179 648 5217 11.
1481 5174 1514 5227 ³⁹
