4584 6192
989 563 1070 628 Gerus
1088 566 1119 615 V·
1142 566 1165 615 ¹·
1589 610 1594 618 -
1692 564 1757 631 229

1660 695 1669 716 .

401 735 515 797 faciunt
541 736 723 815 periculum,
754 759 791 799 an
825 740 878 801 illa
909 740 979 800 ferri
1009 742 1117 820 possit.
1171 742 1212 802 Et
1246 742 1273 802 in
1308 742 1507 822 longinquiori
1541 743 1660 823 quidem
1692 744 1757 806 luce

400 825 569 905 superciliis
595 833 627 886 et
650 828 859 904 corrugatione
884 830 990 891 frontis
1015 850 1069 890 nos
1093 829 1250 903 munimus,
1276 839 1309 890 at
1332 831 1361 890 in
1386 831 1499 892 directe
1524 833 1662 911 opposita
1687 834 1756 911 pal-

400 915 557 994 pebrarum
583 914 675 975 etiarn
699 916 775 976 ciliis
792 927 822 977 et
837 918 964 978 connixu
990 919 1108 980 utimur.
1133 921 1199 980 Hoc
1215 920 1400 980 Aristoteles
1425 930 1498 981 sect.
1516 919 1568 982 31.
1593 922 1687 1001 probl.
1707 919 1755 984 ld.

402 1003 456 1065 sibi
478 1003 701 1064 discutiendum
726 1025 791 1066 esse
816 1008 943 1085 putarit,
968 1009 1019 1067 sed
1046 1009 1178 1069 absurda
1202 1009 1352 1068 radiorum
1376 1009 1549 1081 emissione,
1574 1028 1660 1088 quarn
1685 1010 1755 1071 alibi

400 1094 462 1177 ipse
486 1092 598 1170 rejicit.
647 1091 732 1162 Quae
757 1096 832 1155 adeo
857 1115 949 1155 causa
974 1106 1034 1168 est,
1070 1117 1120 1157 cur
1140 1097 1301 1174 supercilia
1330 1107 1489 1159 curventur·
1518 1099 1546 1158 in
1576 1118 1691 1170 arcum,
1725 1109 1754 1160 ut

402 1181 589 1243 circulariter
613 1184 714 1241 ocutos
738 1183 899 1244 circulares
924 1186 1044 1245 obeant.
1088 1186 1222 1247 Accedit
1242 1187 1307 1264 jam
1332 1186 1459 1246 auctarii
1485 1187 1559 1259 loco,
1586 1187 1663 1266 quod
1687 1188 1752 1266 pul-

403 1269 530 1332 visculus
557 1270 715 1344 sustinent,
742 1274 820 1351 quod
844 1273 913 1333 cilia
933 1275 1072 1334 ridentur
1096 1275 1283 1336 flabellorurn
1309 1276 1373 1334 loco
1398 1294 1480 1349 esse,
1514 1277 1552 1336 ad
1577 1277 1754 1337 everrendoo

403 1360 579 1421 obrolautes
604 1360 802 1437 pulvisculos:
842 1362 967 1441 denique
998 1364 1074 1442 quod
1109 1372 1142 1422 ut
1176 1364 1202 1423 in
1235 1371 1298 1423 toto
1324 1382 1460 1441 corpore,
1491 1366 1535 1424 sic
1564 1364 1611 1425 liic
1642 1384 1756 1444 quoque

401 1463 501 1528 partes
525 1448 624 1508 nudae
649 1459 680 1510 et
705 1453 826 1510 tenera'e
850 1451 921 1528 pilis
946 1464 1052 1512 contra
1076 1452 1213 1512 attritum
1245 1452 1350 1512 muniri
1375 1452 1523 1515 videntur.
1572 1454 1755 1514 Praesertim

402 1556 464 1599 curn
488 1545 688 1613 exterguntur
711 1539 874 1617 palpebrae
899 1549 930 1600 et
954 1542 1058 1600 sordes
1084 1541 1196 1600 detritu
1220 1560 1273 1619 per
1297 1541 1402 1600 ralras
1428 1551 1498 1602 sunt
1516 1543 1753 1619 provolvendae,

403 1627 467 1688 cilia
490 1625 642 1685 canalium
666 1626 760 1688 vicem
779 1638 948 1706 praestant,
974 1629 1022 1708 qui
1038 1631 1141 1689 sordes
1164 1640 1246 1690 trans
1263 1629 1368 1689 vulvas
1388 1631 1547 1703 declinent,
1574 1650 1609 1690 ne
1635 1631 1663 1691 iu
1680 1651 1753 1691 ucu-

404 1718 459 1777 lurn
481 1720 642 1792 cogantur.
690 1716 791 1776 Pilosa
815 1718 961 1794 siquidem
985 1719 1092 1787 munia,
1119 1729 1151 1778 ut
1176 1719 1261 1779 arida
1285 1727 1316 1778 et
1340 1719 1430 1792 sicca,
1456 1720 1609 1780 humorem
1634 1718 1754 1798 asperi-

404 1817 463 1865 tate
486 1824 543 1864 sua
567 1815 598 1861 et
623 1803 750 1881 quddam
776 1807 860 1883 quasi
885 1806 993 1885 rigore,
1025 1807 1121 1886 quoad
1147 1809 1173 1867 is
1198 1826 1255 1867 non
1281 1807 1419 1880 vincitur,
1446 1810 1605 1887 repellunt.
1653 1810 1754 1886 Atque

405 1913 440 1955 err
460 1893 508 1953 his
532 1892 626 1952 etiam
652 1910 746 1953 causa
777 1896 925 1967 cernitur,
955 1915 1006 1955 cur
1031 1904 1115 1956 recta
1139 1897 1208 1956 cilia
1232 1897 1305 1967 sint,
1333 1916 1390 1961 nou
1415 1898 1536 1975 supina,
1562 1916 1619 1957 non
1645 1916 1753 1975 prona,

405 2001 457 2042 non
481 1980 645 2059 sparsiora,
673 2001 730 2042 non
755 1984 903 2055 densiora,
930 2003 986 2043 non
1012 1985 1157 2063 longiora,
1192 2005 1249 2044 non
1275 1986 1413 2045 breviora
1444 1996 1475 2046 et
1504 2004 1628 2046 recurva
1658 1985 1754 2045 modi-

404 2090 473 2132 cum.
521 2070 607 2130 Haec
635 2080 719 2144 sunt,
756 2092 830 2150 quae
859 2073 977 2133 oculum
1006 2073 1102 2151 ipsum
1137 2073 1366 2133 circumstantia
1398 2075 1436 2134 ad
1467 2074 1588 2134 ridendi
1626 2074 1756 2135 officium

404 2167 588 2221 concurrunt.

487 2249 521 2310 In
546 2247 640 2325 ipsius
665 2248 741 2308 oculi
766 2248 855 2326 globo
875 2251 1057 2310 recensendo
1082 2258 1199 2311 tantum
1223 2251 1278 2310 lroc
1303 2250 1373 2309 rnilri
1395 2250 1513 2310 videtur
1530 2250 1754 2326 elaborandum,

405 2345 436 2399 ut
456 2335 645 2398 anatomicos
674 2347 756 2398 recte
789 2338 957 2417 intelligam
981 2349 1011 2398 et
1035 2339 1143 2399 bonum
1176 2359 1263 2416 agam
1298 2339 1560 2401 nomenclatorem.
1608 2338 1660 2401 Sic
1684 2358 1756 2417 ergo

405 2426 471 2488 mihi
495 2425 636 2487 videntur
661 2427 822 2487 anatomici
838 2429 954 2488 oculum
978 2437 1010 2488 et
1033 2429 1156 2506 pingere
1182 2437 1212 2487 et
1226 2427 1405 2498 describere,
1431 2447 1466 2487 ac
1491 2428 1515 2486 si
1540 2429 1658 2507 species
1678 2428 1756 2489 oculi

405 2523 475 2590 tots,
500 2524 534 2575 ut
558 2535 577 2575 a
600 2515 722 2575 cerebro
748 2516 889 2590 nascitur,
915 2536 1027 2595 caepae
1052 2525 1261 2594 repraesentet
1285 2517 1433 2594 effigiem:
1459 2536 1535 2596 quae
1557 2527 1590 2577 ut
1613 2536 1651 2576 ex
1665 2517 1755 2578 bulbo

406 2612 519 2665 constan
543 2611 576 2663 et
599 2623 636 2662 err
660 2604 754 2677 caule,
780 2605 824 2665 sic
848 2606 951 2666 oculus
975 2625 1011 2664 en
1036 2607 1125 2682 globo
1152 2604 1330 2683 aspectabili
1355 2613 1447 2665 etex
1471 2624 1614 2685 processu
1640 2607 1755 2667 latente

403 2693 485 2773 inque
509 2692 663 2753 cerebrum
687 2693 877 2771 pertingente
889 2690 934 2771 a).
974 2695 1015 2754 Et
1039 2695 1158 2773 quidem
1183 2695 1211 2753 in
1236 2695 1339 2772 caepis
1364 2693 1552 2756 inveniuntur
1577 2694 1673 2755 nuclei
1698 2693 1756 2755 toti

403 2781 529 2844 latentes
552 2781 583 2842 in
608 2781 706 2855 bulbo,
742 2802 815 2861 quos
840 2784 959 2843 tunicae
984 2784 1073 2843 bulbo
1098 2793 1129 2844 et
1153 2783 1229 2843 cauli
1255 2802 1425 2843 communes
1451 2783 1607 2844 includunt
1637 2791 1668 2843 et
1698 2783 1757 2843 ab·

403 2871 481 2933 dunt.
529 2871 570 2932 lis
599 2871 712 2930 nucleis
746 2890 803 2931 non
837 2872 914 2931 male
943 2873 1164 2950 comparaveris
1196 2873 1348 2936 humores.
1383 2872 1432 2945 qui
1462 2880 1532 2933 snut
1565 2872 1594 2932 in
1623 2871 1757 2951 sphaera

403 2961 484 3032 oculi,
508 2960 745 3039 claudunturque
769 2978 844 3037 pene
870 2960 974 3021 eodem
999 2962 1085 3021 modo
1111 2982 1129 3020 a
1154 2962 1273 3027 tunicis,
1309 2980 1385 3038 quae
1417 2969 1488 3020 sunt
1517 2962 1602 3021 oculo
1627 2970 1659 3021 et
1682 2980 1755 3040 pre-

403 3049 496 3111 tessui
526 3049 555 3111 in
590 3048 757 3121 cerebrum,
793 3050 862 3128 quin
891 3058 923 3108 et
951 3050 1008 3127 ipsi
1042 3050 1165 3110 cerebro
1196 3068 1377 3110 communes.
1425 3050 1505 3110 Nam
1540 3050 1607 3128 ipsa
1637 3049 1755 3128 quidem

402 3139 511 3201 cerebri
535 3137 709 3197 substantia
733 3139 849 3198 duabus
874 3139 1003 3198 ambitur
1027 3139 1144 3210 tunicis,
1172 3158 1297 3218 quarum
1321 3138 1493 3199 interiorem
1509 3148 1638 3211 tenuem,
1665 3146 1753 3198 exte-

402 3228 504 3288 riorem
528 3245 680 3299 crassam,
707 3227 875 3305 meningem
910 3228 1077 3306 appellant,
1103 3237 1135 3287 ut
1168 3227 1210 3286 ita
1243 3227 1271 3286 in
1301 3227 1423 3286 cerebro
1457 3234 1520 3288 tres
1552 3228 1614 3287 sint
1643 3246 1708 3300 res,
1738 3248 1757 3288 a

403 3335 522 3396 quarum
551 3334 727 3394 unaquaque
756 3336 811 3375 sua
842 3316 944 3377 tunica
974 3317 1135 3394 porrigitur
1166 3316 1195 3375 in
1229 3315 1304 3375 oculi
1339 3335 1514 3392 processum
1537 3324 1568 3375 et
1592 3325 1702 3395 postea
1724 3315 1754 3376 in

402 3405 493 3485 ipsum
516 3405 594 3466 oculi
629 3404 760 3482 globum
809 3403 924 3465 Crasse
959 3406 1077 3464 meninx
1111 3405 1289 3466 exteriorem
1320 3405 1453 3465 tunicam
1486 3404 1564 3465 oculi
1602 3405 1752 3482 producit,

402 3495 495 3555 tenuis
514 3494 689 3555 membrana
712 3493 849 3565 mediam,
876 3494 941 3571 ipsa
967 3513 1035 3554 vero
1061 3495 1174 3554 cerebri
1199 3494 1373 3553 substantia
1397 3512 1520 3554 nervum
1536 3494 1678 3572 opticum,
1705 3492 1754 3572 qui

402 3583 432 3645 tt
453 3583 556 3644 tunica
580 3581 687 3642 intima
711 3583 843 3661 haecque
868 3583 935 3661 ipsa
958 3603 1015 3642 non
1041 3583 1176 3660 simplex.
1226 3581 1373 3651 Quamvis
1397 3582 1538 3643 Platerus
1564 3582 1639 3642 hanc
1673 3581 1755 3642 tuni-

402 3692 465 3734 cam
486 3671 649 3751 improprie
675 3672 732 3732 dici
758 3679 885 3745 asserat,
912 3674 987 3732 forte
1012 3673 1089 3750 quod
1116 3690 1223 3732 nervos
1248 3671 1364 3750 opticus
1384 3671 1484 3730 nervis
1501 3671 1623 3749 reliquis
1639 3670 1752 3732 similes

401 3770 525 3835 statuat,
550 3780 644 3821 cavos
669 3779 735 3820 esse
756 3770 854 3839 neget,
881 3780 954 3839 quos
978 3761 1029 3821 alii
1055 3761 1173 3821 omniuo
1199 3780 1289 3820 caros
1314 3779 1381 3819 esse
1407 3768 1557 3820 asserunt.

401 3918 563 3926 -..-.-..-.-.-.-Δ
576 3920 591 3924 ..
600 3920 646 3924 ---
657 3918 714 3924 -.ὼ-ι

486 4008 513 4079 ⁴¹)
536 4013 653 4084 Ignosce
676 4013 762 4064 lector
776 4010 836 4063 rudi
858 4008 1035 4062 similitudini.
1065 4011 1135 4063 Nam
1150 4026 1210 4061 cum
1225 4010 1295 4061 haec
1317 4008 1472 4069 scriberem,
1495 4009 1612 4059 nondum
1635 4004 1755 4058 animum

401 4092 559 4147 induxeram
581 4093 707 4145 tabulam
729 4091 846 4150 Platori,
870 4107 940 4159 quae
963 4089 1033 4140 oculi
1056 4098 1151 4157 pmtes
1174 4092 1207 4141 ad
1230 4089 1320 4141 virum
1348 4087 1491 4157 exprimit,
1515 4085 1616 4139 imitari
1638 4094 1705 4155 typo
1727 4091 1757 4137 et

401 4174 474 4243 operi
494 4173 625 4242 adjicere,
649 4173 719 4243 quod
742 4178 842 4240 post-ea
862 4177 1062 4238 persuaserunt
1084 4169 1171 4232 amici,
1194 4179 1227 4221 nt
1248 4169 1360 4221 inferius
1382 4186 1417 4220 ea
1439 4169 1615 4220 insereretur.
1659 4167 1755 4235 lta'que

401 4254 487 4308 verbis
509 4254 554 4306 hic
575 4261 721 4322 praestare
744 4251 817 4303 volui
839 4260 868 4302 et
889 4250 1119 4310 similitudinibus,
1142 4251 1213 4319 quod
1235 4250 1344 4317 pictura
1366 4257 1430 4301 tunc
1451 4248 1587 4300 nolebam.

488 4334 529 4386 Tu
551 4333 639 4403 igitur
659 4334 713 4385 hac
733 4331 818 4383 missa
844 4330 1020 4382 similitudine
1050 4330 1197 4383 identidem
1220 4331 1254 4381 ad
1282 4329 1382 4381 dictam
1408 4329 1533 4381 tabulam
1562 4326 1704 4395 respicito,
1727 4331 1757 4377 et

399 4431 468 4484 qnae
488 4414 617 4467 dicuutur
638 4419 697 4466 toto
719 4414 770 4464 hoo
791 4419 876 4472 statu,
900 4410 1049 4479 diligenter
1070 4427 1129 4462 cum
1152 4411 1202 4461 illa
1223 4410 1354 4461 conferto.

484 4489 568 4553 Quam
587 4490 700 4540 tabulam
719 4490 799 4537 minus
819 4490 961 4553 elegantem
980 4488 1020 4538 hic
1044 4488 1208 4535 omittendam
1233 4502 1378 4541 censemus,
1398 4501 1453 4534 cum
1471 4484 1543 4534 hodie
1568 4484 1712 4534 concinnior
1730 4488 1757 4531 ot

398 4564 518 4627 pulchrior
536 4563 600 4612 baec
620 4563 751 4624 descriptio
770 4562 795 4608 in
814 4561 925 4609 omnibus
945 4560 975 4609 de
995 4560 1065 4609 oculo
1085 4560 1231 4621 conscriptis
1249 4559 1315 4606 libris
1335 4564 1456 4607 occurrat.

484 4634 558 4683 Hauc
582 4635 663 4696 ipsam
689 4633 829 4681 describens
853 4632 975 4686 tabulam,
1003 4646 1077 4695 quam
1096 4632 1122 4679 in
1140 4631 1190 4679 fine
1209 4630 1281 4691 hujus
1307 4630 1396 4692 capitis
1416 4628 1473 4676 Nro.
1496 4623 1518 4674 3.
1540 4625 1665 4688 adjunxit,
1690 4624 1755 4673 haec

398 4716 534 4778 praemittit
551 4714 677 4776 Keplerus
697 4713 788 4761 rerba:
810 4705 847 4757 Ut
867 4705 964 4757 lectori
987 4706 1166 4767 consulerem,
1190 4704 1232 4755 cni
1248 4704 1362 4756 tabulae
1385 4700 1557 4754 anatomicae
1572 4716 1626 4751 non
1641 4698 1754 4750 suntad

397 4805 506 4849 manns,
538 4788 628 4841 risum
649 4795 693 4840 est
713 4786 758 4839 hic
790 4785 908 4853 adjicere
937 4786 1095 4853 exemplum
1125 4785 1240 4837 tabulae
1264 4782 1309 4835 lu.
1333 4784 1373 4834 Cl.
1396 4782 1453 4833 Viri
1476 4782 1504 4834 F.
1527 4778 1651 4831 Plateri:
1683 4777 1754 4846 quod

396 4868 538 4921 consilium
558 4868 666 4920 utinam
686 4866 781 4920 statim
802 4865 936 4934 principio
959 4866 1062 4918 laboris
1091 4865 1246 4925 incidisset,
1269 4863 1307 4915 sic
1328 4863 1399 4915 enim
1422 4869 1452 4914 et
1472 4867 1580 4913 textum
1603 4874 1753 4911 accommo-

395 4950 512 5002 dassem.
540 4947 701 5017 Explicatio
717 4947 859 4999 literarum
874 4953 903 4998 et
918 4954 1044 4999 notarum
1060 4964 1112 4998 non
1134 4946 1193 4997 aliu
1207 4943 1261 4996 tuit
1274 4944 1407 5004 addenda,
1431 4957 1511 5010 quam
1529 4940 1615 5007 ipsius
1630 4935 1752 4990 Plateri:

395 5028 583 5099 allegationes
604 5029 693 5081 solum
715 5026 766 5081 mei
788 5031 883 5079 textus
905 5025 1004 5078 addidi.
1034 5027 1155 5096 Figurae
1177 5030 1241 5078 sunt
1259 5023 1301 5084 19,
1325 5039 1388 5075 nam
1408 5024 1476 5074 duas
1496 5019 1607 5073 ultimas
1631 5016 1752 5086 (auditus

394 5105 574 5180 organorum)
597 5108 722 5177 scrrlptor
742 5107 863 5175 injussus
885 5105 996 5159 addidit.
