4584 6192
924 592 956 643 do
973 591 1041 643 Jovls
1060 591 1213 643 satellitibus
1232 591 1277 644 &a
1715 589 1781 659 459

1068 724 1072 750 l

424 765 485 827 ciiii
514 766 677 830 translatio
711 768 756 841 (id
785 776 831 829 est
855 778 952 830 metus
977 769 1149 831 offensionis
1173 767 1400 849 tui'principis)
1433 770 1579 830 hactenus
1612 770 1780 834 retinuerit.

425 853 587 917 Certamen
612 858 702 935 igitur
717 858 772 918 hoc
796 858 898 931 luisse,
924 857 1044 936 quinam
1068 868 1185 921 ceteros
1209 859 1238 920 in
1262 860 1318 919 hac
1342 859 1497 937 palaestra
1522 858 1658 936 publicae
1683 860 1781 941 scrip-

425 945 514 1006 tionis
547 954 764 1023 praeverteret.
814 946 933 1020 Cetera,
960 965 1036 1025 quae
1060 949 1127 1026 plus
1153 948 1232 1025 apud
1256 966 1302 1007 me
1335 948 1476 1024 ponderis
1507 947 1674 1022 habebant,
1707 967 1780 1026 pru-

425 1033 498 1094 dens
521 1041 688 1111 praetereo.
736 1033 816 1103 Quid
840 1035 965 1097 multis?
1010 1035 1206 1114 Expugnavit
1236 1055 1301 1109 me,
1337 1035 1445 1113 agnovi
1469 1036 1651 1097 temeritatis
1674 1037 1780 1098 illene-

425 1122 514 1189 bras.
548 1123 666 1201 ignori;
699 1124 840 1184 rediimus
865 1125 892 1184 in
918 1124 1067 1201 gratiam,
1101 1125 1144 1184 sic
1174 1132 1292 1199 tamen,
1327 1132 1361 1184 ut
1384 1125 1443 1194 ille,
1469 1124 1594 1202 primlrm
1619 1133 1709 1205 atque
1733 1145 1780 1187 me

425 1217 611 1272 monstrante
627 1211 745 1272 visurus
770 1222 801 1273 et
825 1214 980 1291 agniturus
1011 1212 1052 1272 sit
1074 1211 1209 1273 Joviales
1235 1212 1394 1285 satellites,
1420 1214 1572 1273 sententia
1595 1234 1651 1275 sua
1674 1233 1781 1275 cessu-

424 1318 488 1359 mm
519 1299 717 1378 profiteretur.
777 1301 856 1362 Erat
882 1310 983 1361 autem
1021 1301 1049 1361 in
1089 1302 1218 1363 transitu
1251 1302 1290 1361 ad
1317 1310 1458 1381 parentes
1483 1320 1574 1375 suos3
1611 1311 1781 1366 revertetur

425 1387 507 1448 brevi
531 1388 673 1467 Pragam.

513 1476 600 1537 Nunc
625 1486 654 1537 te
680 1475 818 1537 Galilaee
843 1497 935 1555 rogo,
970 1477 1087 1557 quaudo
1119 1477 1204 1537 vides
1238 1477 1309 1537 mihi
1333 1476 1540 1548 satisfactum,
1576 1485 1609 1536 ut
1646 1477 1715 1555 quia
1746 1485 1778 1539 te

427 1583 518 1643 usque
542 1566 580 1626 ad
604 1567 808 1645 praesentium
833 1567 879 1626 lll.
901 1564 1040 1626 Oratoris
1065 1567 1219 1626 literarum
1243 1567 1404 1627 adventum
1428 1566 1546 1626 differre
1571 1565 1648 1625 velle
1673 1565 1776 1628 dixisti

425 1654 575 1733 publicam
600 1656 753 1717 literarum
777 1674 908 1715 mearum
933 1654 1179 1732 descriptionem,
1204 1655 1257 1714 illa
1280 1653 1371 1732 igitur
1394 1655 1424 1714 in
1449 1673 1544 1714 meam
1568 1654 1699 1731 gratiam
1722 1674 1777 1716 su-

424 1743 587 1820 persedeas
620 1744 649 1802 iu
684 1752 788 1806 totum.
835 1744 936 1821 Major
969 1743 1027 1804 erit
1050 1743 1145 1821 gloria
1169 1743 1331 1821 triumphi,
1368 1743 1394 1802 si
1423 1742 1476 1803 tibi
1501 1743 1544 1802 uti
1570 1760 1657 1820 spero
1681 1743 1779 1806 hostis

424 1831 468 1891 tui
493 1831 713 1892 confessionem
737 1834 904 1893 ultroneam
929 1833 1132 1893 transmisero.
1180 1832 1258 1893 Nam
1283 1833 1341 1892 etsi
1370 1851 1458 1891 careo
1482 1831 1573 1909 priori
1597 1830 1799 1922 (dilectoris).
1869 1838 1889 1899 ἦ

426 1919 635 1989 instrumento,
661 1922 809 1982 successit
832 1930 931 1981 tamen
956 1920 1037 1981 aliud
1061 1920 1226 1999 propinquo
1255 1920 1448 1999 perfectionis
1477 1920 1590 1999 gradu:
1617 1920 1683 1997 plus
1703 1919 1780 1982 enim

427 2027 516 2086 quam
541 2009 691 2087 decuplat.
737 2009 783 2070 Eo
812 2011 875 2088 jam
906 2010 953 2070 bis
982 2010 1043 2069 vidi
1068 2009 1154 2070 binos
1178 2009 1318 2086 planetas
1342 2010 1514 2080 lllediceos;
1552 2009 1656 2068 eodem
1689 2027 1779 2088 spero

425 2115 472 2156 rue
498 2105 529 2156 et
552 2098 595 2157 illi
619 2107 864 2159 monstraturum.
912 2099 1034 2158 Interim
1068 2098 1124 2158 lrac
1149 2117 1260 2157 excusa
1285 2098 1507 2171 „Narratioue“
1543 2116 1610 2156 mea
1643 2098 1778 2159 auctori-

326 2231 331 2238 .
425 2192 520 2244 tatem
543 2204 649 2259 meam,
674 2206 832 2266 perperam
855 2195 961 2247 contra
985 2197 1015 2246 te
1039 2187 1212 2258 adductam,
1236 2186 1403 2246 rectissime
1436 2185 1542 2246 diluas.
1590 2183 1623 2245 Si
1657 2186 1779 2246 adoles-

424 2275 555 2334 centiam
575 2275 668 2353 ipsius
688 2276 823 2354 respicis,
850 2275 922 2336 nihil
947 2285 995 2335 est
1018 2276 1046 2335 in
1067 2277 1122 2335 hac
1143 2283 1245 2336 aetate
1261 2274 1446 2346 familiarius,
1473 2292 1560 2353 quam
1585 2275 1613 2332 in
1638 2274 1780 2351 placita

424 2373 712 2441 praeceptorum
744 2365 857 2425 fervide
889 2365 1033 2438 transire,
1069 2382 1162 2442 exque
1194 2363 1230 2422 iis
1255 2364 1346 2424 veluti
1371 2382 1408 2423 ex
1432 2362 1531 2440 aliquo
1555 2363 1779 2440 propugnaculo

424 2452 586 2511 temerario
615 2472 689 2512 ausu
712 2471 885 2530 procurrere
910 2462 940 2513 et
964 2472 1083 2513 manum
1114 2472 1181 2512 cum
1205 2453 1291 2512 hoste
1315 2470 1481 2512 conserere.
1530 2448 1583 2510 Sin
1618 2452 1720 2511 oculos
1748 2452 1778 2512 iu

423 2548 454 2599 te
478 2540 575 2617 ipsum
604 2542 772 2615 convertis,
806 2542 942 2620 equidem
966 2561 1024 2602 nou
1051 2543 1125 2601 adeo
1150 2542 1289 2601 decorum
1313 2560 1367 2601 nec
1391 2558 1428 2599 ex
1451 2539 1602 2617 gravitate
1634 2549 1688 2601 tua
1719 2550 1777 2614 est,

424 2628 590 2706 projectam
623 2629 701 2690 hauc
734 2629 901 2690 lacessendi
926 2639 957 2690 et
989 2630 1153 2709 impetendi
1187 2630 1339 2691 libidinem
1370 2628 1399 2689 in
1432 2647 1521 2689 curae
1551 2638 1636 2706 parte
1667 2646 1778 2706 ponere

423 2726 477 2777 aut
494 2727 610 2777 sumtus
635 2719 663 2778 in
688 2719 865 2779 refutandas
889 2719 952 2796 ejus
966 2720 1175 2791 ,refutationes
1200 2719 1381 2796 impendere.
1429 2715 1462 2777 Si
1486 2716 1592 2776 doctus
1617 2715 1662 2776 vir
1685 2727 1777 2792 esset,

423 2806 449 2866 si
478 2806 605 2883 alicujus
639 2807 784 2880 nominis,
818 2808 900 2867 aliud
931 2808 1069 2868 dicerem.
1120 2808 1211 2867 Plane
1237 2806 1393 2875 existimo,
1427 2813 1489 2865 turn
1513 2805 1630 2865 demum
1654 2823 1779 2883 pravum

423 2893 532 2971 vulgus
556 2895 705 2955 hominum
728 2896 839 2974 aliquid
865 2896 1043 2957 tributurum
1067 2895 1133 2956 huic
1158 2895 1235 2954 futili
1260 2894 1383 2971 scripto,
1409 2911 1476 2954 cum
1495 2901 1527 2953 tu
1543 2902 1649 2954 contra
1672 2894 1701 2954 id
1724 2913 1778 2956 seu

423 2982 488 3060 ipse
513 3002 566 3043 seu
589 3002 642 3061 per
665 2984 742 3043 alios
766 2985 971 3046 insurrexeris.
1018 2984 1097 3045 Nam
1121 2984 1273 3063 imperitia
1295 2983 1480 3063 suspiciones
1504 2982 1595 3041 etiam
1625 2982 1661 3042 de
1689 2982 1777 3043 inuo-

423 3070 607 3132 centissimis
640 3073 825 3151 suppeditat.
878 3071 1006 3133 Omnino
1039 3073 1139 3151 magui
1165 3073 1254 3132 animi
1287 3080 1343 3145 est,
1373 3070 1535 3131 mediocria
1567 3070 1659 3131 etiarn
1692 3070 1777 3153 parvi

359 3209 362 3216 .
423 3160 586 3220 aestimare
612 3168 642 3220 et
665 3170 873 3235 contemnere;
907 3171 1012 3223 contra
1036 3162 1061 3221 si
1086 3162 1219 3240 coeperis
1244 3161 1385 3221 altercari
1409 3178 1477 3219 cum
1501 3177 1576 3233 uno,
1608 3160 1721 3221 excibis
1745 3168 1778 3222 et

422 3258 559 3321 ceteros,
592 3249 705 3326 passim
730 3251 904 3311 occasiones
928 3251 1087 3329 praebebis
1107 3249 1286 3328 obloquendi
1310 3250 1400 3310 etiarn
1425 3248 1550 3316 levibus,
1574 3248 1600 3307 si
1624 3249 1660 3308 de
1685 3266 1776 3329 scopo

422 3337 490 3416 ipso
515 3338 626 3397 nullam
650 3356 734 3416 spem
759 3339 901 3400 babeant.
948 3339 1111 3399 Praeterea
1135 3339 1161 3399 si
1186 3337 1439 3411 dissimulaveris,
1468 3336 1633 3415 principum
1664 3355 1777 3399 morem

421 3425 567 3504 sequeris,
592 3427 637 3485 sin
662 3437 762 3488 autem
786 3427 989 3505 responsabis,
1015 3429 1053 3488 ad
1078 3427 1325 3488 scholasticorum
1350 3424 1494 3487 subsellia
1517 3445 1632 3487 rursum
1648 3426 1777 3488 descen-

422 3515 487 3575 des.
534 3515 629 3596 Atqui
662 3534 718 3574 uon
753 3516 845 3576 habes
876 3516 938 3594 jam
963 3536 981 3576 a
1005 3536 1061 3595 quo
1087 3525 1229 3594 expectes
1254 3515 1374 3576 insanos
1399 3516 1560 3575 clamores:
1596 3515 1775 3593 „responde,

420 3602 584 3681 responde,
609 3604 645 3662 de
669 3617 815 3683 suggestu
840 3606 1024 3666 descendel“
1071 3605 1219 3685 Relinque
1243 3604 1334 3682 igitur
1356 3604 1490 3675 scholae,
1522 3603 1640 3682 quade
1665 3601 1775 3678 exiisti,

422 3710 521 3751 mores
546 3711 626 3752 suos.

510 3782 612 3858 Atque
633 3781 707 3841 haec
724 3780 751 3840 in
777 3800 894 3859 genere,
921 3782 957 3841 de
982 3782 1087 3861 quibus
1112 3792 1143 3841 tu
1168 3779 1289 3840 videris.
1326 3780 1427 3839 Meam
1447 3779 1475 3838 in
1495 3779 1594 3858 specie
1616 3777 1775 3856 epistolam

422 3869 508 3928 unice
533 3870 681 3929 contendo
706 3870 824 3941 omitti;
849 3870 926 3947 quod
951 3870 1060 3931 sinon
1084 3888 1271 3949 persuasero,
1296 3868 1404 3928 saltem
1429 3885 1560 3928 summas
1585 3868 1679 3927 facias
1702 3884 1775 3947 rogo

424 3965 668 4034 argumentorum
705 3977 758 4017 seu
796 3958 1023 4036 responsionum
1056 3978 1197 4019 mearum.
1256 3957 1392 4036 Denique
1429 3956 1456 4016 si
1491 3974 1527 4015 ne
1565 3956 1683 4034 quidem
1719 3956 1776 4018 hnc

421 4045 564 4119 obtineo,
599 4048 707 4107 saltem
733 4047 836 4107 titulos
860 4048 1035 4125 personales
1061 4055 1091 4106 et
1114 4048 1223 4125 probra
1246 4046 1422 4117 verborum,
1451 4043 1623 4122 justissima
1655 4044 1775 4124 quidem

420 4134 476 4195 sed
510 4134 576 4211 jam
614 4134 758 4209 remissa,
796 4153 949 4214 expungas
960 4153 969 4207 ;
1008 4134 1173 4213 cujusmodi
1207 4143 1295 4209 sunt,
1329 4133 1406 4213 quod
1440 4132 1508 4211 ajo,
1541 4131 1637 4212 ipsum
1661 4134 1775 4196 nullum

422 4222 521 4282 famae
547 4241 619 4281 suae
645 4243 747 4284 curam
772 4223 881 4283 babere
916 4228 1036 4296 (contra
1060 4225 1137 4303 quod
1162 4224 1225 4301 ipse
1250 4231 1347 4284 totam
1370 4222 1464 4282 vitam
1488 4240 1573 4282 suam
1597 4223 1635 4283 ad
1660 4222 1775 4286 exami-

421 4311 554 4371 nandum
583 4312 772 4391 proposuit),
808 4313 886 4391 quod
923 4312 1123 4391 petulantiam
1157 4313 1200 4372 illi
1236 4313 1351 4384 tribuo,
1386 4310 1464 4390 quod
1496 4320 1616 4388 sputum
1649 4312 1777 4374 bominis

420 4399 539 4472 vocito,
566 4401 643 4478 quod
668 4401 847 4478 proditionis
872 4402 994 4475 incuso,
1020 4402 1099 4479 quod
1123 4401 1360 4481 sycophantam,
1386 4398 1464 4478 quod
1488 4417 1621 4460 scurram
1644 4401 1776 4480 appello,

418 4487 620 4566 imperitiam,
656 4489 876 4563 temeritatem,
914 4489 1142 4569 stupiditatem,
1177 4489 1415 4550 infelicissimum
1444 4505 1577 4549 meorum
1619 4488 1777 4550 verborum

418 4576 609 4637 intellectum
633 4585 664 4637 et
687 4596 763 4657 quae
789 4579 849 4638 alia
873 4579 959 4657 hujus
983 4579 1090 4639 classis
1114 4578 1323 4639 tolerabiliora
1338 4576 1496 4638 existimo:
1522 4577 1666 4656 quianon
1685 4576 1776 4638 animi

418 4664 525 4736 morbi,
551 4684 608 4726 uon
634 4665 715 4726 vitae
739 4667 858 4745 probra,
884 4668 937 4727 sed
962 4668 1010 4728 vel
1034 4675 1161 4728 naturae
1185 4667 1232 4728 vel
1257 4666 1369 4727 aetatis
1393 4665 1478 4725 vitia.

509 4751 596 4814 Satis
621 4754 657 4813 de
691 4754 755 4828 bis,
790 4774 826 4815 ue
857 4766 979 4816 nostrae
1005 4756 1157 4816 amicitiae
1191 4765 1245 4815 aut
1277 4763 1347 4816 tuae
1372 4752 1476 4814 virtuti
1500 4751 1606 4814 videar
1628 4753 1774 4817 diffidere.

417 4840 532 4903 Desino
558 4841 668 4919 igitur,
703 4843 729 4903 si
762 4843 819 4904 hoc
843 4843 939 4905 adbuc
964 4843 1167 4923 subjunxere:
1202 4844 1290 4904 audio
1314 4841 1408 4917 enim,
1442 4841 1614 4903 Florentiae
1637 4849 1777 4905 recusam

419 4948 487 4990 esse
510 4929 766 4992 Dissertatiouem
791 4950 908 5006 meam3
940 4932 1025 5011 cupio
1051 4934 1114 5012 ejus
1138 4933 1307 5011 exemplum
1330 4930 1443 4991 videre.
1470 4959 1510 4971 —
1534 4928 1603 4992 Jam
1627 4932 1712 5005 vale,
1744 4936 1778 4994 et

418 5036 474 5079 uos
497 5018 595 5097 primo
619 5038 736 5099 quoque
766 5028 900 5099 tempore
936 5020 1084 5084 desiderio
1116 5028 1187 5084 tuae
1211 5039 1308 5081 novae
1339 5016 1522 5080 inventionis
1545 5017 1624 5083 leva.
1670 5017 1780 5083 Nemi-

416 5123 488 5170 nem
510 5106 608 5169 habes
630 5125 719 5188 quern
740 5115 861 5171 metuas
884 5110 1044 5173 aemulum.
1089 5115 1197 5185 Ρειςιο.
1217 5115 1261 5168 25.
1279 5113 1337 5168 Oce
1357 5111 1435 5165 atto.
1705 5125 1707 5130 ’
1742 5098 1746 5110 “
