4584 6192
1002 668 1023 684 1,
1054 579 1135 644 cunt
1153 580 1227 640 xxx·
1703 524 1723 567 ⁸
1746 574 1812 644 743

472 752 503 815 in
525 750 693 832 Sagittario
716 760 749 815 et
770 754 887 836 quidem
911 756 1156 838 septentrionalis
1189 755 1369 835 significabit
1397 756 1526 837 aliquem
1551 756 1673 819 beroem
1693 754 1813 836 Pytha-

472 842 606 921 gericum
629 860 667 904 ex
688 842 746 904 boc
768 852 901 925 tempore
927 846 1052 925 periodo
1075 865 1145 907 ιιι
1158 854 1282 925 peracta
1304 847 1343 907 ad
1370 845 1480 908 ostium
1502 844 1554 908 imi
1576 845 1688 925 gradum
1710 843 1814 906 consi-

472 939 565 1002 stere,
587 949 646 1010 qua
668 929 775 1012 incipit
795 953 939 996 ascensus
962 935 1128 1016 desinitque
1157 935 1334 1009 descensus,
1362 934 1453 997 etiam
1477 934 1557 997 saltu
1579 932 1691 1018 ¹facto
1682 953 1713 996 in
1735 933 1814 996 liuuc
1867 934 1870 939 ’

471 1018 645 1082 inferiorem
678 1020 816 1083 mundum
848 1023 977 1085 venisse.
1032 1023 1216 1104 Notabitque
1247 1022 1417 1124 hujusmodi
1438 1022 1574 1105 aliquis,
1607 1043 1685 1086 anno
1719 1019 1813 1088 1572.

472 1127 584 1172 noram
607 1107 728 1170 stellam
743 1111 899 1173 exstitisse
914 1112 944 1173 iu
963 1112 1114 1190 altissima
1136 1120 1221 1193 parte
1244 1112 1312 1173 viae
1337 1111 1479 1174 lacteae
1471 1132 1501 1174 in
1506 1105 1712 1193 Cassiopeia:
1737 1130 1815 1174 auno

472 1216 545 1259 vero
572 1192 666 1266 1600.
691 1198 780 1260 aliam
802 1201 892 1286 paulo
920 1201 1091 1264 humilius'
1083 1222 1114 1264 un
1135 1200 1243 1264 eadem
1273 1201 1372 1264 lactea
1394 1201 1454 1263 et
1445 1201 1575 1280 imagine
1599 1201 1715 1283 Cygni:
1739 1201 1817 1264 hauc

469 1286 536 1366 Jam
557 1285 658 1348 infimo
681 1287 748 1350 loco
770 1308 808 1350 ex
829 1279 945 1352 boreali
975 1290 1092 1353 zodiaci
1109 1290 1207 1392 plaga
1234 1291 1400 1371 proximam
1430 1289 1605 1371 eclipticas:
1638 1309 1699 1352 non
1725 1288 1818 1369 igitur

473 1394 633 1438 ascensum
655 1376 710 1437 sed
742 1377 919 1441 descensum
950 1398 1038 1455 esse,
1068 1380 1119 1483 (ιιι
1142 1376 1185 1442 32
1207 1400 1303 1443 ιιιοι
1335 1379 1497 1442 duraverit.
1542 1380 1592 1442 Ex
1622 1378 1718 1440 veteri
1746 1397 1818 1456 vero

473 1463 631 1545 gentilium
650 1465 805 1546 theologia
820 1468 910 1530 stella
928 1469 1103 1549 flagrans,
1094 1487 1217 1532 mceusa
1232 1469 1263 1531 in
1277 1469 1444 1549 posteriore
1466 1468 1543 1550 pede
1557 1466 1745 1548 Aesculapii,
1769 1466 1834 1547 qui'
1923 1512 1925 1518 .

473 1555 653 1636 Serpentem
684 1555 794 1635 premit
824 1556 978 1636 manibus,
1002 1557 1160 1639 Scorpium
1188 1559 1264 1638 pede
1297 1559 1412 1633 calcat,
1435 1557 1569 1620 monebit
1589 1576 1662 1631 nos,
1681 1556 1819 1635 ingruere

473 1644 678 1724 universalem
701 1655 818 1726 pestem
847 1647 1130 1709 venenatissimum
1162 1647 1252 1728 quasi
1272 1647 1347 1710 haec
1377 1647 1467 1709 stella
1488 1647 1560 1727 pedi
1580 1643 1757 1725 Aesculapii
1780 1643 1822 1706 sit

474 1732 582 1795 addita
604 1753 658 1813 pro
675 1734 796 1797 stimulo
820 1744 853 1797 ut
865 1736 972 1816 pedem
993 1738 1138 1816 proferat,
1162 1756 1262 1799 moras
1276 1745 1406 1817 rumpat,
1429 1736 1541 1799 auxilia
1557 1735 1708 1816 expediat,
1732 1732 1821 1796 simui

457 1821 639 1885 remedium
661 1842 715 1903 pro
738 1833 823 1904 peste
846 1815 903 1887 iiac
933 1826 1031 1887 oleum
1060 1826 1249 1905 scorpionum
1272 1834 1304 1887 ιι
1326 1825 1463 1888 theriaca
1490 1824 1766 1902 commendaretur,
1791 1831 1830 1902 et¹

475 1920 560 1984 omps
582 1911 680 1991 pestis
705 1932 742 1974 ex
764 1914 888 1977 humore
910 1914 1002 1978 nimio
1025 1914 1170 1978 divinitus
1193 1913 1436 1995 significaretur.

564 2000 656 2063 Mitto
685 2002 832 2083 plurimas
863 2002 941 2066 alias
976 2004 1145 2083 hujusmodi
1181 2006 1401 2084 conjecturasz-
1420 2024 1499 2084 quas
1529 2010 1678 2083 utcunque
1714 2018 1823 2080 magno

473 2108 597 2153 numero
621 2109 782 2195 exponam,
810 2092 894 2154 nulla
916 2103 1017 2163 tamen
1040 2101 1104 2170 est,
1134 2113 1211 2174 quae
1234 2114 1290 2156 uos
1314 2095 1354 2155 ad
1383 2093 1514 2179 speciem
1536 2091 1674 2154 deducat
1720 2090 1823 2171 Atque
1920 2170 1925 2178 θ

459 2187 533 2262 ¹ago
556 2179 703 2242 interdum
728 2182 771 2243 sic
795 2182 954 2244 existimo:
980 2204 1007 2244 si
998 2183 1090 2245 Deo
1112 2183 1288 2263 placuisset,
1314 2191 1417 2270 aperte
1437 2180 1606 2244 bominibus
1629 2179 1710 2263 quod
1732 2178 1825 2240 vellet

465 2268 660 2354 siguificare,
693 2270 790 2333 literis
813 2270 896 2332 coelo
924 2270 1057 2333 exaratis
1081 2272 1259 2351 scripturum
1283 2272 1394 2347 fuisse;
1424 2272 1538 2333 frustra
1564 2269 1685 2371 itaque
1687 2267 1823 2331 homiues

473 2345 679 2441 conjectando
709 2360 828 2421 divinae
864 2358 1013 2423 voluntati
1048 2361 1152 2424 obniti.
1206 2361 1267 2423 Sed
1301 2370 1403 2424 tamen
1433 2378 1481 2421 me
1516 2359 1646 2440 reprimo
1675 2357 1715 2420 iis
1748 2355 1824 2437 ipsis

472 2447 663 2523 rationibus,
695 2468 771 2530 quas
791 2469 892 2530 supra
923 2450 1010 2530 posui
1046 2450 1104 2511 hoc
1136 2452 1254 2531 capite:
1289 2429 1361 2513 dum
1389 2456 1622 2512 consentaneum
1651 2466 1721 2509 esse
1751 2446 1824 2519 dixi,

474 2535 573 2599 Deum
596 2537 653 2598 ιιι
676 2538 857 2639 aenigmatis
878 2538 1084 2620 propositione
1107 2559 1164 2602 uos
1180 2539 1307 2604 invitare
1330 2539 1408 2601 velle
1431 2537 1471 2599 ad
1484 2537 1616 2618 penitius
1639 2534 1826 2638 inspicienda

440 2687 445 2694 .
473 2634 582 2689 nostra
604 2626 727 2706 negotia
751 2628 1005 2711 excutiendosque
1026 2647 1129 2690 omues
1145 2630 1282 2709 angulos,
1306 2628 1402 2690 sicubi
1420 2629 1497 2689 forte
1520 2625 1695 2689 latentem'
1686 2623 1825 2714 muenia-

473 2734 544 2778 mus
568 2715 641 2787 rem,
663 2716 694 2777 iu
713 2736 802 2797 quam
825 2716 917 2779 stella
940 2719 1015 2779 haec
1034 2717 1161 2819 digitum
1182 2717 1320 2781 intendit
1357 2718 1436 2780 Nam
1452 2715 1496 2778 ita
1512 2735 1561 2777 me
1576 2714 1717 2780 Christus
1733 2720 1824 2787 amet,

474 2813 511 2867 ut
533 2804 641 2879 omnia,
661 2823 741 2886 quae
765 2807 911 2868 hactenus
934 2807 1003 2868 de
995 2807 1128 2909 imperiis
1161 2809 1255 2888 deque
1284 2806 1378 2867 variis
1406 2804 1561 2868 hominum
1591 2802 1721 2885 negotiis
1744 2801 1826 2865 dicta

475 2901 558 2968 sunt,
579 2913 652 2974 prae
677 2896 879 2975 magnitudine
912 2896 1008 2959 nostri
1039 2895 1176 2957 miraculi
1202 2897 1291 2989 plane
1321 2895 1479 2969 vilescunt.
1524 2896 1630 2976 Itaque
1653 2894 1737 2956 lubet
1759 2909 1825 2954 cum
1921 2919 1924 2927 ·

473 2983 619 3063 tlychoue
646 2984 765 3048 Braheo
798 2986 983 3047 exclamare:
1015 2984 1101 3066 quasi
1130 3005 1204 3050 vero
1234 3006 1294 3047 non
1322 2984 1439 3063 majora
1468 2981 1598 3062 negotia
1623 2981 1685 3045 sint
1715 2981 1747 3042 iu
1777 2980 1825 3042 bis

475 3072 590 3144 Terris,
615 3092 703 3153 quam
726 3075 796 3135 illae
819 3076 924 3136 turbae
947 3073 1100 3154 Belgicae,
1123 3074 1325 3149 Britannicae,
1348 3073 1550 3152 Hungaricae.
1586 3073 1657 3153 Ipse
1678 3070 1825 3136 Rbslinus

474 3163 600 3236 fatetur,
623 3162 698 3223 niliil
722 3164 819 3226 adhuc
842 3164 1006 3243 contigisse
1030 3182 1072 3224 ex·
1091 3183 1170 3225 anno
1197 3161 1295 3238 1572,
1320 3164 1489 3244 quodcum
1509 3161 1715 3242 magnitudine
1742 3157 1824 3221 illius

446 3267 450 3275 ·
473 3250 614 3314 miraculi
633 3251 726 3332 digne
750 3252 919 3333 comparari
940 3252 1048 3334 possit
1096 3252 1158 3316 Cur
1181 3253 1271 3332 igitur
1294 3260 1357 3315 tam
1387 3251 1487 3313 facilis
1509 3252 1610 3313 estin
1633 3247 1825 3329 assignandis

474 3340 546 3403 huic
561 3342 667 3404 Novae
691 3343 760 3405 anui
781 3338 872 3405 1604.
898 3342 1057 3404 eventibus
1080 3362 1117 3402 eri
1131 3342 1231 3406 medio
1254 3361 1353 3408 rerum
1375 3340 1566 3423 politicarum
1588 3360 1645 3402 usu
1667 3336 1822 3414 desumtis,

475 3449 555 3512 quae
579 3438 626 3491 tot
648 3431 815 3493 nominibus
840 3430 893 3492 illa
922 3431 1021 3512 priore
1052 3429 1242 3512 ιιιιιὸιι.
1272 3432 1377 3511 potior.
1404 3449 1496 3511 supra
1524 3430 1623 3511 capite
1646 3425 1753 3494 XXV.
1777 3434 1826 3488 est

474 3518 624 3596 iuuenta?
1862 3522 1864 3526 ’

563 3610 633 3689 Age
657 3609 757 3691 itaque
780 3610 987 3689 perquiramus
1016 3628 1081 3669 cum
1110 3608 1275 3688 astrologis
1298 3610 1347 3671 vel
1370 3609 1509 3683 taudem,
1542 3626 1617 3688 quae
1641 3614 1712 3667 sunt
1733 3623 1826 3686 penes

474 3698 639 3762 humanum
662 3717 756 3778 genus
778 3700 926 3760 maxima:
951 3696 1137 3760 excutiamus
1160 3697 1301 3777 gentium¹
1317 3691 1439 3759 oracula
1461 3695 1705 3777 prophetiaeque,
1728 3702 1827 3772 utrum

431 3808 436 3814 ·
475 3786 592 3868 aliquid
616 3807 718 3849 eorum
733 3787 782 3864 sit,
807 3789 886 3868 quod
909 3786 996 3849 uobis
1014 3786 1143 3865 jamjam
1166 3786 1283 3847 instans
1307 3805 1361 3866 per
1374 3786 1432 3847 hoc
1445 3792 1508 3846 tam
1531 3783 1720 3866 splendidum
1743 3781 1828 3845 sidus

476 3873 624 3939 divinitis
655 3877 847 3956 significetur.
901 3876 1054 3938 Imitemur
1075 3874 1256 3956 ,exemplum
1288 3875 1466 3954 Magorum,
1497 3873 1547 3955 qui
1579 3892 1646 3935 cum
1681 3871 1830 3945 habereut

476 3967 603 4029 oracula
616 3966 754 4030 Danielis
778 3965 815 4026 de
838 3975 965 4027 venturo
985 3961 1133 4038 Messiuh,
1157 3972 1224 4025 orta
1247 3963 1338 4025 stella
1359 3961 1489 4028 mirabili
1513 3981 1606 4043 eaque
1622 3962 1690 4041 ipsa
1711 3981 1828 4044 quoque

476 4056 536 4118 sub
558 4075 685 4136 magnae
710 4048 928 4133 conjunctionis
947 4061 1075 4136 teinpus,
1091 4053 1209 4134 quando
1225 4052 1325 4135 coepit
1342 4059 1430 4113 sexta
1447 4051 1589 4134 periodus
1607 4050 1828 4132 triplicitatum,

475 4137 604 4208 excitati
627 4144 757 4209 suntad
780 4142 985 4224 inspiciendos
1008 4141 1117 4217 libros,
1146 4150 1178 4203 et
1201 4161 1317 4203 summa
1339 4160 1484 4204 annorum
1514 4147 1573 4203 uon
1601 4139 1762 4203 abludente
1789 4142 1828 4203 ad

476 4236 691 4316 quaerendum,
714 4251 802 4315 quem
825 4232 915 4294 stella
937 4230 1035 4293 iudice
1056 4238 1161 4292 uatum
1183 4225 1342 4311 putabant,
1365 4230 1549 4294 Judaeorum
1570 4230 1702 4311 Regem,
1726 4230 1828 4294 mundi

477 4323 681 4389 salvatorem.
727 4325 872 4402 Magnum
895 4330 960 4395 est,
992 4320 1144 4382 detectum
1168 4339 1236 4382 esse
1259 4320 1316 4383 hoc
1339 4319 1443 4383 ultimo
1477 4319 1621 4402 seculoa
1644 4318 1828 4384 Christianis
1921 4386 1923 4389 ,

476 4434 589 4478 novum
612 4413 727 4489 orbem,
751 4411 890 4474 iuventas
914 4409 944 4471 in
968 4430 1004 4472 eo
1025 4417 1132 4490 gentes
1155 4409 1345 4472 multitudine
1368 4409 1615 4496 innumerabiles,
1637 4408 1824 4471 immanitate

476 4504 555 4566 adeo
577 4504 735 4576 barbaras,
753 4508 787 4564 ιι
800 4520 877 4582 pene
892 4499 1065 4574 credideris,
1088 4498 1244 4579 gigantum
1263 4499 1390 4580 aliquos,
1409 4491 1459 4603 qui
1450 4499 1676 4601 procurabapt
1693 4497 1827 4584 abortus,

477 4595 611 4680 humana
633 4611 722 4655 carue
745 4590 953 4665 vescebantur,
978 4609 1015 4651 ex
1038 4588 1092 4650 illo
1115 4587 1288 4659 universali
1302 4587 1447 4650 diluvio
1438 4608 1469 4649 ru
1494 4588 1566 4651 illas
1588 4585 1735 4690 regiones
1752 4606 1826 4649 ena-

478 4692 574 4748 tasse.
631 4684 701 4746 Jam
729 4680 875 4742 habemns
912 4677 1112 4741 certissimum
1144 4677 1259 4742 Christi
1291 4677 1465 4740 Servatoris
1501 4677 1598 4740 nostri
1631 4675 1825 4744 ιιιιιιιιιιι·

482 4782 707 4855 ,praedicabitur
720 4781 904 4852 Euangelium
923 4780 1003 4834 boc
996 4797 1024 4833 in
1044 4776 1172 4832 universo
1187 4778 1260 4832 Orbe
1274 4777 1447 4833 Terrarum?
1482 4768 1637 4830 Habemus
1659 4766 1829 4847 exemplum

480 4863 722 4936 cananaeorum,
745 4859 852 4941 quibus
869 4860 954 4921 Deus
976 4856 1071 4937 primo
1085 4855 1253 4920 Abrahami
1276 4863 1409 4957 tempore
1423 4852 1489 4920 400
1513 4876 1617 4931 anuos,
1639 4862 1749 4935 postea
1771 4855 1827 4918 sub

478 4953 569 5016 Mose
592 4948 635 5015 to
659 4949 743 5011 dedit
771 4949 812 5011 ad
839 4947 1072 5029 poeniteutiam:
1107 4959 1230 5026 cumque
1260 4964 1292 5007 ιι
1322 4944 1397 5023 ipsis
1427 4946 1591 5009 deteriores
1617 4944 1826 5019 redderentur,

479 5041 617 5104 funditus
640 5038 800 5119 exstirpati
824 5046 902 5099 sunt.
948 5035 1008 5108 Est
1038 5036 1075 5098 ob
1106 5034 1209 5096 oculos
1241 5033 1328 5115 copia
1358 5034 1541 5097 homiuum'
1533 5055 1563 5096 in
1585 5035 1725 5114 Europa,
1756 5041 1827 5099 sunt

479 5130 569 5194 nobis
601 5127 805 5218 implacabilia
836 5126 1006 5204 bellacum
1028 5124 1153 5200 Tmen,
1186 5123 1313 5208 dissidia
1345 5123 1512 5187 domestica
1538 5116 1616 5186 inter
1642 5142 1699 5188 uos
1729 5122 1829 5205 ipius.
