4584 6192
548 578 616 647 316
1046 578 1220 631 &bononias
1237 576 1299 631 rm
1318 577 1417 644 operes

552 758 729 833 baberetur,
760 776 849 838 quam
877 755 904 817 ei
928 756 1029 838 Tycho
1059 756 1206 836 negabat,
1236 763 1284 818 tot
1311 756 1552 818 antecedentium
1583 754 1814 817 coacervatione
1837 774 1915 835 opus

547 847 614 910 fuit.
653 848 795 909 Viennae
818 844 974 918 Austriae,
999 845 1149 907 referente
1169 846 1349 913 Mercatore,
1374 845 1573 906 observarunt
1595 845 1792 907 Tilemanuus
1812 843 1916 907 Stella

547 944 579 998 et
607 937 719 998 Paulus
751 935 907 996 Fabricius
937 934 966 995 b.
996 932 1022 997 l.
1056 932 1110 998 40¹
1140 935 1252 1013 digitos
1287 928 1363 1017 5¹1.
1411 933 1554 997 Calculus
1587 934 1776 1016 Tycbonicus
1808 953 1915 995 veram

549 1025 790 1105 conjunctionem
814 1023 996 1103 Uraniburgi
1020 1028 1170 1085 monstrat
1193 1024 1223 1086 h.
1253 1023 1280 1085 l.
1305 1021 1359 1087 20¹
1381 1042 1411 1103 p.
1437 1043 1477 1084 m.

638 1112 797 1176 Cornelius
836 1112 965 1174 Gemma
1002 1112 1131 1173 Lovanii
1169 1112 1286 1175 initium
1321 1112 1441 1175 notavit
1477 1109 1582 1173 statim
1623 1118 1695 1190 post
1733 1108 1784 1174 ll.
1822 1112 1915 1174 finem

547 1202 576 1264 b.
604 1202 632 1265 l.
658 1199 713 1265 23‘
737 1200 849 1281 digitos
874 1195 936 1281 7¹l,
966 1201 1037 1263 fere.
1054 1195 1096 1275 η)

636 1291 686 1352 Ex
710 1290 756 1351 his
781 1290 899 1369 quidem
924 1290 1070 1369 exemplis
1089 1289 1147 1350 hoc
1162 1288 1367 1368 utplurimum
1393 1296 1530 1369 apparet,
1546 1287 1633 1349 Luna
1647 1288 1750 1350 Terris
1772 1288 1915 1368 proxima

541 1357 668 1442 ‘secutas
693 1386 855 1440 nocturnas
879 1380 1023 1440 tenebras
1043 1398 1079 1439 ex
1104 1378 1203 1438 causis
1228 1378 1337 1457 opticis
1357 1397 1410 1440 seu
1434 1377 1655 1439 astronomicis.
1693 1377 1739 1439 At
1757 1396 1816 1439 non
1841 1398 1913 1440 esse

545 1469 603 1529 has
628 1469 709 1529 solas
742 1486 867 1539 causas,
902 1469 971 1547 quin
1001 1468 1039 1528 ab
1069 1467 1148 1529 a'eris
1183 1466 1411 1528 circumstantia
1441 1464 1599 1545 plurimum
1629 1466 1679 1527 vel
1706 1465 1914 1545 impediantur

545 1558 597 1620 vel
620 1557 813 1637 adjuventur,
838 1557 1029 1619 demonstrat
1055 1555 1224 1636 inaequalis
1249 1556 1380 1618 noctium
1410 1562 1621 1616 consuetarum
1645 1554 1782 1616 claritas.
1830 1558 1913 1619 Nam

545 1644 572 1707 si
595 1646 633 1708 de
655 1664 739 1707 mera
762 1653 850 1706 nocte
875 1652 928 1707 aer
951 1645 1128 1725 quandoque
1153 1644 1191 1705 ob
1221 1644 1402 1707 albicantem
1433 1643 1578 1717 colorem,
1612 1642 1764 1705 crassitiei
1789 1642 1911 1724 signnm

546 1734 640 1813 (quod
664 1735 700 1795 de
720 1734 818 1794 Ponto
838 1741 971 1796 testatur
986 1733 1196 1808 Aristoteles),
1221 1733 1334 1795 lumina
1357 1733 1513 1795 stellarum
1537 1732 1582 1793 ita
1605 1731 1759 1806 combibit,
1785 1740 1820 1794 ut
1843 1741 1913 1796 tota

545 1831 633 1883 nocte
667 1823 816 1901 quoddam
848 1822 1090 1902 crepusculorum
1118 1823 1216 1884 lumen
1251 1822 1438 1884 aemuletur:
1473 1821 1544 1901 quid
1572 1840 1631 1882 nun
1664 1829 1824 1900 praestare
1853 1823 1912 1884 hoc

545 1911 719 1990 adjumento
743 1909 843 1989 possit
865 1912 915 1973 vel
943 1911 1124 1973 tenuissima
1147 1908 1229 1972 Solis
1257 1913 1409 1993 particula
1438 1910 1609 1990 hujusmodi
1641 1930 1778 1972 crassum
1808 1917 1911 1972 adrem

544 2008 577 2061 et
599 2009 708 2073 terras,
732 2000 813 2061 ultra
835 2017 933 2079 pauca
956 2020 975 2062 a
997 2000 1084 2062 nobis
1109 1999 1256 2076 milliaria,
1282 2002 1450 2072 illustrans,
1475 2000 1630 2079 lucemque
1653 1999 1715 2061 illis
1739 2000 1908 2061 communi·

545 2107 627 2163 cans,
654 2089 693 2150 ad
713 2108 768 2149 nos
791 2107 882 2168 porro
906 2088 1127 2151 revibrandam.
1166 2088 1246 2150 Ecce
1271 2094 1449 2168 argumenta
1476 2086 1644 2168 inaequalis
1668 2088 1756 2167 hujus
1775 2088 1910 2151 noctium

544 2176 696 2240 claritatis
721 2178 759 2239 ab
783 2183 853 2239 aiere
877 2178 1091 2259 provenientis.
1137 2178 1228 2239 Anno
1255 2175 1351 2243 1599.
1375 2178 1405 2238 in
1430 2176 1535 2256 eclipsi
1564 2177 1677 2238 mensis
1699 2176 1837 2239 Januarii
1859 2178 1910 2239 vel

544 2265 718 2341 Februarii,
753 2265 837 2345 cujus
870 2288 961 2349 supra
994 2269 1077 2329 lacta
1110 2267 1239 2342 mentio,
1273 2269 1405 2329 nondum
1436 2264 1559 2327 dimidia
1591 2266 1740 2328 diametro
1773 2266 1909 2328 tenebris

543 2354 703 2429 immersa,
738 2362 834 2417 totum
868 2358 973 2419 Lunae
1003 2356 1171 2435 marginem
1204 2356 1305 2418 videre
1342 2354 1436 2436 potui.
1490 2354 1581 2416 Anno
1616 2350 1713 2418 1601.
1747 2354 1911 2417 Decembri

546 2443 723 2506 tenuissimo
743 2463 834 2505 cornu
850 2444 1024 2526 superstite,
1049 2446 1248 2523 caliginosam
1264 2455 1366 2508 tamen
1390 2450 1508 2523 partem
1528 2462 1586 2505 non
1606 2443 1677 2506 vidi.
1716 2443 1787 2505 Fuit
1805 2451 1909 2504 tamen

545 2532 651 2594 cadem
675 2532 745 2592 anni
769 2538 948 2615 tempestas.
993 2536 1084 2595 Anno
1111 2528 1206 2596 1603.
1231 2555 1333 2597 mense
1357 2532 1441 2595 Maio
1465 2551 1532 2594 cum
1556 2533 1650 2595 tertia
1673 2532 1813 2594 diametri
1836 2551 1912 2611 pars

544 2627 694 2691 restaret,
727 2620 867 2685 viderunt
891 2631 994 2684 tamen
1018 2622 1110 2704 aliqui
1142 2625 1307 2702 marginem
1336 2623 1506 2683 obscurum.
1554 2620 1706 2702 Sequente
1729 2621 1911 2696 Novembri,

549 2727 616 2771 cum
638 2727 697 2770 non
722 2717 830 2790 quarta
852 2731 924 2791 pars
948 2710 978 2771 in
1002 2712 1107 2774 umbra
1131 2721 1224 2788 esset,
1249 2713 1332 2775 visus
1355 2719 1458 2773 tamen
1482 2730 1596 2791 margo.

552 2846 585 2916 3.
632 2851 690 2913 An
725 2851 812 2913 lieri
845 2851 982 2930 possit,
1020 2860 1059 2914 ut
1096 2854 1132 2916 in
1175 2853 1341 2918 centrali
1379 2850 1644 2932 conjunctione
1681 2851 1914 2913 luminarium

925 2940 991 3004 Sol
1019 2952 1139 3005 tamen
1167 2962 1235 3005 uon
1264 2952 1365 3005 totus
1393 2939 1537 3003 lateat?

637 3063 793 3125 Hactenus
826 3064 926 3144 itaque
958 3086 996 3127 ex
1028 3066 1163 3129 historiis
1193 3068 1399 3147 probavimus,
1433 3074 1530 3129 totum
1559 3062 1662 3125 Solem
1697 3069 1811 3126 tectum
1845 3084 1913 3127 esse

548 3172 608 3216 non
638 3154 749 3227 semel,
780 3152 871 3213 etiam
895 3176 914 3216 a
937 3155 1024 3216 Luna
1057 3156 1218 3218 altissima.
1267 3155 1334 3227 Quo
1366 3157 1464 3237 magis
1498 3155 1603 3216 mirum
1632 3160 1695 3227 est,
1729 3152 1850 3215 unicum
1874 3174 1912 3215 ex

549 3242 628 3304 omni
652 3241 781 3303 historia
809 3250 915 3305 extare
949 3245 1119 3326 exemplum
1153 3246 1350 3321 contrarium,
1381 3244 1459 3326 quod
1484 3242 1609 3308 Clavius
1634 3239 1859 3304 Commentario
1882 3244 1913 3304 in

548 3328 768 3394 Sacroboscum
792 3341 949 3394 recenset:
974 3336 1063 3396 Anno
1091 3330 1187 3397 1567.
1212 3331 1242 3398 9.
1267 3335 1393 3415 Aprilis,
1415 3346 1521 3399 Romae
1535 3343 1628 3397 solem
1648 3358 1704 3396 non
1723 3346 1814 3397 totum
1835 3344 1913 3396 defe-

548 3420 631 3486 cisse,
661 3423 710 3474 sed
736 3420 863 3475 relictum
888 3423 974 3477 fuisse
1000 3425 1104 3480 exilem
1124 3427 1261 3496 quendam
1287 3426 1417 3480 circulum
1445 3426 1583 3479 lucentem
1605 3421 1789 3477 circumcirca.
1841 3423 1914 3483 Fuit

548 3518 649 3573 tamen
674 3510 762 3571 Luna
794 3510 894 3571 media
927 3512 1005 3574 inter
1029 3513 1211 3575 altissimam
1234 3522 1265 3574 et
1289 3513 1493 3575 humillimam.
1540 3511 1652 3573 Mirum
1685 3509 1805 3591 inquam
1843 3518 1910 3572 est:

547 3618 618 3661 nam
641 3598 690 3659 hic
714 3598 834 3678 quidem
858 3599 984 3662 visibilis
1008 3603 1113 3663 Lunae
1147 3602 1294 3664 diameter
1327 3603 1446 3664 omnino
1470 3600 1567 3662 minor
1598 3605 1697 3674 essct,
1729 3617 1784 3660 nec
1808 3601 1912 3677 possis

546 3688 603 3752 buc
627 3686 769 3750 accidens
793 3688 870 3750 visui
893 3691 1110 3766 transcribere,
1137 3700 1170 3753 ut
1192 3690 1277 3753 initio
1300 3691 1390 3771 hujus
1413 3690 1523 3770 capitis
1548 3691 1671 3752 factum.
1718 3685 1806 3759 Quae
1832 3690 1912 3751 enim

548 3777 612 3839 sive
636 3779 666 3839 in
691 3778 786 3852 oculo,
811 3777 876 3838 sive
900 3778 929 3839 in
953 3780 1081 3842 obscura
1105 3800 1239 3854 camera,
1262 3800 1329 3842 cum
1352 3780 1453 3841 lucida
1476 3780 1551 3849 sint,
1577 3778 1757 3850 dilatantur,
1784 3796 1821 3838 ea
1845 3778 1911 3857 pri-

548 3886 628 3929 mum
651 3866 768 3927 radium
792 3866 830 3927 ad
853 3867 951 3929 locum
976 3869 1058 3930 illum
1080 3869 1228 3950 projicere
1253 3889 1377 3931 necesse
1402 3878 1469 3931 est:
1500 3887 1576 3949 quae
1600 3885 1671 3928 vero
1696 3886 1754 3927 non
1778 3865 1911 3941 radiant,

547 3955 668 4035 objectu
692 3974 855 4035 opacorum
878 3956 1034 4036 impedita,
1059 3965 1093 4019 ut
1116 3956 1170 4020 Sol
1196 3960 1317 4039 objectu
1341 3958 1463 4032 Lunae,
1489 3976 1585 4038 neque
1609 3954 1732 4018 dilatari
1754 3962 1911 4035 poterunt.

547 4043 615 4106 Non
640 4053 688 4105 est
712 4045 815 4124 itaque
839 4044 917 4107 visui
942 4046 1202 4109 transcribendum
1229 4049 1283 4109 hoc
1307 4041 1591 4127 phaenomeuon.*)

637 4130 726 4202 Quod
755 4133 848 4212 igitur
881 4134 983 4217 Tycho
1016 4136 1116 4197 Brahe
1151 4136 1179 4197 in
1214 4138 1341 4199 alteram
1372 4134 1472 4199 Clavii
1504 4134 1646 4215 eclipsin,
1679 4132 1759 4194 idem
1790 4152 1848 4213 ego
1882 4134 1910 4194 in
1972 4156 1975 4162 ·

548 4220 676 4283 alteram
700 4223 865 4299 attentavi,
889 4223 920 4286 in
944 4224 1065 4288 dubium
1089 4244 1196 4305 nempe
1220 4245 1333 4288 vocans
1355 4226 1413 4288 hoc
1441 4224 1553 4306 ipsum,
1582 4243 1620 4285 au
1645 4221 1764 4284 omnino
1793 4221 1913 4303 integer

745 4342 871 4352 Ἃ,-

636 4397 662 4465 *)
684 4401 804 4456 Medium
824 4404 908 4470 huius
929 4404 1065 4475 eclipseos
1087 4404 1258 4476 Uraniburgi
1279 4405 1388 4459 calculo
1409 4402 1565 4476 Tychonico
1586 4402 1614 4456 b.
1640 4400 1684 4456 12.
1708 4399 1755 4456 10‘
1777 4401 1911 4467 meridiei,

548 4481 690 4553 quantitas
721 4483 869 4554 digitorum
890 4486 917 4538 6.
940 4486 999 4539 29’.
1033 4485 1199 4540 Maestlinus
1221 4485 1367 4557 Tubingae
1398 4485 1557 4539 observavit
1583 4481 1686 4555 digitos
1717 4482 1775 4535 lere
1806 4483 1843 4536 10
1875 4485 1911 4537 ab

548 4567 652 4616 austro.
696 4563 854 4619 Gerhardus
882 4562 1033 4620 Mercator*
1049 4566 1204 4638 Duisburgi
1231 4565 1335 4620 cliviae
1362 4565 1468 4619 initium
1489 4565 1517 4618 b.
1543 4564 1587 4618 10.
1610 4562 1660 4616 25’
1681 4563 1762 4616 tinem
1789 4562 1861 4617 hura
1886 4565 1911 4618 1.

546 4641 623 4713 Ergo
648 4643 766 4698 medium
792 4645 820 4699 b.
846 4647 891 4700 ll.
916 4645 974 4700 43‘.
1003 4647 1147 4703 Cornelius
1176 4648 1290 4700 Gemma
1310 4645 1427 4701 Luranii
1448 4644 1556 4698 initium
1582 4643 1610 4697 b.
1636 4643 1680 4697 10.
1706 4642 1762 4706 12⁴,
1785 4642 1911 4714 vigorem

547 4722 575 4775 b.
593 4722 638 4776 11.
655 4723 714 4787 40‘,
736 4724 817 4778 linem
838 4726 924 4796 paulo
944 4733 1008 4796 post
1024 4727 1105 4798 12¹s„
1127 4733 1232 4796 puncta
1246 4727 1304 4780 fere
1320 4726 1347 4780 9.
1375 4726 1481 4782 Lumen
1495 4724 1576 4779 valde
1597 4722 1739 4793 pallidum,
1762 4728 1794 4776 at
1808 4724 1911 4777 stellae

547 4802 652 4866 nullae,
673 4810 784 4872 tempus
805 4812 899 4860 tamen
920 4808 1000 4876 quasi
1021 4809 1219 4879 vespertinum.
1249 4806 1350 4876 Coepit
1364 4808 1401 4860 ab
1421 4822 1522 4860 occasu
1542 4809 1656 4874 aparte
1675 4802 1747 4858 Solis
1768 4802 1910 4858 interiore.

548 4881 643 4952 Tyeho
663 4884 758 4938 Brahe
779 4887 808 4939 in
828 4886 917 4940 literis
938 4890 973 4941 ad
991 4888 1116 4942 Clarium
1136 4888 1185 4951 ait,
1208 4904 1238 4941 aa
1260 4888 1466 4941 adolescentem
1486 4888 1650 4941 observasse
1671 4883 1745 4937 hanc
1764 4883 1911 4939 Rostochii

548 4962 584 5015 ad
610 4962 677 5016 litans
706 4963 788 5020 maris
809 4966 932 5020 Balthici
953 4968 1062 5038 inipso
1084 4967 1163 5039 quasi
1184 4967 1295 5022 meridie
1317 4968 1466 5039 digitorum
1486 4984 1543 5022 uon
1562 4965 1648 5035 plane
1670 4962 1697 5018 ⁷.
1731 4964 1770 5018 Et
1790 4963 1821 5019 iu
1840 4965 1910 5020 Pro-

548 5044 750 5111 gymnasmatis
778 5053 823 5100 est
849 5047 876 5100 h.
901 5047 945 5103 12.
967 5048 1006 5111 o‘,
1036 5049 1117 5120 digiti
1139 5046 1168 5103 6.
1191 5047 1250 5112 29⁴,
1280 5055 1412 5117 quantum
1441 5055 1471 5102 et
1496 5047 1620 5101 calculus
1648 5043 1749 5114 prodit.
1791 5046 1824 5099 In
1851 5044 1911 5098 alia

549 5126 642 5177 umen
662 5124 767 5179 scheda
786 5126 878 5181 inrsni
897 5127 926 5183 h.
951 5128 996 5183 ll.
1019 5129 1059 5192 θ’,
1080 5128 1184 5202 digitos
1207 5128 1234 5183 9.
1258 5128 1297 5183 θ’.
1311 5125 1347 5193 ¹⁰)
