4584 6192
1162 1470 1281 1568 Caput
1307 1468 1336 1541 I.

1096 1648 1152 1709 Dc
1173 1654 1290 1709 aebtra
1314 1643 1404 1707 lucia

660 1805 801 1870 Ceterum
831 1824 897 1865 cum
930 1803 978 1864 bic
1002 1825 1021 1862 a
1044 1805 1210 1883 geometria
1237 1806 1385 1867 interdum
1409 1804 1436 1863 iu
1461 1802 1616 1885 physicam
1641 1803 1928 1882 contemplationem

571 1897 783 1966 deflectamus,
808 1911 904 1954 sermo
929 1910 1043 1972 quoque
1068 1894 1125 1955 erit
1148 1894 1238 1972 paulo
1262 1893 1397 1965 liberior,
1428 1911 1487 1952 non
1518 1891 1626 1971 ubique
1655 1891 1750 1954 literis
1772 1901 1803 1953 et
1826 1892 1928 1972 liguris

572 1984 816 2047 accommodatus
841 1993 893 2042 aot
916 1981 1205 2043 demonstrationum
1228 1981 1354 2045 uinculis
1378 1980 1554 2055 adstrictus,
1581 1980 1635 2042 sed
1657 1981 1838 2059 conjecturis
1862 1980 1926 2042 dis-

572 2072 701 2135 solutior
724 2071 896 2132 libertatem
920 2069 1051 2148 aliquam
1075 2070 1307 2150 philosophandi
1336 2068 1516 2131 sectabitur:
1550 2068 1629 2131 dabo
1661 2079 1762 2131 tamen
1794 2087 1927 2152 operam,

570 2162 597 2224 si
622 2159 685 2223 lieri
708 2169 831 2241 potest,
856 2168 889 2219 ut
913 2157 941 2219 iu
965 2159 1188 2237 propositiones
1212 2160 1331 2237 etipse
1355 2157 1516 2220 dividatur.

661 2247 869 2311 Communium
893 2246 1047 2308 notionum
1074 2248 1137 2307 loco
1162 2248 1247 2309 initio
1271 2248 1307 2307 de
1323 2246 1437 2307 voculis
1460 2264 1584 2318 moneo,
1610 2262 1698 2324 quarn
1713 2242 1826 2307 Graeci
1842 2264 1928 2308 com-

571 2337 651 2400 muni
675 2356 748 2398 voce
773 2336 876 2396 dicunt
899 2334 1059 2396 droxlums
1077 2336 1243 2410 radiorum,
1267 2335 1369 2397 Latini
1394 2333 1573 2396 discriminis
1589 2352 1682 2393 causa
1698 2333 1726 2393 in
1743 2334 1801 2395 duo
1816 2353 1930 2414 genera

571 2425 726 2499 dividunt,
758 2424 888 2485 alterum
911 2442 1005 2501 genus
1031 2425 1259 2486 reflexorum
1284 2430 1468 2494 statuentes,
1504 2424 1631 2484 alterum
1655 2422 1930 2485 refractorum.

572 2513 666 2593 Atqui
692 2513 717 2573 si
743 2532 833 2573 voces
857 2511 1019 2571 variandae
1044 2524 1114 2574 suut
1140 2513 1178 2573 ob
1202 2513 1376 2573 differentes
1400 2531 1498 2572 rerum
1523 2521 1662 2583 naturas,
1685 2519 1826 2589 praestat
1848 2514 1929 2574 tales

572 2602 701 2681 eligere,
735 2600 763 2661 io
797 2600 904 2679 quibus
938 2602 1085 2660 communi
1120 2602 1199 2681 rulgi
1234 2601 1428 2680 usurpatione
1466 2600 1506 2660 rei
1537 2600 1680 2679 cujusque
1705 2608 1815 2661 natura
1838 2602 1956 2680 quam'

571 2689 778 2771 propriissime
802 2688 987 2766 exprimitur.
1034 2687 1103 2750 Jam
1127 2689 1183 2751 hoc
1213 2710 1269 2750 non
1303 2690 1431 2751 feliciter
1454 2689 1493 2749 ab
1516 2687 1625 2767 opticis
1648 2687 1768 2749 Latinis
1792 2690 1929 2767 praesti-

572 2796 635 2840 tum
658 2796 727 2839 esse
750 2777 880 2838 videtur.

583 2909 587 2920 .
660 2863 812 2937 Quantum
837 2866 914 2926 euim
939 2865 1008 2925 mihi
1039 2875 1173 2936 constat,
1209 2868 1328 2927 llectere
1355 2865 1473 2926 Latinis
1507 2866 1562 2926 hoc
1596 2875 1658 2936 est,
1693 2864 1771 2943 quod
1797 2862 1930 2927 Graecis

573 2976 720 3032 rogarem,
743 2953 864 3033 propria
888 2955 972 3015 vocis
997 2955 1151 3032 usurpatio
1176 2956 1212 3013 de
1237 2955 1412 3027 incurvatis,
1438 2972 1572 3033 quaeque
1597 2955 1621 3014 si
1646 2952 1691 3013 vis
1715 2962 1817 3014 cesset
1842 2952 1873 3014 iu'
1895 2974 1930 3015 se

571 3044 706 3107 reditura
739 3057 823 3115 suut,
861 3053 1022 3125 propterea
1056 3053 1086 3101 et
1115 3062 1192 3120 geuu
1224 3043 1303 3103 flecti
1339 3043 1461 3112 dicitur,
1501 3044 1578 3121 quod
1612 3042 1731 3102 rincula
1764 3043 1932 3104 tendantur

570 3132 754 3211 membrique
778 3134 871 3210 ligura
896 3141 1022 3192 arcuata
1044 3144 1201 3209 appareat.
1237 3131 1339 3191 Ceteri
1364 3150 1433 3192 usus
1458 3141 1528 3191 suut
1551 3121 1726 3212 perslrorum
1741 3131 1928 3211 analogiam.

659 3224 704 3281 At
728 3219 913 3280 Graecorum
938 3219 1130 3281 riroaloodm
1154 3220 1359 3299 propriissime
1384 3229 1473 3280 sonat
1496 3220 1524 3279 id
1540 3219 1617 3298 quod
1634 3218 1752 3281 Latinis
1778 3221 1929 3297 frangere,

577 3308 655 3389 quod
673 3308 901 3369 dissolutionem
925 3308 1055 3369 continui
1071 3309 1199 3369 maxime
1217 3310 1361 3387 lignorum
1377 3319 1408 3368 et
1423 3308 1552 3368 sonitum
1572 3308 1798 3386 praesupponit.
1823 3304 1929 3379 Quare

572 3400 682 3466 ababuc
706 3395 835 3459 Graecis
859 3405 907 3458 est
937 3398 1097 3481 decerptus
1130 3399 1316 3458 ramusculus
1341 3398 1378 3456 ab
1403 3396 1519 3458 arbore.
1566 3396 1608 3456 Et
1630 3394 1742 3468 alodos
1765 3408 1930 3477 usurpatur

574 3485 612 3546 de
636 3486 780 3565 strepitu,
806 3486 854 3565 qui
878 3495 909 3546 et
923 3485 1042 3547 Latinis
1068 3507 1086 3546 a
1110 3487 1282 3564 frangendo
1300 3487 1401 3564 fragor
1424 3484 1541 3545 dicitur.
1590 3482 1623 3545 Si
1648 3484 1722 3545 baec
1738 3504 1804 3547 euru
1829 3486 1925 3547 allec·

574 3572 706 3636 tionibus
729 3573 881 3635 radiorum
905 3583 1109 3653 comparetur,
1135 3576 1275 3636 flectendi
1301 3594 1367 3647 vox,
1393 3575 1418 3635 si
1442 3574 1655 3652 proprietatem
1679 3585 1811 3653 spectes,
1837 3576 1928 3653 plane

570 3682 628 3725 noo
653 3662 800 3741 quadrat,
835 3664 905 3742 quia
936 3664 1009 3725 nibil
1030 3662 1091 3723 tale
1120 3664 1149 3723 iu
1179 3664 1280 3724 radios
1305 3663 1462 3741 competit,
1492 3662 1556 3721 sire
1588 3684 1607 3723 a
1630 3662 1760 3741 speculis
1793 3663 1861 3740 siue
1885 3663 1925 3724 ab

572 3770 650 3832 aqua
673 3751 743 3830 quid
766 3752 930 3830 patiantur.
977 3749 1057 3822 Quin
1091 3760 1247 3831 utrumque
1281 3753 1383 3812 borum
1412 3750 1557 3813 communi
1583 3768 1655 3812 uoce
1680 3750 1787 3812 fractio
1811 3751 1924 3814 rectis-

570 3842 645 3901 sime
670 3840 788 3902 dicitnr.
836 3841 970 3920 Uterque
995 3840 1072 3901 euim
1096 3860 1165 3900 rere
1191 3842 1355 3919 frangitur,
1381 3840 1459 3900 alter
1481 3860 1499 3899 a
1523 3840 1635 3918 speculi
1660 3841 1739 3901 alter
1761 3839 1800 3901 ab
1824 3860 1926 3921 aquae

571 3927 738 4008 superficie,
763 3938 925 4008 partesque
950 3929 1038 3990 fracti
1063 3931 1203 4009 angulum
1226 3930 1412 3991 constituunt
1435 3927 1632 3991 rectilineum.
1667 3927 1735 3990 Etsi
1760 3928 1853 4007 igitur
1877 3929 1925 3992 la·

572 4018 650 4078 tiore
673 4017 843 4097 significatu
866 4018 897 4079 id
920 4037 1035 4098 quoque
1060 4018 1220 4079 deflectere
1240 4018 1362 4088 dicitur,
1396 4017 1474 4096 quod
1498 4036 1563 4079 curu
1593 4036 1681 4078 uuum
1705 4017 1925 4080 essedeberet

569 4104 600 4168 iu
623 4104 699 4167 duas
722 4105 818 4169 lineas
843 4115 942 4168 rectas
966 4107 1123 4185 contiguas
1147 4107 1226 4179 abit,
1251 4107 1340 4186 plane
1356 4115 1388 4166 ut
1407 4107 1497 4180 radii,
1525 4106 1665 4167 vitandae
1688 4114 1790 4167 tameo
1815 4105 1919 4187 impli-

570 4193 699 4255 cationis
723 4214 828 4270 causa,
862 4195 1043 4257 flectendi
1067 4214 1156 4256 voce
1180 4198 1290 4273 plane
1314 4196 1570 4257 abst-ineatur.
1617 4194 1696 4255 Nam
1722 4195 1779 4256 hoc
1802 4195 1923 4275 quidem

572 4280 741 4360 significatu
765 4285 894 4346 reflexus
918 4283 1034 4363 utrique
1059 4284 1208 4344 radiorum
1234 4284 1334 4361 generi
1359 4293 1560 4363 competeret,
1584 4285 1673 4362 plane
1689 4294 1722 4345 ut
1738 4281 1926 4347 Graecorum

570 4367 768 4435 ἀνακλασθαι.
805 4373 848 4435 At
872 4371 941 4453 quia
964 4372 1053 4433 aliter
1071 4393 1090 4432 a
1109 4373 1248 4450 speculis,
1273 4373 1361 4433 aliter
1386 4373 1423 4432 ab
1448 4391 1527 4450 aqua
1551 4371 1720 4433 alliciuntur
1735 4372 1810 4433 radii
1833 4374 1928 4446 (aller

571 4457 649 4520 euim
665 4478 683 4520 a
698 4461 819 4539 speculo
843 4462 973 4522 resultat
996 4461 1026 4522 iu
1050 4460 1120 4520 illas
1140 4472 1242 4538 partes
1263 4463 1339 4522 uude
1364 4460 1503 4521 advenit:
1529 4461 1606 4523 alter
1625 4481 1642 4520 a
1658 4460 1814 4540 superficie
1830 4481 1927 4543 aquae

570 4548 599 4609 io
623 4549 801 4627 profundum
825 4558 858 4610 et
880 4557 983 4628 partes
1008 4550 1176 4610 contrarias
1196 4570 1284 4629 quam
1301 4551 1377 4610 uude
1399 4549 1564 4610 advenerat
1584 4550 1740 4624 declinat),
1766 4570 1928 4631 sequamur

571 4655 642 4715 ergo
666 4636 714 4699 hic
738 4656 850 4699 morem
875 4639 1040 4717 opticorum
1065 4648 1096 4698 et
1121 4639 1270 4700 variemus
1287 4637 1522 4716 appellationes,
1548 4639 1722 4718 dicaturque
1748 4640 1827 4701 alter
1851 4639 1927 4701 Vir·

571 4724 685 4803 giliaua
709 4733 740 4788 et
764 4727 888 4806 speciali
912 4746 985 4788 voce
1010 4746 1267 4806 repercussus,
1302 4728 1380 4787 alter
1412 4726 1530 4805 generis
1564 4727 1682 4788 nomine
1715 4727 1926 4803 infractus,

574 4826 607 4875 ut
631 4813 715 4894 ipsae
740 4816 980 4894 praepositiones
1004 4816 1041 4875 ad
1067 4815 1108 4876 rei
1134 4825 1272 4876 uatrrraru
1297 4816 1442 4876 alludunt.

660 4902 709 4964 Ad
744 4904 995 4965 demonstrandas
1030 4914 1128 4963 auteur
1165 4904 1339 4965 afl'ectioues
1374 4904 1539 4982 hujusmodi
1574 4924 1676 4965 omnes
1700 4904 1873 4986 philosophi
1897 4915 1929 4968 et

571 4990 662 5071 optici
687 4992 943 5072 comparationem
977 4992 1124 5072 quandam
1159 4992 1318 5053 instituunt
1342 4992 1420 5053 iuter
1449 5012 1575 5070 corpora
1607 4993 1734 5075 physica
1766 5003 1929 5076 motusque

569 5099 670 5144 eorum
695 5090 724 5142 et
749 5080 826 5150 iuter
850 5082 964 5154 luceru,
990 5099 1077 5163 quam
1101 5082 1191 5159 paulo
1216 5081 1307 5142 latius
1331 5080 1514 5142 diduceruus.
