4584 6192
974 588 1056 655 capas
1073 588 1117 639 v1.
1144 588 1187 640 rr.
1693 589 1767 659 eet·

396 763 593 825 imitabuntur
622 764 806 843 paucissimi.
863 765 1010 825 Doctrina
1041 764 1133 842 igitur
1170 763 1285 842 primae
1326 766 1522 843 apparitionis
1553 769 1758 830 astronomiae

396 852 571 914 necessaria
594 863 661 927 est,
688 872 776 932 quam
800 853 988 913 Reinholdns
1012 873 1049 913 ex
1075 853 1242 913 Pnrbachio
1275 871 1328 930 per
1352 873 1460 915 causas
1484 855 1588 916 Lunae
1612 857 1758 918 visionem

396 941 443 1002 rel
467 941 662 1003 retardantes
686 944 734 1001 vel
759 953 969 1021 promoventes
994 941 1177 1002 sufficienter
1200 943 1304 1002 tradit.
1338 943 1422 1025 Inter
1448 962 1556 1005 causas
1581 944 1636 1004 has
1660 947 1757 1006 collo·

397 1038 447 1092 cat
460 1030 672 1110 obliquitatem
688 1032 845 1109 sphaerae,
872 1031 976 1109 longos
1000 1032 1048 1090 vel
1074 1033 1180 1091 breves
1195 1041 1318 1091 exortus
1343 1040 1374 1091 et
1393 1051 1519 1093 occasus
1543 1033 1631 1110 sigui,
1656 1034 1683 1094 in
1700 1052 1758 1113 quo

397 1121 560 1180 decurrunt
582 1121 758 1192 luminaria;
783 1120 970 1179 latitudinem
994 1120 1099 1180 Lunae
1124 1119 1246 1180 boream
1271 1119 1317 1179 vel
1342 1121 1520 1195 austrinam,
1546 1141 1686 1201 maguam
1710 1122 1758 1184 vel

397 1226 537 1287 parvam3
569 1209 764 1269 velocitatem
787 1210 835 1269 vel
860 1208 1035 1269 tarditatem
1067 1209 1096 1269 in
1121 1208 1243 1287 periodo
1268 1228 1336 1268 sua:
1372 1210 1479 1287 quibus
1505 1212 1589 1271 addit
1614 1211 1758 1288 prolixius

398 1298 443 1359 vel
466 1295 590 1359 brevius
614 1297 830 1377 crepusculum.
864 1297 906 1357 Et
929 1307 1029 1357 tamen
1055 1316 1120 1358 cum
1135 1297 1321 1358 Purbachius
1346 1291 1484 1373 dixisset,
1510 1299 1625 1359 Lunam
1652 1300 1758 1360 eodem

398 1387 444 1447 die
467 1394 603 1447 veterem
629 1395 660 1447 et
683 1406 792 1447 novam
816 1387 895 1447 cerni
920 1405 1020 1465 posse,
1046 1386 1123 1464 quod
1149 1405 1214 1446 cum
1236 1383 1417 1464 antiquitate
1432 1388 1578 1466 congruit,
1605 1388 1653 1466 qui
1670 1386 1757 1448 novi-

398 1473 467 1535 lunii
491 1475 571 1535 diem
596 1495 634 1536 ex
658 1494 692 1535 eo
717 1472 780 1552 ἕνην
803 1498 850 1536 και
872 1497 939 1535 rear
963 1476 1115 1553 appellare
1141 1485 1212 1534 srrnt
1231 1475 1322 1540 soliti.
1348 1483 1380 1535 et
1403 1493 1469 1536 cum
1485 1475 1572 1536 Plinii
1598 1476 1757 1546 affirmato.

398 1564 475 1643 quod
503 1563 570 1643 jam
599 1584 619 1623 a
642 1565 747 1646 lynceo
777 1564 904 1644 quodam
934 1564 1001 1624 visa
1029 1563 1071 1623 sit
1104 1564 1207 1624 eodem
1239 1565 1287 1625 die
1316 1572 1348 1623 et
1380 1584 1466 1624 mane
1498 1574 1568 1625 ante
1592 1564 1695 1626 Solem
1725 1573 1758 1626 et

398 1653 516 1731 vesperi
539 1661 612 1732 post
635 1650 753 1714 Solem:
788 1652 974 1714 Reinholdns
1005 1653 1032 1712 in
1058 1651 1158 1712 causis
1192 1652 1228 1713 ad
1254 1654 1310 1713 hoc
1333 1653 1561 1730 pronunciatum
1585 1672 1755 1714 accommo-

399 1740 505 1802 dandis
530 1742 619 1802 valde
643 1743 742 1803 sudat.
789 1741 925 1820 Denique
950 1742 988 1801 ad
1013 1741 1229 1818 experientiam
1252 1751 1406 1820 provocat.
1448 1742 1523 1820 Ego,
1550 1762 1586 1802 ne
1610 1740 1683 1803 nihil
1708 1742 1756 1804 hic

400 1831 537 1901 aderam,
571 1831 725 1904 existimo,
761 1830 836 1890 hanc
865 1849 927 1890 rem
956 1830 1069 1909 regulis
1100 1831 1310 1909 comprehendi
1343 1850 1400 1891 non
1425 1849 1524 1909 posse.
1572 1831 1652 1890 Vere
1678 1832 1755 1893 enim

400 1918 586 1979 Reinholdns
611 1919 668 1993 ait,
702 1921 835 1979 aestivas
859 1925 963 1979 noctes
997 1918 1137 1979 claritate
1171 1939 1225 1979 sna
1260 1920 1385 1979 multum
1410 1921 1516 1980 afferre
1539 1920 1755 1998 impedimenti.

401 2007 439 2067 m
462 2015 531 2068 tota
554 2008 644 2086 culpa
658 2008 764 2068 haeret
785 2007 816 2068 in
831 2014 910 2081 aere,
936 2008 984 2086 qui
1008 2008 1033 2067 si
1058 2008 1133 2067 satis
1158 2025 1249 2085 purus
1273 2016 1305 2067 et
1320 2008 1494 2069 defaecatus
1518 2008 1568 2079 ait,
1592 2019 1625 2068 ut
1639 2007 1755 2088 hyeme,

401 2104 556 2175 spectator
579 2116 649 2159 vero
674 2097 702 2157 in
722 2098 795 2177 jugo
819 2096 898 2169 editi
917 2097 1041 2174 alicujus
1066 2097 1175 2156 montis
1196 2096 1354 2167 consistat,
1378 2097 1513 2175 superior
1535 2116 1646 2175 magna
1668 2108 1755 2175 parte

402 2185 559 2247 crassioris
584 2185 670 2265 hujus
694 2187 783 2259 atris,
810 2186 880 2246 nihil
906 2186 1041 2264 equidem
1065 2186 1234 2263 prohibeat,
1259 2186 1375 2245 Lunam
1400 2187 1427 2245 iu
1453 2186 1518 2263 ipso
1540 2185 1757 2264 conjunctionis

403 2273 529 2335 articulo
549 2274 640 2354 juxta
663 2273 764 2335 Solem
790 2276 818 2333 in
842 2274 917 2334 coeli
942 2274 1038 2334 medio
1063 2273 1157 2346 cerni,
1192 2274 1339 2353 siqnidem
1372 2274 1495 2334 limitem
1529 2275 1656 2335 alterum
1684 2292 1756 2353 per-

402 2362 535 2443 agret.*)
559 2363 640 2424 Nam
655 2364 713 2424 etsi
729 2382 785 2423 non
802 2363 936 2442 pluribus
950 2360 969 2423 5
981 2364 1124 2442 gradibus
1140 2383 1158 2422 a
1174 2359 1245 2423 Sole
1261 2362 1368 2423 abesse
1383 2370 1494 2441 potest,
1512 2381 1603 2442 qnare
1619 2362 1670 2423 vix
1684 2381 1758 2443 sep-

401 2452 600 2531 tuagesimam
616 2452 749 2531 corporis
764 2451 943 2530 particulam
959 2452 1045 2512 nobis
1065 2452 1207 2524 ostendit,
1233 2462 1324 2530 atque
1343 2451 1373 2511 id
1393 2453 1489 2531 ipsum
1509 2460 1541 2512 ut
1560 2452 1590 2512 in
1606 2452 1756 2529 margines

401 2540 504 2601 Lunae
529 2551 684 2620 receptum
709 2562 741 2601 se
767 2541 833 2620 ipso
861 2542 953 2600 multo
978 2539 1119 2619 gracilius
1151 2551 1293 2619 apparet:
1323 2542 1401 2619 quod
1426 2540 1545 2619 quidem
1568 2538 1758 2601 Reinholdns

403 2628 458 2690 sibi
484 2628 543 2709 ipsi
568 2629 697 2691 sollicite
722 2630 839 2710 objicit;
864 2630 996 2690 uicissim
1021 2640 1121 2690 tamen
1147 2636 1228 2689 totus
1252 2628 1356 2690 Lunae
1380 2628 1480 2689 discus
1505 2629 1622 2707 integro
1647 2628 1759 2689 Terrae
1848 2621 1853 2625 ”

402 2717 510 2780 lumine
537 2718 640 2780 fruens
676 2720 764 2779 facile
795 2720 856 2780 lieri
890 2727 993 2796 potest
1028 2730 1061 2780 ut
1091 2738 1144 2798 pro
1174 2719 1345 2779 conditione
1370 2719 1428 2779 loci
1457 2727 1489 2778 et
1521 2716 1651 2778 videntis
1680 2716 1761 2778 aeris

402 2807 570 2868 claritatem
596 2807 740 2869 discutiat
762 2826 852 2887 seque
877 2807 992 2868 visibus
1022 2807 1157 2887 ingerat,
1192 2826 1257 2868 cum
1282 2825 1373 2885 saepe
1405 2806 1485 2868 aeris
1519 2805 1666 2866 horizonti
1700 2805 1760 2867 cir·

402 2895 528 2957 cumiusi
552 2915 699 2958 summam
723 2897 895 2957 claritatem
920 2896 1031 2957 vincat.
1078 2896 1191 2957 Notum
1216 2897 1382 2967 animem,
1409 2913 1484 2974 quae
1508 2894 1601 2973 optici
1626 2894 1663 2955 de
1687 2912 1760 2973 pro-

402 2985 501 3046 fundis
530 2985 631 3064 puteis
664 2995 856 3047 asseverent:
887 2986 964 3065 qnod
993 2985 1102 3046 stellae
1136 2985 1241 3046 vertici
1265 2985 1457 3045 inhaerentes
1481 3002 1519 3044 ex
1542 2982 1602 3043 illis
1626 2980 1760 3063 conspici

402 3073 521 3153 possint
550 3073 616 3134 visu
648 3095 666 3135 a
699 3074 869 3135 circumfusi
902 3074 982 3134 aeris
1015 3074 1156 3135 claritate
1186 3073 1322 3134 liberato.
1377 3072 1475 3133 Multo
1505 3070 1602 3151 magis
1634 3072 1661 3133 si
1695 3073 1761 3151 quis

403 3173 489 3223 extra
510 3170 611 3223 metas
635 3171 697 3223 tam
721 3164 816 3224 crassi
841 3163 930 3236 aeris,
956 3164 1004 3242 qni
1020 3162 1101 3225 Solis
1127 3162 1227 3222 radios
1252 3163 1380 3245 undique
1404 3160 1526 3240 excipit,
1550 3160 1579 3221 in
1604 3160 1667 3221 alto
1687 3177 1762 3220 con-

403 3252 536 3312 sisteret.
585 3250 684 3331 Atque
709 3271 767 3312 non
792 3253 867 3313 hanc
892 3260 1009 3312 tentum
1034 3253 1071 3313 ob
1095 3270 1228 3325 cansam,
1253 3253 1306 3312 sed
1331 3251 1422 3312 etiam
1441 3252 1479 3310 ob
1499 3250 1539 3323 id,
1565 3250 1641 3327 quod
1657 3248 1762 3310 Lunae

404 3341 502 3401 lumen
527 3339 697 3401 clarissimo
730 3342 779 3401 die
804 3342 882 3403 cerni
911 3350 1013 3418 potest
1041 3351 1202 3419 praesente
1226 3338 1313 3415 Sole,
1344 3340 1447 3419 judico
1479 3338 1669 3399 altitudinem
1700 3337 1762 3418 poli

404 3440 435 3489 et
456 3429 625 3490 varietates
645 3437 801 3490 exortunm
820 3430 1034 3509 propemodum
1049 3430 1167 3500 cadere,
1184 3429 1304 3510 fierique
1326 3430 1413 3491 facile
1429 3445 1528 3507 posse,
1556 3428 1643 3488 Luna
1659 3429 1762 3488 veloce

404 3518 486 3579 etin
511 3518 659 3579 limitibus
683 3529 834 3593 versante,
860 3529 892 3579 nt
916 3518 1019 3579 eodem
1044 3519 1092 3580 die
1116 3527 1203 3579 vetus
1228 3529 1259 3579 et
1283 3539 1362 3579 nova
1385 3525 1549 3597 appareat:
1576 3516 1664 3595 idque
1689 3534 1761 3576 uca-

404 3608 448 3667 cio
471 3626 511 3667 an
527 3607 697 3685 expeditius
722 3608 750 3667 in
776 3608 840 3687 ipso
865 3607 941 3668 coeli
965 3609 1062 3668 medio
1087 3627 1174 3688 qnam
1199 3608 1280 3668 circa
1294 3608 1498 3669 horizontem:
1525 3605 1574 3665 ubi
1600 3624 1657 3684 quo
1682 3604 1760 3665 obli-

404 3695 488 3774 quius
511 3703 546 3757 et
568 3696 686 3775 lougius
709 3697 784 3758 radii
809 3696 932 3758 Solares
956 3716 1099 3774 vaporem
1128 3705 1302 3766 transeunt,
1336 3696 1391 3758 hoc
1414 3694 1559 3773 majorem
1589 3693 1761 3754 claritatem

404 3784 547 3860 efficiunt,
571 3784 687 3863 hocque
710 3786 807 3864 magis
830 3786 932 3846 oculos
958 3795 1131 3847 excaecant.
1140 3783 1195 3857 **)

490 4007 517 4073 *)
541 4008 731 4063 Conditiunem
751 4009 823 4062 hanc
844 4008 882 4061 sic
904 4008 1013 4075 accipe,
1043 4016 1075 4060 ut
1096 4006 1195 4060 montis
1222 4005 1354 4075 planities
1377 4021 1480 4074 supera
1507 4002 1677 4074 speculatori
1698 4022 1762 4059 con·

405 4096 527 4159 spectum
558 4088 632 4143 aeris
660 4089 733 4143 inira
760 4105 822 4142 sese
852 4087 986 4141 radiantis
1016 4087 1183 4156 intercipiat.
1225 4086 1296 4140 Nam
1322 4086 1393 4139 haec
1423 4084 1513 4137 omnia
1542 4084 1700 4138 referuntur
1726 4085 1762 4139 ad

405 4170 518 4234 comum,
542 4170 614 4239 quod
629 4169 807 4239 sequentibus
828 4168 978 4238 diligenter
991 4174 1068 4220 nota.
1098 4168 1170 4220 Nam
1184 4165 1254 4219 citra
1267 4173 1427 4234 respectum
1447 4163 1602 4219 directionis
1625 4166 1765 4222 oculorum

404 4249 451 4303 Sul
471 4266 541 4304 eane
563 4265 582 4303 a
602 4249 672 4302 toeli
692 4249 779 4303 medic
810 4248 911 4301 clarius
943 4247 1069 4300 illustrat
1098 4252 1188 4300 terras
1210 4253 1240 4299 et
1268 4252 1360 4299 aerem
1390 4242 1575 4313 majoremque
1606 4244 1765 4299 claritatem

404 4328 488 4383 edicit
508 4329 576 4393 diei,
607 4344 689 4398 quam
713 4328 851 4382 horizonti
878 4327 1052 4390 incumbens,
1082 4328 1153 4396 quod
1181 4327 1316 4380 hactenus
1344 4331 1493 4377 ostensum.
1536 4330 1575 4376 At
1595 4341 1654 4377 cum
1676 4327 1710 4377 de
1731 4341 1765 4378 eu

405 4409 511 4480 agitur,
538 4411 612 4462 uude
632 4409 734 4463 rectius
756 4409 835 4461 Luna
861 4407 950 4477 possit
980 4407 1054 4459 cerni
1078 4407 1166 4475 juxta
1186 4406 1277 4460 Solem
1298 4412 1394 4458 stans:
1424 4420 1487 4456 num
1507 4422 1544 4456 ex
1566 4404 1639 4457 edito
1661 4412 1763 4467 monte,

404 4489 552 4543 luminibus
573 4489 601 4542 iu
622 4489 693 4542 coeli
712 4488 801 4543 medin
829 4487 1018 4550 versantibus,
1050 4503 1145 4540 snex
1174 4486 1305 4555 planitie,
1337 4483 1559 4537 occumbentibus
1588 4484 1666 4537 illist
1697 4492 1762 4537 tuuc

406 4569 512 4624 omnino
532 4569 665 4639 splendor
685 4569 758 4623 aeria
774 4568 847 4622 circa
860 4567 953 4621 Solem
974 4567 1178 4620 occumbentem
1196 4572 1240 4618 est
1257 4565 1343 4619 latior
1364 4580 1445 4634 quam
1465 4564 1538 4616 circa
1560 4563 1764 4627 culminautem,

405 4648 488 4703 latius
511 4649 599 4719 igitur
620 4654 738 4718 occupat
758 4649 875 4702 oculum.
917 4650 959 4699 Ac
985 4647 1038 4700 etsi
1064 4647 1165 4700 clarior
1189 4646 1320 4715 splendor
1345 4643 1418 4697 aeris
1440 4642 1467 4695 iu
1487 4643 1575 4695 medio
1599 4643 1670 4695 coeli
1690 4658 1762 4695 com·

404 4730 536 4793 munitm,
560 4736 655 4782 tamen
674 4734 798 4783 nostrum
822 4727 1025 4797 speculatorem
1053 4727 1181 4780 altiorem
1209 4724 1399 4779 constituimus
1420 4738 1455 4776 ea
1474 4722 1605 4785 materia,
1635 4738 1706 4792 quae
1727 4723 1763 4777 ob

404 4808 475 4861 Solia
496 4808 667 4863 vicinitatem
688 4810 757 4862 adeo
779 4806 986 4878 resplendescit.

490 4886 534 4958 ⁹)
555 4889 652 4959 Tycha
678 4889 772 4942 Brahe
803 4904 875 4941 anno
905 4886 991 4941 1583.
1018 4886 1061 4939 14.
1084 4884 1178 4939 Martii
1204 4883 1273 4937 vidit
1292 4883 1399 4937 Lunam
1426 4880 1455 4934 in
1487 4874 1537 4934 15⁰
1562 4878 1601 4945 Υ,
1633 4898 1693 4934 cum
1714 4881 1763 4935 Sol

405 4968 547 5024 ooeidiuset
567 4968 596 5022 in
617 4961 650 5020 4⁰
678 4972 714 5036 Υ.
755 4968 827 5022 Erat
846 4967 926 5020 Luna
947 4966 974 5019 iu
996 4967 1079 5019 boreo
1100 4964 1195 5019 limite.
1220 4997 1255 5006 -
1278 4966 1524 5031 nicaenenses:
1545 4967 1610 5024 „Die
1625 4964 1764 5018 terrum

404 5048 489 5097 mem
505 5054 562 5111 port
584 5058 701 5096 oceasum
720 5043 783 5096 Solia
801 5046 917 5109 apparuit
933 5057 999 5093 nova
1017 5042 1098 5100 Luna,
1123 5042 1222 5093 adamat
1241 5041 1280 5092 dle
1299 5041 1407 5104 proxime
1427 5037 1587 5089 antecedenti
1605 5038 1630 5087 h.
1644 5036 1670 5088 8.
1689 5054 1712 5103 p.
1726 5054 1760 5089 m.

403 5115 479 5168 tuere
493 5116 671 5169 nuruum·
1486 5192 1519 5247 10
1527 5190 1547 5230 ·
