4584 6192
490 635 550 702 122
1012 643 1122 706 [parata
1140 643 1311 694 oeueaaoa

574 818 614 877 Et
648 816 706 875 duo
738 835 836 892 eraut,
871 837 945 896 quae
970 819 1119 898 Tychonis
1144 822 1254 882 Brahei
1288 837 1429 883 accurata
1461 823 1622 900 diligentia
1654 822 1785 901 primum
1815 823 1843 886 in

487 903 582 965 lucem
605 906 727 976 extulit,
763 910 801 967 ad
825 909 954 984 optieam
977 907 1135 967 scientiam
1160 911 1358 986 pertinentia:
1392 912 1520 971 alterum
1546 912 1583 969 de
1609 913 1844 974 relractione

489 991 645 1054 luminis
668 995 810 1066 siderum,
845 995 989 1071 reliquum
1013 996 1050 1053 de
1074 996 1321 1058 diminutione
1347 1000 1523 1060 diametri
1552 1000 1679 1060 Lunae
1705 1001 1735 1060 in
1761 1000 1844 1063 Solis

487 1081 634 1159 deliquiis.
672 1080 816 1151 Quamvis
841 1081 945 1142 etalii
970 1083 1101 1142 nonnulli
1124 1103 1178 1161 per
1203 1085 1281 1145 illius
1302 1088 1358 1146 riri
1383 1103 1575 1148 monumenta
1596 1099 1760 1150 occurrant
1776 1090 1843 1164 Ioci,

486 1168 593 1246 quibus
626 1185 812 1232 astronomos
847 1171 896 1231 ille
921 1169 959 1229 ad
990 1171 1104 1246 optices
1130 1173 1264 1233 rimanda
1296 1177 1438 1254 mysteria
1463 1177 1579 1236 remisit
1603 1191 1634 1236 et
1660 1177 1845 1239 adhortatus

486 1271 554 1316 est:
580 1258 653 1318 haec
677 1271 775 1319 tamen
800 1261 857 1319 duo
881 1259 983 1335 capita
1007 1274 1075 1317 sunt
1099 1262 1268 1338 potissima.
1316 1263 1354 1322 Et
1377 1265 1593 1325 ret'ractionum
1610 1265 1732 1343 quidem
1758 1287 1845 1328 men·

485 1363 586 1405 suram
600 1347 735 1406 Braheus
754 1349 791 1406 ad
816 1365 918 1407 omnes
942 1346 1111 1406 altitudinis
1135 1351 1245 1425 gradus
1266 1352 1427 1415 dih-:enter
1453 1353 1668 1430 investigarit:
1695 1356 1750 1415 sed
1776 1375 1843 1417 cum

485 1451 578 1493 causa
601 1454 758 1495 mensurae
782 1437 908 1495 nondum
933 1449 1014 1492 esset
1039 1434 1076 1492 ab
1100 1438 1209 1512 optieis
1234 1447 1407 1516 patefacta,
1443 1457 1535 1499 natae
1566 1455 1635 1500 sunt
1666 1443 1844 1522 implicatae

484 1519 652 1584 demando
676 1524 771 1603 deque
796 1523 953 1584 elementis
977 1522 1214 1600 disputationes.
1241 1547 1293 1586 uec
1319 1529 1395 1588 satis
1422 1530 1573 1608 liquebat,
1611 1531 1780 1592 eaedemne
1805 1552 1844 1592 an

482 1607 619 1671 diversae
643 1627 744 1672 essent
769 1612 905 1672 omnibus
929 1611 1113 1687 temporibus
1144 1615 1338 1693 omnibusque
1364 1617 1438 1676 loeis
1463 1617 1680 1678 retractiones:
1713 1639 1753 1680 ex
1784 1641 1843 1700 quo

482 1695 606 1777 denique
639 1702 790 1780 sequitur,
823 1711 856 1760 ut
888 1699 1063 1777 quandoque
1096 1698 1273 1761 obseruator
1307 1723 1379 1762 suae
1413 1705 1588 1782 diligentiae
1619 1721 1713 1785 atque
1739 1727 1842 1782 curae,

481 1801 568 1862 quam
592 1789 670 1849 inter
693 1788 912 1850 obseruandum
928 1786 1115 1858 adhibuerat,
1136 1789 1257 1851 nimium
1277 1791 1411 1850 tribuens
1430 1794 1585 1871 locumque
1611 1795 1723 1856 sideris
1747 1815 1843 1875 prae-

481 1873 626 1938 cisissime
659 1895 831 1956 supponens
865 1875 1033 1952 cognitum,
1067 1875 1338 1938 demonstrationes
1373 1881 1399 1939 in
1439 1882 1651 1943 dit'ticultatem
1683 1885 1843 1962 conjiciat,

479 1973 587 2026 natura
617 1967 754 2039 luminis,
786 1965 951 2041 opticarum
982 1981 1139 2024 cansarum
1170 1966 1372 2028 inconstantia
1396 1970 1611 2042 circumventi,
1645 1983 1768 2034 tantam
1794 1975 1843 2036 iu-

478 2059 711 2116 strumentorum
736 2052 939 2114 subtilitatem
970 2070 1027 2112 non
1058 2070 1177 2129 semper
1207 2055 1395 2116 admittente.
1444 2058 1478 2119 In
1505 2059 1561 2118 hoc
1586 2059 1692 2139 itaque
1718 2062 1843 2141 negotio

477 2152 568 2220 caput
590 2144 648 2206 lv.
673 2142 817 2205 insumsi:
850 2141 898 2201 cui
927 2154 1050 2217 propter
1072 2140 1274 2218 inquisitoris
1302 2145 1473 2204 methodum
1498 2148 1759 2223 praemittendum
1786 2151 1845 2212 luit

477 2230 598 2293 tertium
622 2245 652 2294 et
676 2252 749 2311 pars
772 2231 868 2310 primi.
902 2226 980 2297 Quin
1005 2227 1096 2288 etiam
1115 2228 1220 2289 umbra
1236 2230 1363 2292 Telluris
1378 2233 1406 2292 in
1431 2234 1672 2311 disputationem
1694 2238 1844 2312 trahitur;

475 2319 704 2384 retractionibus
728 2319 860 2381 inuentis
884 2332 914 2378 et
938 2316 1070 2395 cognito,
1095 2317 1174 2396 quod
1197 2319 1272 2378 radii
1291 2318 1370 2380 Solis
1391 2340 1448 2382 non
1469 2323 1585 2383 eisdem
1610 2325 1707 2385 rectis
1724 2327 1844 2388 alonte

477 2407 517 2468 ad
532 2410 654 2472 Terram
677 2428 771 2489 usque
785 2407 940 2486 multoque
963 2405 1059 2464 minus
1084 2406 1208 2466 ulterius
1234 2407 1397 2469 dimanent.
1435 2410 1530 2489 Atqui
1556 2410 1669 2472 haere
1695 2413 1725 2473 in
1752 2415 1844 2476 dubio

474 2509 633 2574 versante,
657 2498 867 2578 periclitamur
889 2496 927 2556 de
952 2495 1091 2554 uniuersa
1115 2494 1232 2554 ratione
1257 2495 1450 2556 dimensionis
1474 2516 1634 2575 corporum
1659 2502 1843 2565 coelestium

475 2587 525 2658 (ut
547 2605 623 2664 quae
646 2588 685 2648 ab
709 2587 816 2648 umbra
839 2585 951 2646 Terrae
975 2581 1142 2660 dependet)
1174 2582 1299 2644 horest
1330 2584 1366 2643 de
1397 2604 1447 2656 eo,
1484 2587 1562 2663 quod
1592 2587 1622 2647 in
1648 2592 1845 2654 astronomia

475 2677 770 2757 praestantissimum
793 2684 825 2736 et
848 2674 957 2752 uulgus
981 2671 1150 2731 admiratur
1174 2685 1203 2730 et
1227 2671 1397 2750 philosophi
1421 2674 1598 2736 collaudant
1622 2687 1718 2756 atque
1745 2699 1842 2742 uene-

473 2774 589 2827 rantur.
635 2765 685 2826 Ad
708 2764 851 2826 tuendam
876 2764 978 2840 itaque
1001 2760 1183 2837 dignitatem
1208 2762 1409 2820 astronomiae
1426 2777 1456 2822 et
1482 2763 1559 2823 hanc
1576 2765 1724 2829 hostilem
1749 2769 1843 2831 dnbi-

474 2852 600 2915 tationis
624 2873 724 2914 arcem
748 2851 995 2932 expugnandam,
1029 2847 1089 2907 etsi
1121 2849 1220 2925 capite
1246 2848 1301 2909 Il'.
1328 2864 1358 2909 et
1384 2850 1421 2910 Υ.
1457 2851 1570 2929 gradus
1604 2855 1702 2934 aliqui
1737 2857 1845 2938 magui

473 2943 574 3022 operis
597 2943 671 3004 lacti
694 2949 726 3003 et
748 2941 861 3021 ingenii
885 2939 951 3000 acie
975 2937 1061 3017 quasi
1084 2937 1113 2996 in
1137 2936 1314 2997 durissimas
1346 2957 1436 3016 rupes
1460 2939 1546 2999 incisi
1579 2953 1686 3004 erant:
1721 2953 1845 3008 tantum

472 3041 574 3094 umen
598 3032 742 3092 remansit
766 3031 893 3102 laboris,
925 3039 959 3088 ut
989 3044 1064 3103 opus
1089 3039 1170 3085 esset
1201 3026 1345 3103 peculiari
1369 3027 1469 3105 capite
1493 3028 1566 3090 tn.
1614 3028 1688 3092 Jam
1715 3033 1747 3094 iu
1772 3035 1844 3097 dia-

471 3120 576 3182 metris
600 3121 806 3192 luminarium,
832 3119 911 3197 quod
935 3136 972 3176 er
995 3112 1159 3195 propositis
1177 3114 1230 3173 luit
1248 3115 1385 3186 alterum,
1412 3116 1437 3175 si
1454 3116 1521 3194 quid
1543 3119 1658 3178 erroris
1674 3124 1845 3186 committit

470 3210 569 3281 visus,
594 3210 623 3269 id
647 3229 715 3269 cum
739 3210 769 3269 in
792 3207 963 3268 uniuersam
979 3203 1145 3263 doctrinam
1162 3202 1315 3280 eclipsium
1340 3217 1402 3263 tum
1417 3204 1545 3265 maxime
1571 3205 1600 3266 in
1627 3207 1708 3270 hauc
1735 3212 1842 3286 etiam,

470 3315 559 3377 qnam
583 3298 661 3367 dixi,
693 3314 851 3376 corporum
874 3293 1050 3355 coelestium
1074 3290 1288 3352 dimensionem
1312 3292 1470 3352 redundat.
1518 3294 1627 3373 Itaque
1653 3306 1687 3357 ut
1713 3299 1842 3362 tabulae

469 3395 618 3459 motuum,
643 3403 718 3465 quas
748 3383 881 3445 auctoris
905 3397 1002 3442 morte
1026 3380 1208 3456 interruptas
1234 3379 1288 3439 hoc
1313 3394 1445 3457 tempore
1463 3381 1616 3459 Majestas
1643 3396 1699 3446 tua
1723 3406 1842 3467 propo·

470 3473 533 3536 suit
556 3473 758 3535 absolvendas
782 3472 871 3551 idque
886 3489 944 3531 nou
960 3468 1083 3529 minimo
1103 3479 1201 3529 sumtu
1225 3485 1382 3545 procurat.
1410 3485 1441 3528 ut
1464 3469 1521 3528 hae
1547 3470 1671 3549 inquam
1697 3475 1728 3536 in
1750 3488 1843 3554 parte

469 3561 517 3623 sni
540 3560 782 3642 spectatissima,
807 3560 844 3620 de
860 3558 942 3620 Solis
965 3569 997 3618 et
1012 3557 1117 3616 Lunae
1141 3556 1302 3626 laboribus,
1330 3575 1414 3616 suam
1430 3558 1680 3621 nanciscerentur
1706 3563 1840 3644 integri-

469 3659 583 3724 tatem,
608 3668 726 3709 omnem
750 3648 881 3727 lapidem
904 3645 1096 3717 mouendum,
1121 3645 1192 3705 nihil
1218 3646 1294 3722 quod
1320 3644 1554 3707 haesitationem
1579 3648 1716 3727 aliquam
1741 3655 1841 3715 reliu-

469 3758 561 3820 quere
583 3751 704 3820 posset,
728 3736 979 3817 praetereundum
1003 3753 1072 3794 esse
1095 3734 1207 3794 censui.
1255 3731 1413 3802 Quatenus
1438 3735 1528 3812 igitur
1553 3735 1762 3802 instrumenta
1783 3761 1841 3804 uos

469 3829 577 3891 fallere
601 3826 723 3907 possint
745 3827 774 3888 in
799 3823 1026 3885 dimetientibus
1050 3822 1238 3883 IumInarium
1262 3822 1463 3900 explorandis,
1489 3825 1591 3901 capite
1608 3826 1647 3886 II.
1670 3830 1841 3909 explicari:

470 3925 621 3999 quatenus
644 3933 716 3976 vero
740 3916 824 3976 risus
847 3913 912 3990 ipse
935 3913 977 3972 sit
1000 3911 1148 3971 erroribus
1172 3909 1332 3980 obnoxius,
1367 3911 1466 3972 dicere
1491 3931 1557 3973 sum
1587 3932 1756 3992 aggressus
1782 3940 1839 3982 ca-

470 4007 534 4086 pite
558 4007 597 4066 I'.
645 4003 779 4084 Cumque
804 4001 895 4063 luerit
919 4010 984 4061 tota
1009 3999 1091 4058 visus
1116 3999 1193 4058 ratio
1213 4015 1250 4056 ex
1270 3998 1386 4075 integro
1402 4000 1593 4077 explicanda,
1614 4021 1693 4081 quae
1719 4009 1841 4070 refrac-

469 4095 602 4155 tionibus
625 4093 779 4173 perficitur
802 4101 833 4151 et
856 4086 1045 4150 simulachris
1069 4105 1166 4147 rerum
1190 4086 1319 4145 visarum
1337 4098 1367 4148 et
1392 4088 1550 4161 coloribus,
1576 4108 1634 4151 nou
1652 4093 1746 4156 debet
1772 4098 1841 4158 cui-

469 4200 559 4262 qnam
582 4182 679 4244 rideri
702 4180 824 4252 mirum,
850 4178 876 4238 si
901 4177 1000 4255 capite
1016 4175 1073 4236 II'.
1100 4176 1128 4235 iu
1153 4175 1219 4234 coui
1243 4176 1409 4248 sectiones,
1435 4178 1650 4240 refractionum
1671 4183 1752 4244 oculi
1775 4187 1840 4248 Ior-

470 4271 628 4342 matrices,
663 4270 764 4348 capite
789 4269 828 4328 II.
861 4267 890 4326 in
924 4265 1100 4344 spectacula
1133 4264 1234 4342 optica
1265 4261 1313 4323 Jo.
1337 4265 1427 4343 Bapt.
1453 4266 1580 4338 Portae,
1616 4272 1719 4348 capite
1745 4273 1773 4336 Ι.
1809 4274 1841 4335 ἰη

469 4364 606 4419 naturam
633 4359 708 4419 lucis
732 4369 764 4418 et
787 4358 935 4424 colorum,
960 4365 992 4414 et
1016 4353 1087 4412 aiibi
1103 4353 1132 4412 in
1150 4352 1209 4411 alia
1224 4353 1313 4430 paulo
1331 4354 1447 4432 longius
1473 4375 1538 4415 sum
1552 4356 1723 4434 digressus.
1758 4362 1841 4424 Nam

468 4446 590 4507 etiamsi
613 4447 653 4507 ad
676 4446 892 4508 astronomiam
907 4443 979 4504 nihil
1003 4443 1204 4502 conducerent
1229 4441 1284 4500 hae
1300 4443 1459 4516 materiae,
1483 4462 1538 4522 per
1557 4465 1589 4505 se
1606 4457 1710 4508 tamen
1727 4449 1841 4531 dignae

467 4537 590 4614 cognitu
614 4546 695 4596 sunt.
743 4534 875 4594 Rursum
898 4531 998 4611 capite
1014 4531 1070 4591 1x.
1088 4529 1231 4600 inventis,
1259 4531 1336 4607 quod
1360 4531 1450 4609 vulgo
1468 4532 1561 4593 fertur
1586 4534 1686 4606 laci1e,
1713 4537 1842 4602 inventa

466 4625 570 4685 addidi
596 4639 626 4684 et
651 4625 709 4684 has
734 4621 921 4683 luminarium
946 4619 1138 4681 dimetientes
1162 4617 1248 4677 docui
1272 4618 1348 4678 citra
1374 4621 1483 4681 erroris
1515 4621 1614 4681 aleam
1648 4643 1840 4701 mensurare,

467 4714 570 4793 capite
595 4714 684 4774 I'III.
708 4731 800 4782 vero,
826 4711 984 4771 occasione
999 4707 1081 4767 Solis
1105 4705 1269 4782 eclipsium,
1297 4707 1374 4767 inter
1398 4729 1430 4768 se
1456 4727 1644 4788 comparare.
1693 4713 1736 4774 Et
1763 4716 1842 4778 hac·

466 4809 556 4862 tenus
580 4800 701 4882 quidem
719 4799 824 4880 Tycho
847 4800 948 4859 Brahe
973 4798 1045 4857 mihi
1070 4795 1259 4856 occasionem
1285 4795 1434 4856 scribendi
1459 4799 1653 4875 praebuerat.

555 4895 600 4952 At
625 4908 692 4950 cum
717 4907 793 4966 quae
814 4889 878 4966 jam
902 4887 1055 4947 recensita
1078 4899 1164 4946 sunt.
1197 4884 1385 4961 potissimam
1411 4905 1511 4945 eorum
1536 4901 1655 4965 partem
1680 4894 1842 4971 complec-

466 4985 580 5053 tantur,
604 4998 682 5059 quae
707 4977 746 5036 de
770 4975 957 5036 astronomia
981 4975 1039 5034 dici
1064 4992 1102 5032 ox
1126 4971 1226 5047 optira
1242 4989 1379 5049 possunt,
1405 4974 1529 5053 jamque
1554 4976 1631 5037 liber
1655 4997 1736 5057 pene
1762 4983 1842 5044 titu-

467 5066 527 5126 tum
556 5077 723 5129 mereretur
751 5063 1012 5126 Astrouomiae
1036 5060 1223 5137 Opticae,
1247 5079 1355 5137 operae
1380 5064 1588 5141 compendium
1612 5083 1660 5127 me
1686 5069 1843 5132 faetttrum

466 5154 587 5232 putari,
622 5156 666 5224 si,
695 5152 872 5236 quantulum
896 5159 963 5211 erat
987 5148 1114 5220 residui,
1140 5156 1172 5205 et
1196 5147 1291 5224 ipsum
1315 5150 1523 5230 adjungerem:
1557 5165 1648 5217 erant
1670 5165 1778 5222 autem
1803 5161 1842 5222 de
