4584 6192
929 639 973 675 san
989 624 1125 676 Mercurius
1142 627 1168 675 in
1187 623 1245 675 Sole
1265 627 1337 675 visua.
1737 620 1803 693 867
1912 614 1914 622 '

466 800 546 861 ditos
570 819 651 873 ease,
685 798 727 893 sip
750 817 806 877 ego
829 819 882 880 pro
906 801 1023 864 laetitla
1054 820 1217 863 moerorem
1241 801 1295 863 tibi
1327 819 1422 862 meum
1453 800 1554 880 potius
1586 801 1802 881 epigrammate

467 889 613 967 prodam?
634 888 713 949 Nam
737 888 806 966 quid
829 889 883 951 tihi
907 908 963 966 ego
986 890 1106 951 dicam?
1131 888 1206 952 Cum
1229 886 1283 951 28.
1302 889 1376 968 Maji
1399 892 1603 968 spectaculum
1626 889 1681 952 hoo
1705 912 1804 955 assem

466 987 582 1050 nactus,
606 976 742 1056 sequenti
765 974 817 1039 30.
832 978 906 1057 Maji
930 979 1045 1039 Helena
1068 979 1176 1053 Maria,
1201 979 1263 1040 lilia
1284 978 1416 1040 lllustris
1436 978 1502 1039 Viri
1515 979 1553 1041 D.
1570 978 1696 1042 Joannis
1719 981 1804 1043 Mat-

466 1067 548 1129 thaei
577 1065 749 1129 Waclrherii
780 1086 798 1126 a
828 1067 1021 1129 Wachenfela
1051 1067 1169 1147 Equitio
1196 1067 1312 1141 aurati,
1343 1066 1502 1145 Rudolpho
1526 1068 1565 1129 II.
1599 1068 1801 1133 Romanorum

466 1156 641 1235 Imperatori
664 1175 684 1215 a
710 1156 842 1216 consiliis
869 1156 993 1229 aulicis,
1028 1157 1215 1235 virguncula,
1249 1176 1324 1235 quae
1355 1157 1485 1234 nondum
1516 1156 1662 1219 decimum
1692 1180 1801 1222 aunum

466 1263 590 1323 egressa
613 1245 726 1306 latinae
749 1244 867 1323 linguae
891 1246 1054 1330 artiumque
1079 1245 1242 1307 liberalium
1271 1245 1439 1324 cognitione
1463 1252 1495 1306 et
1517 1246 1658 1308 exercitio
1682 1249 1803 1311 rarissi-

466 1334 523 1395 mis
546 1335 657 1410 aetatis
681 1342 801 1394 nostrae
825 1335 969 1414 exemplis
992 1335 1207 1414 comparanda,
1236 1334 1394 1396 matronali
1417 1334 1591 1413 prudentia,
1614 1355 1691 1415 pene
1714 1357 1806 1418 supra

465 1442 570 1486 sexum
584 1420 674 1486 etiam
693 1424 827 1484 omnibus
850 1422 992 1485 miraculo
1008 1423 1073 1497 luit,
1094 1421 1233 1485 eximium
1249 1422 1427 1485 Germaniae
1444 1424 1534 1487 decus
1553 1424 1662 1500 futura,
1682 1426 1804 1488 variolis

466 1512 686 1592 exstinguitur:
708 1512 793 1591 cujus
812 1513 928 1591 puellae
949 1512 1089 1574 virtutem
1104 1512 1252 1594 animique
1271 1513 1357 1574 dotes
1375 1531 1441 1573 curu
1459 1512 1649 1576 acerbissima
1674 1515 1805 1577 dolerem

466 1602 645 1675 exstinctas,
670 1602 853 1682 compatris
877 1601 1000 1663 Patroni
1023 1601 1080 1662 mei
1103 1600 1207 1680 optimi
1230 1601 1393 1682 matrisque
1415 1602 1717 1675 beneficentissimae,
1741 1614 1803 1665 tum

467 1691 559 1752 etiarn
581 1691 638 1751 mei
657 1690 767 1752 amoris
791 1691 992 1763 causa,1illas
1010 1699 1042 1751 ut
1060 1690 1142 1770 potui
1167 1689 1384 1752 immortalitati
1407 1692 1589 1767 consecrari,
1613 1692 1804 1773 laetitiaeque

467 1780 547 1841 illius
571 1787 602 1840 et
625 1779 768 1856 moeroris
803 1779 889 1857 hujus
919 1779 1086 1840 contrarios
1120 1778 1245 1839 auectus
1274 1779 1378 1840 eadem
1407 1781 1516 1841 mantia
1546 1780 1711 1861 agitatione
1731 1801 1804 1863 ‚per-

466 1868 606 1943 miscens,
632 1888 696 1930 cum
720 1888 814 1948 ueque
839 1868 1042 1947 spectaculum
1065 1887 1161 1930 meum
1185 1867 1313 1946 digniori
1335 1868 1479 1948 allegoria
1502 1888 1596 1952 noque
1620 1872 1716 1933 latum·
1736 1890 1805 1933 cru-

467 1957 651 2020 delissimum
675 1959 779 2019 domus
803 1957 1001 2019 amicissimae
1025 1957 1189 2019 honestiori
1213 1958 1389 2021 emblemata
1413 1976 1556 2021 exornare
1579 1978 1707 2040 possem,
1732 1961 1805 2023 haec

466 2047 546 2108 inter
569 2056 670 2109 cetera
693 2066 758 2110 sum
782 2047 945 2109 meditatus
968 2046 1194 2126 epigrammata.
1531 2073 1533 2076 ·

818 2242 861 2314 In
888 2190 1041 2340 persona
1068 2240 1224 2315 Helenes
1258 2241 1455 2313 defunctae.
1532 2276 1539 2290 ·

673 2401 859 2465 ‚credideras
883 2410 948 2465 toto
971 2402 1096 2483 periisse
1120 2421 1159 2464 ex
1180 2401 1302 2464 aethere
1326 2400 1408 2462 sidus

730 2492 929 2571 Majugenae,
954 2492 984 2553 iu
1008 2492 1106 2553 radios
1131 2511 1165 2551 se
1189 2490 1258 2571 qaia
1280 2489 1463 2554 condiderat.

678 2579 733 2643 Sol
757 2590 849 2659 negat
871 2581 1026 2649 obnitena:
1052 2580 1154 2643 Solem
1178 2580 1244 2660 quis
1267 2599 1339 2641 vera
1361 2598 1470 2659 negare

731 2670 899 2749 Arguerit?
923 2670 1004 2733 Solis
1028 2678 1137 2732 cuncta
1159 2669 1263 2731 vident
1285 2668 1372 2740 oculi,

679 2757 795 2822 Cuncta
817 2760 914 2839 aperit
937 2761 1062 2840 lampas,
1088 2760 1192 2841 clypeo
1216 2778 1253 2820 en
1276 2758 1332 2820 tibi
1355 2756 1437 2820 aidus
1460 2757 1578 2840 inipso

730 2848 874 2924 Luminis,
898 2850 1019 2929 ignarus
1043 2848 1231 2930 quodmodo
1254 2846 1437 2927 perdideras.
1467 2884 1469 2891 ·

677 2935 730 2999 Sol
753 2937 836 2999 Deus
860 2947 925 3013 est,
949 2939 1077 3000 Hermes
1097 2956 1176 3017 ego,
1201 2936 1308 3008 lumen,
1332 2935 1428 3015 gloria
1450 2934 1531 2999 vitae
1618 2983 1625 2997 .
1726 3014 1731 3023 ⁵

731 3024 867 3101 Coclitis,
891 3027 1028 3089 humanis
1052 3046 1098 3088 me
1122 3026 1251 3105 eripiens
1275 3025 1378 3087 oculis.

678 3113 710 3176 Si
734 3116 816 3177 Deus
840 3124 887 3177 est
905 3117 1017 3195 justus,
1041 3125 1113 3197 post
1136 3124 1261 3177 mortem
1284 3115 1341 3177 erit
1364 3113 1462 3176 altera
1484 3114 1564 3176 vita:

732 3205 876 3267 Justitiae
899 3206 956 3267 soli
978 3205 1100 3267 subdita
1123 3223 1182 3267 uon
1204 3223 1304 3285 pereo.

472 3364 718 3479 Spectaculum
746 3384 958 3456 astronomis
985 3382 1276 3481 pulcherrimm
1304 3380 1521 3482 paulopost
1552 3384 1804 3467 occubiturum,

754 3491 866 3564 nubes
895 3504 977 3563 ante
1004 3503 1147 3589 tempus
1176 3490 1283 3563 etiam
1310 3491 1523 3589 eripuerunt.

735 3651 873 3714 Vidimus
896 3652 973 3713 haud
997 3649 1048 3711 ulli
1071 3648 1168 3711 visum
1191 3649 1247 3712 nisi
1271 3650 1388 3713 nomina
1412 3669 1509 3724 casso

787 3740 933 3820 Scriptori
956 3741 1036 3801 vitae
1061 3738 1169 3802 Carole
1192 3740 1303 3817 Magne
1326 3746 1405 3813 tuae,

735 3829 835 3909 Atque
860 3830 965 3901 Arabi,
988 3830 1035 3890 cui
1058 3828 1124 3890 Rue
1147 3837 1215 3890 sato
1238 3846 1417 3906 cognomen;
1441 3835 1476 3889 at
1496 3826 1569 3888 illud

786 3919 934 3980 Alterutri
957 3917 1052 3979 visum
1076 3918 1126 3978 vix
1148 3917 1205 3978 duo
1228 3915 1428 3978 crediderant.
1517 3913 1519 3916 ’
1630 3986 1632 3988 ,

734 4007 881 4080 Vidimus,
906 4016 995 4087 atque
1019 4007 1121 4068 oculos
1144 4006 1242 4084 cupidi
1265 4004 1378 4067 satiare
1399 4004 1527 4068 videndo

788 4095 912 4158 Turbati
936 4094 1046 4156 sensim
1070 4094 1140 4157 Sole
1156 4095 1290 4156 cadente
1313 4114 1425 4157 sumus.

734 4187 816 4246 Ante
840 4186 893 4245 sed
916 4204 1054 4246 occasum
1076 4185 1181 4266 clypeo
1204 4184 1343 4246 interiore
1366 4190 1505 4263 receptus

787 4274 953 4336 Firmasaet
974 4273 1076 4334 crebro
1100 4282 1180 4338 teste
1203 4273 1327 4353 planeta
1348 4272 1444 4335 fldem

735 4363 845 4424 Invidit
867 4364 970 4436 nubes,
995 4363 1135 4424 tenebras
1159 4363 1292 4437 obduxit,
1316 4370 1349 4424 et
1370 4374 1455 4424 astra

787 4454 868 4515 Anto
891 4452 1134 4533 propinquantem
1159 4452 1293 4514 condidit
1315 4452 1493 4514 occubitum.

735 4558 801 4621 Non
824 4558 1069 4638 magis-indoluit
1092 4578 1181 4620 cerva
1203 4567 1346 4637 pereunte
1370 4557 1544 4630 Petrarcha,

788 4648 885 4719 Quam
909 4648 993 4727 niger
1016 4656 1105 4727 atque
1130 4648 1216 4709 albus
1238 4648 1406 4727 corripuere
1429 4664 1538 4720 canes3

736 4738 821 4800 Nave
844 4738 919 4800 mari
942 4740 1047 4811 fracta,
1071 4755 1217 4820 versaque
1241 4757 1260 4797 a
1283 4736 1405 4798 fulmine
1428 4737 1532 4809 lanro;

788 4830 883 4889 Fonte
906 4846 991 4888 sacro
1015 4827 1044 4887 in
1068 4844 1173 4887 coecos
1197 4825 1351 4887 deficiente
1375 4826 1476 4900 sinus3

736 4917 884 4979 Phoenice
908 4936 923 4976 e
946 4916 1035 4978 terris
1058 4933 1170 4977 vacuas
1193 4915 1319 4977 abeunte
1342 4934 1395 4995 per
1418 4930 1525 4988 auras;

747 5047 748 5053 κ
789 5007 944 5079 lllarccnte
968 5024 1005 5067 ex
1028 5023 1126 5066 morsu
1150 5004 1294 5086 Virgineo
1318 5024 1369 5077 ore
1391 5004 1488 5084 pedis.

691 5156 693 5159 ,
736 5096 849 5176 Accipe
872 5113 947 5157 nuno
970 5113 1066 5166 omen,
1088 5102 1247 5174 praestans
1271 5111 1288 5154 o
1311 5092 1434 5173 virginis
1458 5092 1562 5166 instar,

788 5183 831 5247 Et
852 5184 998 5250 medicam
1020 5202 1110 5265 porro
1131 5202 1274 5266 quaerere
1296 5183 1398 5245 desine
1422 5200 1518 5262 opem.
