4584 6192
948 576 980 631 de
997 577 1192 646 rebus·0ptlcis.
1685 575 1748 647 109

390 752 457 813 nodi,
475 751 537 802 licet
554 752 654 803 iuterim
675 753 818 804 nullatenus
842 754 993 813 concedam,
1019 771 1103 807 reram
1123 772 1178 807 esse
1202 757 1398 808 observationem
1417 771 1482 807 suno
1500 754 1560 806 8⁰8.
1599 756 1748 817 causaest,

390 823 453 888 quod
469 823 526 872 rudi
544 823 586 872 illo
605 824 689 873 seculo
707 833 754 874 tus
772 825 917 875 observandi
935 828 998 876 ratio
1018 834 1044 877 et
1062 828 1185 878 subtilitas
1203 830 1276 892 plane
1295 830 1382 893 ignota
1400 829 1482 885 luerit,
1501 829 1534 877 ad
1546 829 1624 878 risum
1641 844 1698 878 vero
1717 828 1748 879 de

390 894 549 956 sejudicare
568 894 632 944 velle
652 895 852 945 absurdissimum
871 902 921 955 est,
943 912 999 947 cum
1018 898 1047 947 ob
1073 899 1208 949 exilitatem
1227 899 1343 949 Mercurii
1362 907 1415 948 tum
1433 899 1588 962 splendorem
1607 897 1670 948 Solis
1688 913 1747 949 ocu·

390 965 467 1014 lorum
486 966 569 1013 aciem
587 968 802 1030 perstringentem
841 965 955 1017 Secundo
972 968 1090 1017 nodorum
1108 978 1189 1019 motus
1208 986 1256 1019 nou
1280 970 1747 1034 respoudet;uamsi1urtapropo-

389 1037 463 1085 situm
481 1033 532 1085 65ι
548 1050 627 1100 usque
654 1036 703 1087 lruc
730 1038 922 1100 processissent
950 1046 1010 1088 tunc
1029 1053 1045 1087 a
1063 1040 1206 1091 Ptolemaeo
1235 1041 1268 1091 ad
1286 1039 1338 1089 808
1358 1041 1390 1090 ad
1416 1036 1465 1088 30⁰
1481 1042 1665 1104 processissent,
1685 1040 1749 1106 quod

392 1121 448 1156 cunr
464 1106 611 1157 Ptolemaeo
629 1123 679 1156 uou
698 1110 829 1157 consentit

476 1176 518 1227 Ad
537 1184 658 1227 contenta
674 1178 800 1228 literarum
814 1180 919 1243 priorum
932 1193 1024 1242 quaeso
1036 1181 1108 1229 simul
1122 1195 1178 1230 cum
1191 1182 1228 1231 his
1247 1182 1407 1245 respondeas,
1427 1197 1474 1233 uec
1492 1189 1605 1231 mutuam
1623 1181 1750 1232 literarum

389 1249 640 1299 communicationem
659 1249 710 1298 alto
736 1250 834 1299 silentio
852 1249 940 1305 tollas,
969 1251 1013 1300 sed
1038 1253 1137 1314 saepius
1155 1252 1204 1301 huc
1231 1255 1333 1303 scribas.
1371 1252 1426 1314 Quo
1445 1255 1545 1317 saepius
1563 1253 1699 1315 scripseris,
1719 1267 1749 1303 eo

389 1319 532 1384 diligentius
551 1321 579 1367 iu
597 1320 844 1383 contemplationibus
863 1320 977 1369 Urauicis
995 1323 1154 1387 progredior;
1174 1323 1307 1373 destitutus
1326 1338 1382 1373 roro
1400 1323 1491 1373 haereo
1510 1325 1536 1372 iu
1554 1324 1663 1374 latebris.

478 1390 506 1441 Si
525 1389 559 1439 ad
577 1398 687 1440 nostrum
706 1390 887 1441 cancellarium
906 1391 937 1440 de
955 1392 1022 1441 tiliae
1040 1401 1099 1442 tuae
1117 1395 1206 1443 marito
1232 1396 1338 1445 scribere
1356 1395 1454 1458 placet,
1474 1409 1520 1460 ego
1539 1395 1624 1444 literas
1643 1394 1750 1444 fideliter

390 1462 482 1512 custo
501 1468 528 1512 et
546 1476 599 1510 rem
617 1469 739 1525 quantum
756 1477 855 1525 possum
873 1463 973 1527 urgebo.

477 1532 551 1582 Haec
579 1540 638 1582 suut
664 1548 728 1597 qnae
747 1533 777 1581 de
798 1532 891 1596 Opticis
921 1534 1086 1597 similibusque
1113 1550 1157 1598 per
1183 1535 1268 1585 literas
1296 1542 1401 1600 egerunt
1422 1535 1547 1599 Keplerus
1565 1541 1591 1584 et
1609 1535 1746 1585 Fabricius.

390 1604 448 1654 Alis
464 1603 609 1669 leguntur'
601 1618 628 1651 m
649 1604 842 1667 praefationibus
860 1604 994 1654 nostrised
1009 1604 1225 1666 Calendariadsc,
1246 1606 1379 1655 librumde
1397 1620 1462 1655 uora
1479 1606 1553 1655 stella
1565 1612 1591 1654 et
1601 1608 1747 1669 praesertim

391 1675 423 1725 sd
441 1673 629 1723 commentaria
645 1673 741 1723 Martis.
779 1675 830 1723 illis
853 1689 909 1725 sero
938 1675 1099 1740 adjungenda
1125 1684 1185 1726 suut
1207 1691 1297 1741 pauca,
1325 1692 1389 1741 quae
1414 1676 1538 1741 Keplerus
1562 1690 1618 1726 cum
1637 1677 1748 1728 Fabricio
1827 1733 1838 1754 .

391 1748 442 1812 egit
453 1745 561 1809 epistola
578 1746 643 1808 typis
660 1746 788 1808 impressa.

478 1834 658 1889 Fabricius,
671 1847 746 1897 quum
759 1833 792 1883 ad
803 1834 911 1897 proxime
924 1835 1073 1896 praemissas
1082 1835 1168 1884 literas
1181 1835 1273 1884 nullam
1286 1835 1387 1899 Kepleri
1405 1836 1587 1898 responsionem
1601 1837 1747 1900 accepisset,

392 1919 466 1970 segre
483 1906 567 1954 isreus
593 1906 620 1953 iu
645 1905 810 1970 Prognosticis
830 1919 951 1954 annorum
977 1902 1117 1965 ,rsit-w
1145 1906 1213 1955 illum
1240 1907 1337 1969 publico
1365 1921 1477 1956 sermone
1505 1906 1574 1956 adiit.
1620 1907 1660 1956 Ad
1684 1907 1747 1957 baec

391 1976 516 2040 respoudit
533 1975 657 2040 Keplerus
675 1977 701 2024 iu
718 1977 873 2040 praelatione
892 1975 925 2024 ad
943 1976 1118 2039 Ephemerides
1136 1979 1196 2026 anui
1218 1976 1283 2025 1617
1303 1977 1369 2027 bunc
1386 1978 1413 2026 iu
1430 1977 1545 2027 modum:

478 2066 612 2144 Tempus
646 2073 696 2126 eet
728 2074 758 2125 et
789 2064 901 2125 invitat
933 2064 1078 2138 materia,
1112 2074 1145 2126 ut
1178 2067 1217 2126 ad
1250 2067 1292 2126 Te
1325 2074 1502 2140 convertar,
1536 2065 1748 2127 sollertissime

393 2153 522 2228 Fabrici,
546 2153 655 2215 Amice
670 2153 819 2226 Uranice;
844 2173 898 2214 uec
923 2154 1001 2214 enirn
1021 2154 1198 2232 dignitatem
1218 2153 1307 2232 hujus
1328 2155 1463 2228 nominis,
1484 2173 1543 2234 qua
1564 2173 1611 2215 me
1635 2155 1749 2216 cultunr

394 2251 424 2304 et
445 2251 588 2303 ornatum
612 2241 745 2314 voluisti,
770 2260 835 2302 cum
859 2242 1073 2303 consuetudine
1098 2243 1202 2304 literas
1226 2243 1266 2303 ad
1285 2252 1315 2303 te
1339 2243 1476 2304 mittendi
1500 2243 1634 2321 deposui.
1669 2241 1748 2304 Suc-

394 2331 554 2405 censuisti‚
581 2330 692 2405 fateor,
727 2330 960 2404 conticesceuti3
994 2331 1104 2391 sedet
1135 2331 1274 2410 fatigasti
1306 2331 1750 2410 responsantem,Ecl10mea

394 2439 548 2500 germana,
574 2413 703 2481 cuicum
723 2428 807 2480 esset
825 2419 1017 2480 concedenda
1031 2438 1090 2479 vox
1113 2420 1229 2491 ultima,
1255 2420 1285 2480 id
1306 2428 1354 2481 est
1371 2420 1463 2499 priori
1482 2420 1555 2480 mihi
1577 2420 1747 2493 tacendum,

395 2528 451 2570 nou
483 2527 599 2587 magua
630 2508 832 2569 sollicitudine
866 2507 956 2569 animi
988 2508 1075 2569 finem
1108 2507 1353 2587 reciprocationis
1390 2509 1473 2570 illum
1510 2509 1623 2583 statui,
1662 2527 1749 2589 quem

394 2605 511 2677 tempus
536 2597 651 2671 suasit;
675 2616 740 2657 cum
765 2596 1015 2675 occupatissimus
1042 2597 1071 2657 iu
1097 2595 1328 2658 Commentariis
1363 2597 1472 2658 Martis
1503 2597 1628 2658 edendis
1656 2616 1749 2677 opera

394 2685 516 2766 publica
538 2686 677 2765 privatae
701 2685 905 2764 responsionis
928 2685 1059 2764 gratiam
1082 2704 1128 2746 me
1152 2686 1354 2747 redemturum
1377 2685 1506 2764 speravi.

481 2773 531 2835 Ex
554 2774 607 2836 illo
631 2783 765 2853 ternpore
790 2775 958 2835 frustratu
982 2775 1097 2836 rotulae
1116 2782 1188 2835 tuae
1211 2774 1399 2854 magneticae
1422 2774 1551 2835 iudicem
1573 2772 1603 2834 in
1628 2771 1747 2836 literam

395 2865 424 2925 A
446 2862 607 2936 direxisti,
646 2871 680 2923 ut
703 2863 786 2924 etin
814 2881 882 2923 mea
914 2863 1030 2938 rotula,
1062 2881 1116 2940 per
1147 2864 1339 2943 longinquum
1367 2864 1423 2924 hoc
1457 2864 1592 2924 occultae
1626 2862 1748 2923 virtutis

396 2952 623 3023 commercium,
648 2950 782 3012 efficeres
806 2951 904 3025 idem3
937 2951 990 3011 alii
1018 2951 1090 3011 mihi
1122 2964 1279 3030 magnetes
1308 2970 1346 3010 ex
1372 2951 1537 3031 propinquo
1570 2949 1750 3027 ingruebant

395 3044 505 3104 naute
529 3040 724 3114 valentiores,
750 3041 857 3101 effectu
881 3051 950 3101 tuae
974 3040 1135 3113 contrario,
1160 3050 1193 3101 ut
1215 3059 1308 3119 penes
1327 3059 1374 3101 me
1400 3040 1487 3101 litera
1511 3040 1593 3100 nulla
1615 3038 1747 3100 crebrius

396 3129 578 3192 iudicaretur
601 3128 649 3202 iis,
675 3147 749 3208 quas
773 3128 867 3189 Dolor
891 3138 922 3189 et
937 3128 1050 3188 Luctus
1075 3136 1107 3189 et
1120 3129 1205 3189 Mors
1229 3137 1259 3190 et
1279 3126 1414 3203 Orbitas,
1440 3138 1471 3189 et
1493 3128 1582 3189 Bella
1605 3135 1635 3188 et
1660 3127 1747 3188 Lites

397 3219 546 3299 praefixas
570 3225 696 3297 gestant
719 3217 749 3277 in
773 3216 930 3290 frontibus,
956 3225 987 3277 et
1010 3217 1143 3279 Pecunia
1165 3218 1194 3278 iu
1219 3216 1357 3296 occipite,
1382 3227 1413 3279 et
1436 3218 1474 3279 ab
1499 3217 1603 3278 eadem
1628 3216 1747 3297 syllaba

397 3307 593 3387 incipientes:
626 3306 771 3385 Migratio
804 3314 835 3366 et
862 3305 1001 3374 Miseria,
1034 3326 1110 3385 quae
1141 3306 1204 3380 „Mi
1227 3307 1257 3367 fa
1280 3307 1360 3368 lasso
1384 3306 1550 3385 lanquire.“
1599 3303 1747 3376 Crudelis,

398 3398 445 3478 qui
468 3395 751 3469 silentiummeum,
777 3393 831 3455 sub
862 3413 920 3474 quo
949 3414 1002 3456 ceu
1027 3395 1190 3473 ligamento
1215 3396 1344 3476 quodam
1367 3395 1418 3456 vix
1441 3414 1512 3474 agre
1536 3394 1750 3456 coalescebant

397 3486 506 3548 mentis
538 3485 680 3554 vulnera,
712 3483 840 3563 publicis
872 3483 1019 3544 machinis
1050 3484 1181 3544 admotis
1214 3484 1295 3546 uisus
1326 3503 1359 3545 es
1392 3502 1563 3563 expugnare
1596 3483 1749 3563 linteaque

397 3574 587 3637 cicatricibus
611 3573 740 3633 nondum
760 3571 898 3633 obductis
919 3572 1072 3633 revellere.
1091 3569 1116 3651 ²)
1158 3574 1268 3635 Verum
1287 3592 1346 3635 nou
1368 3582 1417 3635 est
1440 3573 1582 3651 suspicax
1600 3572 1749 3644 charitas;

396 3665 518 3743 ignarus
541 3661 764 3741 aegritudinum
797 3680 930 3722 mearum
954 3661 1055 3735 fuisti,
1089 3662 1205 3723 veniam
1236 3669 1367 3723 meretur
1397 3680 1481 3723 amor
1504 3669 1626 3734 noster,
1660 3678 1750 3739 quam

396 3772 454 3815 uon
478 3752 568 3814 aliter
590 3769 638 3811 me
662 3750 718 3811 tibi
749 3749 877 3830 probare
910 3768 1032 3828 possum
1064 3750 1239 3826 indulsisse,
1273 3770 1362 3831 quam
1389 3750 1415 3810 si
1446 3751 1483 3810 ad
1515 3748 1652 3829 publicas
1680 3756 1750 3808 tuas

395 3840 627 3922 provocationes
652 3838 770 3918 publice
794 3857 908 3918 quoque
932 3840 1140 3917 respondeam,
1166 3842 1244 3920 quod
1264 3848 1336 3901 ante
1361 3838 1521 3944 editionem
1545 3837 1630 3916 hujus
1644 3836 1749 3915 Ephe-

395 3929 517 3993 maridis
541 3928 697 3991 commodo
722 3947 788 3989 meo
812 3930 911 3989 iacere
935 3948 994 3989 non
1017 3928 1110 4008 potui.

483 4022 554 4099 Age
577 4019 680 4097 itaque
701 4023 783 4077 tuam
805 4016 1046 4119 praefationem¹
1039 4037 1068 4078 in
1084 4016 1314 4096 prognosticum
1332 4015 1402 4078 anui
1424 4011 1507 4078 1615
1533 4012 1749 4088 examiuernus;

394 4108 502 4172 crebra
522 4106 602 4169 enim
625 4105 755 4167 occurrit
778 4106 905 4168 nominis
928 4106 986 4167 mei
1009 4106 1131 4168 mentio.

485 4212 689 4277 Commendas
722 4213 931 4292 proiectum
965 4213 1108 4274 aetatis
1141 4218 1298 4273 nostrae
1330 4210 1367 4271 in
1401 4208 1594 4282 scientiis;
1628 4207 1752 4288 egregia

394 4304 563 4376 voluntate,
582 4301 696 4381 judicio
721 4321 740 4361 a
763 4320 829 4362 meo
854 4302 984 4363 diverso.
1029 4302 1110 4362 Nam
1134 4301 1213 4380 quod
1237 4319 1293 4377 ego
1321 4298 1617 4378 praestantissimum
1641 4298 1669 4357 iu
1694 4297 1750 4358 hoc

394 4392 533 4474 profectu
551 4390 667 4470 judico,
691 4398 851 4468 penetrare
866 4391 904 4451 ad
921 4389 1066 4470 genuinas
1089 4409 1197 4450 causas
1213 4397 1356 4462 motuum,
1381 4397 1413 4449 tu
1427 4386 1578 4466 praeteris
1601 4386 1750 4448 intactum

394 4482 567 4561 siderisque
592 4478 741 4550 fastidire,
756 4478 1032 4580 Prognosticisque·
1042 4486 1073 4539 et
1092 4478 1214 4558 judiciis
1238 4476 1446 4556 genethliacis,
1471 4492 1546 4556 quae
1571 4473 1751 4554 conjecturis

394 4569 602 4637 continentur,
634 4568 723 4647 louge
748 4577 950 4649 postponere:
984 4567 1092 4646 quippe
1117 4568 1168 4648 qui
1200 4586 1284 4627 meas
1307 4567 1337 4627 iu
1370 4584 1527 4626 causarum
1560 4562 1750 4645 inquisitione

393 4678 495 4722 moras
519 4657 698 4736 increpitas,
724 4656 857 4718 Tabulas
890 4656 1053 4736 efflagitas,
1088 4675 1126 4717 ex
1149 4655 1256 4735 quibus
1275 4654 1475 4734 Prognostica
1497 4654 1571 4714 fiant
1602 4660 1750 4730 utcunque

394 4746 589 4828 philosophia
611 4744 734 4807 habeat
868 4777 883 4804 ο

486 4838 570 4899 luter
593 4835 749 4897 inventa
775 4833 869 4895 seculi
892 4833 988 4895 nostri
1016 4833 1128 4906 refers,
1162 4833 1401 4894 demonstratum
1425 4815 1444 4892 a
1468 4839 1507 4907 te,
1544 4829 1622 4909 tegi
1655 4827 1751 4891 iiras

395 4924 597 5005 strategi,
624 4924 742 5005 quando
765 4924 889 4986 Novas
913 4941 967 4983 nos
990 4931 1142 5000 putamus.
1191 4920 1374 5024 ConJ'ectura
1398 4929 1446 4982 est
1476 4939 1514 4981 ex
1538 4917 1751 4981 observatione

394 5024 449 5077 tua
466 5013 647 5090 etSirnouis
661 5013 753 5076 Marii
775 5011 870 5075 nostri
895 5010 1110 5090 (devestigiis
1138 5030 1233 5072 novae
1255 5011 1285 5072 in
1310 5007 1489 5089 CassiopeJ'a
1511 5005 1753 5086 superstitibus),

393 5103 582 5187 conjectura,
606 5102 737 5186 inquam,
761 5109 853 5165 uotae
876 5119 941 5194 uon,
957 5100 1064 5176 malae,
1090 5102 1144 5163 sed
1168 5098 1284 5163 lubrica
1306 5118 1361 5162 uec
1381 5106 1465 5161 certa
1487 5095 1643 5160 felicitatis
1667 5114 1751 5161 suae.
