4584 6192
471 635 537 704 m
998 633 1298 699 mm

473 814 594 878 tissime
616 811 809 893 probaverit,
838 817 889 870 sat
918 827 975 887 ego
998 827 1045 871 me
1069 809 1187 872 felicem
1214 810 1412 877 existimabo.
1442 810 1620 885 feliciorem,
1651 810 1703 873 ubi
1736 812 1829 874 etiam

469 901 622 966 invenerit
643 901 675 962 in
698 900 755 961 boc
777 916 884 977 opere,
916 897 995 978 quod
1016 897 1118 959 divim
1142 900 1207 979 ejus
1231 899 1268 959 de
1292 899 1427 960 omnibus
1452 899 1568 961 artibus
1591 899 1707 978 judicio
1731 900 1829 961 satis-

470 991 581 1065 faciat,
611 989 750 1070 qnodque
772 987 905 1060 animus,
938 987 1209 1066 praestantissimis
1232 986 1455 1049 inventionibus
1477 987 1594 1066 pridem
1617 996 1826 1062 exsaturetur,

469 1079 543 1142 bino
564 1078 729 1140 etiamnum
751 1074 960 1153 concupiscat:
984 1075 1073 1153 longe
1087 1094 1160 1138 reto
1183 1076 1402 1149 felicissimum,
1426 1076 1467 1148 si,
1493 1094 1583 1155 quam
1598 1077 1748 1138 hactenus
1772 1097 1829 1139 ex·

468 1177 577 1248 pertua
603 1184 684 1238 1111,
716 1164 824 1225 eadem
853 1182 901 1224 me
923 1163 1084 1224 clementia
1106 1163 1247 1244 prosequi
1270 1173 1389 1243 pergat
1436 1163 1488 1225 Sic
1517 1164 1598 1225 enim
1632 1166 1829 1227 metuendum

468 1254 543 1318 milui
565 1271 753 1335 nequaquam
775 1251 848 1323 erit,
865 1269 914 1312 ·ue
941 1251 980 1312 ab
1003 1251 1060 1312 hoc
1083 1271 1150 1315 meo
1174 1271 1295 1314 munere
1318 1272 1372 1314 ceu
1396 1252 1435 1313 ab
1458 1272 1528 1314 arce
1552 1271 1638 1313 meae
1661 1251 1733 1315 fidoi
1757 1273 1828 1316 cre-

468 1343 536 1405 uita
557 1341 800 1422 peruiciosaimus
823 1340 934 1401 artium
955 1339 1068 1409 hostis,
1092 1340 1327 1419 indigentia,
1351 1360 1398 1402 me
1423 1340 1503 1401 fame
1517 1349 1724 1420 expugnatum
1747 1342 1827 1422 deji-

468 1432 548 1503 ciat,
571 1447 666 1510 neque
691 1427 906 1501 dubitandum,
931 1428 1000 1507 quin
1015 1429 1168 1508 Majestaa
1182 1429 1248 1489 ‘lua
1270 1448 1324 1490 eas
1337 1428 1411 1489 mihi
1434 1429 1592 1509 suppetiae
1615 1437 1648 1491 et
1671 1448 1829 1491 commea·

470 1527 537 1582 tum
562 1518 693 1579 missura
714 1518 756 1578 sit
784 1516 815 1577 in
842 1525 993 1596 tempore,
1027 1535 1085 1596 quo
1113 1526 1236 1597 recepto
1273 1517 1459 1578 obsidionem
1490 1517 1621 1578 tolerare
1644 1518 1827 1598 tandemque

468 1605 607 1669 omnilons
629 1604 782 1687 superatis
804 1602 1034 1667 difficultatibus
1057 1605 1173 1686 reliqua
1204 1624 1272 1666 mea
1299 1604 1415 1677 studia,
1447 1605 1486 1665 ad
1517 1605 1645 1684 gloriam
1676 1606 1752 1680 Dei,
1787 1607 1827 1667 ad

467 1694 702 1758 celebrationem
715 1693 893 1773 Maiestatis
916 1701 1005 1765 tuae,
1028 1702 1061 1755 et
1083 1694 1206 1755 humani
1227 1694 1347 1773 generis
1371 1693 1534 1755 utilitatem
1557 1694 1741 1773 spectantia,
1767 1695 1826 1756 ab·

467 1783 586 1845 solvere
610 1782 739 1844 feliciter
762 1781 886 1861 possim.

557 1870 659 1932 Deus
683 1868 825 1949 Optimus
840 1869 993 1931 Maximus
1008 1869 1103 1930 Tuam
1117 1871 1194 1951 Imp.
1212 1870 1408 1949 Majestatem
1431 1887 1521 1949 quam
1539 1869 1712 1931 diutissime
1735 1878 1825 1931 tuea-

467 1968 519 2022 tur
541 1959 735 2032 incolumem,
767 1958 891 2038 ejusque
914 1956 1091 2019 victricrbus
1114 1959 1206 2020 armis
1231 1958 1470 2019 Otbomanuicae
1494 1957 1599 2019 domne
1621 1959 1825 2041 tyrannidem,

466 2047 556 2112 anuis
580 2057 746 2119 maturam,
778 2045 937 2108 barbarica
967 2044 1096 2107 invisam
1123 2047 1277 2126 superbia,
1315 2046 1512 2126 blasphemiis
1535 2045 1773 2116 intolerabilem,
1807 2067 1827 2108 a

467 2135 710 2200 Christianorum
733 2135 901 2197 cervicibus
922 2152 1012 2216 porro
1031 2153 1147 2215 quoque
1163 2155 1253 2215 quam
1267 2135 1441 2214 longissime
1456 2134 1618 2215 propellet.
1650 2135 1772 2214 Pragae
1782 2136 1824 2196 V.

468 2224 596 2289 Calend.
618 2223 769 2305 Augusti,
792 2222 842 2305 qui
866 2224 932 2285 dies
955 2222 989 2287 S.
1005 2220 1096 2285 Caes.
1110 2223 1272 2304 Majeetati
1290 2224 1374 2285 Tuae
1398 2222 1678 2304 quinquagesimum
1700 2223 1824 2286 tertium

466 2313 612 2378 Natalem
626 2312 750 2387 extulit,
773 2314 936 2376 Persarum
950 2311 1031 2392 regis
1046 2312 1199 2393 legatione
1212 2312 1517 2376 honorificentissima
1540 2312 1698 2375 illustrem.
1733 2312 1824 2374 Anno

465 2399 583 2466 Salutis
606 2403 754 2465 humanae
777 2399 930 2465 MDCIV.

1009 2573 1280 2638 S.C.bLTuao

1126 2750 1373 2832 Subjectisaimus

1286 2872 1524 2936 Mathematicus

1377 2998 1521 3061 rom
1542 2998 1714 3081 neptus
