4584 6192
540 616 606 687 238
1012 617 1204 685 Paralipomena
1221 622 1246 670 iu
1265 617 1432 671 Vitellioucur.

541 800 677 867 dilueret,
704 817 791 877 quern
815 799 854 859 ad
874 817 959 859 usum
974 798 1077 877 procul
1092 798 1181 859 dubio
1206 806 1320 858 motum
1344 796 1522 858 obtinebunt
1546 815 1614 856 seso
1640 795 1773 866 inflandi,
1793 801 1900 872 turge-

542 886 669 950 faciendi
694 888 724 947 in
749 888 834 948 clara
867 888 932 947 luce
963 898 995 947 et
1022 888 1204 948 extenuandi
1233 887 1262 947 iu
1290 886 1441 965 maligna,
1470 895 1503 946 ut
1534 903 1618 945 uvea.
1665 884 1707 945 Et
1735 881 1902 965 hyperbole

542 978 661 1060 quidem
686 976 734 1037 vel
759 976 785 1036 ei
810 983 939 1055 cognata
963 977 1059 1054 figura
1083 986 1130 1037 est
1154 974 1358 1054 inposteriori
1382 986 1469 1053 parte
1489 972 1667 1055 crystallini,
1692 982 1725 1033 ut
1749 973 1797 1052 qui
1821 972 1903 1032 inter

541 1065 738 1148 hyperbolum
764 1065 902 1125 deorsum
928 1065 1054 1125 tendunt
1077 1065 1211 1143 ejusdem
1236 1063 1310 1125 recti
1335 1064 1401 1125 coni
1426 1065 1501 1124 radii
1517 1069 1735 1141 convergentes
1759 1062 1799 1121 ad
1823 1059 1902 1120 idem

541 1162 699 1235 punctum,
732 1153 753 1213 ii
777 1154 815 1213 ad
840 1153 917 1213 idem
942 1155 995 1214 sed
1021 1153 1140 1214 brevius
1166 1155 1283 1213 distans
1306 1162 1447 1231 punctum
1481 1153 1709 1231 colligerentur:
1740 1150 1818 1231 quod
1844 1167 1902 1209 non

544 1244 575 1305 in
599 1243 660 1303 alia
682 1243 777 1320 figura
800 1242 862 1303 fieri
886 1262 976 1320 posse
1001 1242 1080 1302 infra
1104 1242 1368 1303 demonstrabitur.
1417 1240 1518 1303 Gibba
1547 1260 1619 1302 vero
1649 1248 1697 1300 est
1727 1238 1902 1318 superficies

545 1331 677 1394 anterior
692 1330 869 1411 crystallini,
895 1339 928 1391 ut
952 1351 1008 1411 quo
1024 1332 1171 1412 obliquius
1196 1334 1329 1391 foramen
1354 1349 1448 1390 ureae
1464 1330 1604 1408 objicitur
1628 1335 1739 1408 puncto
1759 1325 1902 1398 radianti,

545 1422 602 1483 boo
626 1420 770 1481 devexius
800 1420 874 1480 haec
909 1421 1081 1499 superficies
1113 1441 1131 1480 a
1156 1439 1230 1481 cono
1260 1419 1381 1481 scaleno
1406 1428 1567 1493 secaretur,
1603 1418 1704 1497 itaque
1728 1423 1904 1478 servaretur

545 1509 715 1589 aequalitas
752 1509 938 1587 interceptae
973 1532 991 1569 a
1022 1528 1096 1569 cono
1135 1509 1331 1590 quantitatis,
1373 1517 1515 1587 quantum
1554 1506 1616 1567 fieri
1652 1515 1773 1585 posset:
1812 1513 1904 1585 utque

546 1597 682 1661 omnibus
708 1598 737 1657 in
761 1616 872 1659 cornea
895 1598 948 1669 (ab
973 1598 1078 1658 codem
1101 1606 1185 1660 certo
1200 1606 1310 1677 puncto
1327 1597 1529 1669 venientibus)
1552 1596 1692 1657 refractis
1715 1604 1748 1655 et
1770 1595 1801 1655 in
1823 1593 1902 1654 idem

544 1695 686 1767 punctum
711 1694 781 1764 post
804 1686 1015 1747 refractionem
1040 1687 1232 1748 tendentibus
1257 1686 1544 1765 perpendiculariter
1567 1685 1778 1763 subjiceretur:
1812 1682 1903 1761 plane

544 1776 720 1837 circularem
745 1794 797 1835 seu
814 1775 1000 1853 sphaericam
1021 1795 1087 1836 esse
1112 1785 1215 1837 statuo
1235 1776 1311 1836 hanc
1328 1775 1507 1836 anteriorem
1525 1773 1689 1855 crystallini
1705 1772 1903 1851 superficiem.

633 1864 721 1925 Uvea
749 1871 816 1924 tota
847 1882 913 1924 cum
940 1864 1095 1926 ciliaribus
1127 1864 1319 1944 processibus
1350 1864 1440 1924 adest
1467 1872 1587 1924 tantum
1619 1863 1658 1922 ad
1687 1862 1902 1922 obscuritatem

545 1953 754 2026 inducendam,
780 1972 816 2012 ne
842 1952 892 2013 lux
916 1953 1007 2014 nimia
1030 1954 1071 2014 sit
1085 1955 1223 2014 molesta.
1255 1953 1304 2015 Ad
1320 1952 1451 2032 speciem
1475 1973 1527 2012 seu
1551 1953 1699 2030 picturam
1715 1949 1903 2011 formandam

545 2042 618 2104 nihil
642 2041 770 2114 confert,
794 2060 889 2121 neque
913 2041 939 2102 si
962 2043 1122 2115 conferret,
1147 2062 1276 2121 unquam
1300 2042 1382 2103 illam
1407 2043 1578 2103 absolveret
1601 2051 1632 2100 et
1645 2040 1812 2119 perficeret,
1837 2056 1903 2099 cum

546 2132 680 2193 foramen
705 2130 793 2191 nimis
818 2130 858 2190 sit
882 2131 1011 2210 amplum
1035 2150 1089 2209 pro
1114 2132 1191 2192 oculi
1216 2132 1367 2210 angustia.
1415 2132 1478 2192 lmo
1508 2130 1536 2191 in
1566 2129 1699 2190 tenebris
1728 2126 1903 2189 constitutis

547 2220 694 2281 dilatatur
717 2219 806 2298 triplo
832 2219 929 2280 laxius
954 2239 1042 2299 quam
1066 2221 1095 2281 in
1121 2220 1186 2280 luce
1211 2218 1306 2294 Solis,
1341 2229 1374 2280 ut
1402 2219 1431 2280 in
1456 2218 1587 2280 tenebris
1617 2219 1736 2297 quidem
1760 2217 1904 2296 majorem

546 2316 664 2389 partem
689 2307 857 2386 superficiei
881 2309 1048 2388 crystallini
1073 2311 1210 2388 detegat,
1242 2329 1299 2388 quo
1323 2311 1388 2387 plus
1420 2309 1494 2369 lucis
1525 2318 1588 2370 tam
1618 2307 1725 2368 debilis
1756 2324 1810 2384 per
1834 2323 1905 2385 cry-

547 2398 703 2459 stallinum
728 2397 766 2457 ad
791 2397 870 2458 idem
893 2406 1035 2476 punctum
1067 2398 1225 2459 collectum
1255 2401 1346 2477 (quae
1375 2398 1513 2458 collectio
1545 2397 1582 2457 ad
1612 2397 1690 2457 idem
1710 2403 1863 2475 ’punctum
1887 2414 1906 2453 a

546 2485 725 2568 crystallino
750 2486 783 2545 fit
806 2485 870 2546 sine
895 2504 950 2563 ope
976 2487 1145 2560 foraminis)
1170 2506 1291 2548 sensum
1317 2494 1401 2547 tauto
1429 2486 1594 2547 evidentius
1618 2495 1753 2546 moveat:
1786 2484 1815 2543 in
1841 2483 1905 2543 luce

546 2593 619 2635 vcro
636 2574 792 2653 angustior
816 2583 872 2648 est,
898 2575 1021 2653 utplus
1047 2575 1120 2636 lucis
1145 2577 1296 2649 excludat,
1322 2595 1359 2636 ne
1384 2583 1446 2636 tam
1471 2575 1557 2635 fortis
1583 2575 1633 2636 lux
1656 2593 1776 2635 sensum
1791 2572 1905 2635 laedat.

549 2665 655 2742 Itaqno
685 2662 761 2723 situs
792 2662 946 2723 foraminis
976 2663 1063 2742 hujus
1094 2665 1133 2725 ibi
1164 2673 1225 2738 est,
1259 2665 1308 2726 ubi
1338 2673 1386 2724 est
1414 2663 1587 2725 intersectio
1616 2664 1784 2734 radiorum,
1812 2680 1906 2722 causa

435 2819 448 2839 .
547 2751 642 2831 ipsius
671 2750 839 2831 crystallini
863 2750 996 2812 existens
1005 2771 1013 2824 ;
1039 2754 1173 2831 quamvis
1198 2754 1272 2814 haec
1296 2753 1470 2819 intersectio
1495 2748 1552 2815 nou
1577 2754 1631 2813 tint
1653 2753 1682 2813 in
1707 2759 1828 2830 puncto,
1853 2749 1906 2810 sed

549 2840 580 2901 in
604 2839 811 2918 longissimum
835 2859 941 2901 conum
966 2852 1127 2919 spargatur
1151 2842 1188 2902 ob
1214 2843 1389 2904 circularem
1406 2842 1574 2923 crystallini
1594 2840 1789 2921 superficiem.
1821 2837 1907 2900 Situs

548 2928 641 3007 igitur
665 2928 820 2989 foraminis
844 2929 878 2989 tit
902 2928 983 2990 basis
1008 2930 1096 3009 hujus
1119 2932 1366 2993 intersectionum
1390 2932 1467 2992 coni.
1498 2932 1575 2993 h'am
1600 2930 1677 2991 inter
1701 2929 1756 2990 hoo
1772 2929 1906 2989 foramen

550 3028 582 3078 et
606 3017 815 3098 crystallinum
839 3018 921 3078 nulla
952 3026 1000 3080 est
1030 3019 1220 3097 intersectip,
1246 3021 1325 3081 etsi
1350 3020 1420 3100 quid
1444 3019 1485 3080 ibi
1515 3029 1597 3081 esset
1625 3020 1701 3080 risui
1725 3017 1906 3096 expositum,

474 3175 479 3188 Ι
548 3106 701 3168 videretur
725 3125 862 3167 eversum
887 3114 918 3167 et
942 3108 1106 3169 confusum.
1154 3110 1239 3169 lutus
1263 3129 1341 3169 uvea
1364 3118 1412 3169 est
1436 3127 1558 3186 aspera,
1593 3128 1629 3170 ne
1659 3108 1733 3169 levis
1763 3107 1790 3167 si
1814 3114 1906 3176 esset,

550 3215 759 3275 repercussum
784 3196 918 3255 efficeret
942 3197 1018 3257 radii
1043 3216 1079 3256 ex
1105 3198 1272 3278 crystallini
1304 3198 1458 3277 superficie
1489 3198 1517 3256 in
1543 3218 1575 3257 se
1604 3195 1782 3276 repercussi.
1830 3195 1909 3255 Tota

550 3286 645 3364 nigra,
671 3284 761 3345 etiam
789 3303 846 3363 qua
861 3284 988 3345 retinam
1008 3287 1227 3363 complectitur,
1254 3287 1443 3348 substantiae
1458 3286 1660 3348 similitudine.
1683 3284 1908 3347 Nutrimentum

550 3373 642 3443 enim,
673 3392 729 3452 quo
761 3372 912 3435 anteriora
939 3374 1025 3452 nigra
1057 3374 1119 3435 lieri
1150 3376 1296 3450 debuere,
1328 3395 1381 3455 per
1412 3376 1582 3436 choroidem
1611 3374 1771 3436 transitum
1804 3373 1906 3434 habet.

550 3462 616 3525 Nisi
641 3462 717 3523 forte
743 3470 774 3522 et
797 3461 896 3523 retina
919 3463 1168 3542 perspicuitatem
1193 3465 1305 3525 habeat
1329 3465 1461 3544 haecque
1486 3466 1572 3543 nigra
1596 3464 1679 3526 illam
1702 3462 1854 3523 terminet.

639 3550 739 3629 Aquei
763 3551 895 3611 humoris
919 3554 1087 3613 necessitas
1121 3555 1178 3614 fuit
1206 3555 1243 3613 ad
1274 3573 1410 3614 cameras
1440 3553 1607 3631 implendas
1637 3561 1668 3613 et
1697 3552 1909 3613 refractionem

550 3639 578 3700 in
604 3657 713 3700 cornea
738 3640 850 3700 laetam
874 3641 1116 3713 continuandam,
1142 3652 1175 3703 ut
1199 3663 1257 3703 uua
1281 3652 1364 3703 esset
1387 3662 1480 3722 usque
1505 3644 1543 3703 ad
1567 3642 1787 3722 crystallinum.

641 3726 760 3790 Cornea
783 3728 884 3788 tunica
907 3737 939 3790 et
963 3730 1029 3808 ipsa
1061 3732 1180 3791 videtur
1205 3751 1272 3792 esse
1297 3732 1486 3810 portiuncula
1510 3731 1707 3811 sphaeroidis,
1738 3738 1772 3789 nt
1801 3728 1851 3808 qui
1882 3727 1909 3787 in

551 3818 730 3879 anteriorem
754 3818 921 3898 crystallini
945 3819 1130 3896 superficiem
1155 3821 1298 3892 incidunt,
1323 3821 1586 3899 perpendiculares
1611 3822 1649 3879 ad
1665 3838 1752 3879 unum
1768 3825 1910 3896 punctum

551 3906 781 4057 coirefposqint.
815 3907 895 3968 h'ihil
920 3916 1021 3968 tamen
1048 3908 1172 3987 impedit
1196 3919 1228 3970 et
1250 3929 1376 3971 corneae
1396 3912 1564 3988 perfectam
1588 3929 1655 3969 esse
1681 3907 1910 3976 rotunditatem,

552 4005 584 4059 ut
607 3998 635 4057 in
652 4017 685 4057 ro
729 3996 832 4057 inetur.
994 4009 996 4013 “

641 4136 672 4200 3.
710 4136 998 4199 Demonstratio
1022 4156 1162 4211 eorum,
1192 4158 1285 4217 quae
1310 4139 1411 4201 circa
1434 4140 1572 4201 modum
1596 4138 1754 4200 visionis
1779 4138 1822 4200 de

996 4227 1220 4308 crystallino
1245 4228 1347 4289 diota
1371 4238 1462 4291 eunt.

645 4345 849 4428 Quaecunque
876 4349 937 4409 fere
962 4350 1108 4410 hactenns
1139 4351 1175 4410 de
1205 4353 1381 4433 crystallino
1411 4352 1493 4413 dicta
1521 4360 1604 4429 sunt,
1639 4372 1741 4414 eorum
1774 4352 1914 4430 vulgaria

552 4434 668 4517 passim
700 4446 860 4500 cernuntur
892 4439 1100 4516 experimenta
1130 4440 1159 4499 in
1194 4441 1263 4518 pilis
1298 4442 1502 4523 crystallinis,
1533 4442 1621 4521 inque
1653 4442 1740 4502 vitris
1772 4440 1914 4502 urinariis

554 4525 678 4605 limpida
702 4545 780 4605 aqua
803 4526 937 4605 repletis.
975 4527 1097 4589 Etenim
1121 4528 1146 4589 si
1172 4531 1237 4608 quis
1262 4550 1327 4591 oum
1353 4531 1521 4610 hujusmodi
1546 4531 1635 4611 globo
1661 4531 1839 4611 crystallino
1863 4530 1913 4590 vel

554 4634 649 4695 aquen
673 4624 778 4677 contra
802 4616 965 4676 fenestram
991 4616 1115 4678 vitream
1140 4625 1207 4679 stet·
1226 4617 1255 4680 in
1279 4621 1416 4681 conclavi
1440 4620 1556 4700 aliquo,
1582 4621 1785 4699 adhibeatque
1811 4619 1913 4680 albam

554 4723 699 4786 papyrum
718 4711 789 4783 post
807 4704 937 4783 globum,
962 4706 1187 4768 semidiametro
1206 4709 1288 4786 globi
1305 4729 1322 4769 a
1337 4709 1471 4789 margine
1491 4709 1571 4789 globi
1596 4718 1751 4783 remotam,
1778 4710 1915 4770 fenestra

554 4795 652 4855 vitrea
675 4813 741 4854 cum
766 4794 892 4854 intextis
916 4812 953 4854 ex
977 4794 1057 4874 ligno
1082 4805 1114 4857 et
1136 4797 1257 4875 plumbo
1281 4799 1437 4859 canalibus
1465 4798 1610 4860 vitrorum
1641 4798 1747 4860 limbos
1772 4798 1914 4859 obeunti·

556 4882 636 4945 tibus
660 4882 826 4944 clarissime
850 4882 982 4962 pingitur
1005 4902 1094 4962 snper
1122 4904 1282 4964 papyrum,
1313 4906 1418 4948 everso
1447 4897 1547 4948 tamen
1573 4887 1643 4949 situ.
1690 4886 1775 4949 Idem
1799 4887 1915 4948 faciunt

555 4990 603 5033 res
636 4979 774 5045 ceterae,
807 4971 833 5031 si
862 4972 951 5049 paulo
984 4973 1050 5050 plus
1082 4971 1295 5035 obtenebretur
1328 4977 1430 5049 locus;
1464 4977 1539 5037 adeo
1569 4985 1601 5037 ut
1633 4975 1723 5055 globo
1756 4994 1853 5057 aquen
1884 4976 1912 5035 in

556 5078 705 5122 cameram
730 5078 820 5139 quam
842 5078 933 5138 supra
953 5060 1165 5139 descripsimus
1190 5063 1271 5142 (cap.
1288 5065 1328 5138 ΙΙ,
1351 5089 1381 5149 p.
1399 5065 1433 5139 7)
1458 5065 1544 5126 illato
1559 5074 1591 5126 et
1614 5065 1791 5127 fenestellae
1817 5082 1914 5144 oppo-

556 5149 633 5223 sito,
668 5167 861 5230 quaecuuque
893 5168 947 5228 per
980 5148 1206 5228 amplitudinem
1240 5154 1418 5216 fenestellae
1448 5173 1502 5215 seu
1536 5154 1689 5216 foraminis
1721 5161 1852 5237 possunt
1875 5153 1913 5213 ad
