4584 6192
988 510 1071 576 capnt
1088 509 1133 562 vl.
1156 507 1197 561 1³.
1702 510 1768 582 295

405 686 446 748 ad
459 684 615 750 Venerem
639 691 708 746 octo
731 685 852 749 circiter
874 689 996 768 gradm,
1022 695 1054 748 et
1076 695 1202 767 utraque
1225 707 1280 768 per
1300 688 1427 749 eandem
1441 689 1605 752 fenestram
1622 690 1768 767 radiaret,

405 774 590 836 videbantur
613 773 766 853 utriusque
791 776 868 837 radii
891 777 921 837 in
945 778 1021 839 satis
1046 777 1177 837 evidenti
1196 777 1399 856 proportione,
1424 777 1469 839 sic
1491 784 1526 837 ut
1539 777 1625 841 Luna
1649 779 1768 860 quidem

403 862 497 925 multo
521 862 635 924 clarius
659 862 823 926 irradiaret
846 884 935 945 quam
959 866 1083 940 Venus,
1108 885 1181 927 sane
1206 867 1276 945 quia
1299 874 1330 927 et
1353 865 1451 944 majus
1476 885 1513 927 ea
1535 885 1626 928 cornu
1650 868 1765 945 Lunae,

405 953 461 1014 sed
484 961 587 1013 tamen
612 951 736 1012 evidens
756 962 840 1015 esset
859 954 1016 1016 distinctio
1030 953 1184 1033 marginis,
1208 955 1257 1016 ubi
1273 955 1493 1017 concurrebant
1511 954 1586 1017 radii
1601 956 1766 1037 utriusque,

405 1063 425 1103 a
454 1040 643 1121 marginibus
677 1040 770 1103 solius
799 1043 939 1104 Veneris.
986 1043 1215 1123 Proportionem
1250 1043 1445 1122 conjiciebam
1478 1043 1627 1106 claritatis
1659 1064 1766 1126 super·

404 1129 548 1205 ticianum,
574 1149 649 1210 quae
674 1151 693 1191 a
715 1130 817 1206 Luna,
844 1152 919 1210 quaa
944 1154 962 1193 a
986 1133 1126 1203 Venere,
1161 1145 1193 1193 et
1216 1152 1291 1212 quae
1316 1132 1355 1194 ab
1379 1140 1504 1211 utraque
1534 1133 1766 1209 illuminabatur,

405 1238 471 1281 eam
494 1238 572 1299 quae
596 1227 644 1279 est
667 1213 689 1280 4
713 1220 752 1280 ad
780 1220 790 1281 1
821 1229 852 1280 et
872 1218 901 1282 5.
936 1221 1112 1285 Undulabat
1132 1222 1234 1282 radius
1257 1220 1387 1282 Veneris
1411 1221 1580 1299 plurimum,
1605 1229 1639 1283 at
1661 1223 1766 1286 Lunae

404 1307 495 1387 plane
518 1306 604 1370 nihil.
649 1306 733 1387 Ergo
758 1308 888 1371 ethaeo
922 1318 954 1371 et
983 1310 1118 1389 superior
1152 1309 1307 1399 undulatio
1337 1309 1456 1371 fuerunt
1488 1330 1507 1370 a
1539 1310 1612 1371 reali
1637 1310 1767 1373 Veneris

404 1394 641 1469 scintillatione;
671 1415 729 1457 uon
753 1416 824 1458 vero
857 1406 891 1459 ut
918 1399 1104 1461 credideram
1133 1418 1171 1459 ex
1204 1406 1274 1462 aere
1293 1399 1356 1477 jam
1380 1399 1410 1459 iu
1435 1406 1556 1460 ventum
1581 1406 1766 1463 transeunte.

404 1483 592 1548 Attiuuisset
615 1484 695 1546 enim
718 1494 751 1547 et
772 1487 901 1547 Lunam.

492 1573 588 1636 Porro
619 1574 696 1636 hanc
729 1574 765 1636 de
799 1575 958 1638 luminibus
991 1576 1137 1650 siderum,
1173 1574 1309 1656 quamvis
1346 1574 1502 1655 physicam
1538 1575 1637 1654 magis
1674 1595 1764 1657 quam

405 1663 636 1725 astronomicam
659 1663 842 1725 mentionem
865 1673 951 1726 tauto
976 1664 1118 1727 libentius
1143 1664 1241 1744 injeci,
1265 1664 1343 1744 quod
1367 1683 1425 1724 non
1449 1663 1635 1743 impossibile
1654 1664 1764 1726 existi-

404 1771 500 1825 mem,
527 1751 668 1821 VeneriS,
690 1748 777 1814 Jovis
802 1753 985 1833 aliarumque
1008 1754 1166 1815 stellarum
1190 1752 1342 1814 arimatha
1365 1760 1398 1813 et
1419 1752 1610 1814 altitudinem
1633 1770 1686 1831 per
1708 1772 1765 1816 sua

405 1839 434 1901 in
457 1840 592 1920 parietes
615 1839 703 1901 illata
726 1840 839 1902 lumina
861 1841 970 1903 metiri.
1005 1842 1077 1921 Vidi
1101 1862 1229 1923 namque
1254 1859 1331 1902 anno
1358 1836 1452 1904 1601.
1477 1860 1580 1902 mense
1602 1840 1763 1904 Decembri

404 1927 490 1991 Jovis
515 1938 548 1990 et
570 1927 672 2008 spicae
697 1928 833 2008 Virginis
857 1930 1002 1991 distincta
1025 1931 1137 1992 lumina
1166 1949 1220 2010 per
1251 1930 1377 1992 eandem
1406 1931 1570 1991 fenestram
1599 1930 1630 1991 in
1658 1930 1764 1992 eodem

405 2017 473 2079 albo
496 2016 625 2100 pariete.
676 2014 801 2097 Cogitet
824 2021 860 2080 de
885 2019 941 2081 hac
965 2039 996 2080 rc
1021 2020 1175 2081 studiosus
1199 2019 1444 2080 observationum
1467 2017 1643 2081 coelestium
1673 2018 1762 2080 adbi-

406 2106 552 2187 beatque,
585 2106 611 2167 si
635 2124 710 2185 opus
734 2116 801 2183 est,
836 2108 928 2170 etiam
956 2110 1080 2189 specula
1107 2110 1199 2187 plana
1227 2107 1257 2168 in
1288 2126 1363 2187 quae
1397 2107 1591 2187 despiciatur.
1638 2105 1765 2187 Semper

406 2195 494 2270 enim,
521 2195 622 2257 nescio
647 2215 705 2276 quo
729 2206 829 2276 pacto,
856 2198 895 2257 ad
924 2196 1148 2275 despiciendum
1172 2196 1367 2277 procliviores
1390 2196 1575 2270 suntoculi,
1605 2215 1695 2277 qnam
1724 2195 1764 2258 ad

405 2283 638 2363 suspiciendum.

805 2421 854 2486 13.
893 2425 944 2486 De
973 2432 1193 2485 cometarum
1222 2422 1364 2484 lumine.

494 2543 648 2617 Quidnam
672 2560 762 2624 esset,
789 2550 865 2630 quod
890 2558 1071 2611 cometarum
1096 2550 1179 2610 faces
1195 2548 1383 2620 accenderet,
1406 2545 1484 2607 satis
1501 2548 1698 2610 ostenderunt
1710 2566 1764 2629 par

405 2636 461 2698 boc
483 2635 620 2698 seculum
644 2638 794 2714 artifices3
824 2639 1025 2716 deprehenso,
1058 2646 1243 2700 cometarum
1266 2636 1378 2698 barbas
1401 2654 1521 2715 semper
1547 2636 1577 2698 in
1600 2638 1722 2716 plagam
1746 2656 1766 2698 a

407 2723 477 2787 Sole
502 2725 686 2786 contrariam
710 2728 827 2807 spargi,
861 2726 918 2788 uisi
942 2725 1008 2789 Soli
1031 2728 1162 2806 oppositi
1186 2735 1238 2787 aut
1261 2725 1401 2787 immanis
1425 2724 1594 2787 altitudinis
1623 2734 1766 2805 portenta

406 2834 475 2877 snas
501 2811 560 2893 ipsi
584 2813 697 2876 caudas
720 2817 768 2877 vel
802 2815 911 2877 barbas
945 2816 1066 2894 objectu
1099 2815 1208 2896 capitis
1241 2816 1435 2876 occultarent
1481 2813 1634 2876 Exercent
1662 2822 1764 2876 tamen

407 2901 572 2964 etiamnum
595 2902 716 2981 ingenia
739 2905 984 2984 philosophorum
1009 2925 1065 2965 non
1091 2903 1291 2967 mediocribus
1315 2902 1554 2965 difficultatibus.
1592 2902 1673 2965 Nam
1696 2903 1723 2965 si
1745 2923 1766 2964 a

406 2989 476 3053 Sole
500 3000 638 3053 cometae
660 2992 879 3066 illuminantur,
906 2994 984 3071 quod
1008 2994 1122 3054 caudae
1146 2992 1295 3072 porrectio
1319 2992 1349 3053 in
1373 3009 1482 3071 genere
1506 2991 1607 3070 arguit
1630 2999 1662 3051 et
1684 2991 1763 3054 ratio

406 3090 641 3143 consentaneum
666 3101 732 3142 esse
756 3083 953 3162 pronunciat:
979 3102 1031 3143 cur
1055 3082 1156 3162 itaque
1180 3082 1295 3143 caudae
1318 3100 1376 3141 non
1400 3078 1536 3159 praecise
1560 3079 1642 3142 Solis
1666 3099 1763 3160 oppo-

406 3168 496 3231 situm
520 3168 705 3249 respiciunt?
728 3190 780 3232 cnr
805 3173 866 3231 fere
890 3190 1007 3250 semper
1031 3172 1194 3245 declinant,
1219 3189 1271 3231 cur
1285 3177 1445 3232 curvantur
1468 3169 1498 3229 in
1513 3169 1637 3231 arcum?
1665 3168 1762 3231 Deni-

407 3276 462 3337 que
486 3257 628 3337 quidnam
653 3267 701 3319 est
723 3259 813 3334 illud,
840 3261 917 3338 quod
942 3258 1023 3321 Solis
1047 3260 1163 3321 radium
1187 3258 1299 3340 excipit
1323 3259 1444 3337 ejusque
1467 3259 1601 3341 impactu
1623 3258 1761 3337 resplen-

407 3346 504 3407 descit
527 3348 641 3408 caudae
661 3348 786 3427 figuram
801 3349 964 3410 exhibens?
987 3349 1066 3410 Nam
1081 3350 1144 3410 sive
1161 3348 1282 3420 dixeris,
1306 3348 1464 3409 materiam
1488 3366 1555 3409 esse
1573 3347 1614 3408 ad
1627 3354 1764 3409 cometae

407 3434 571 3497 essentiam
595 3445 794 3515 spectantem,
820 3438 1067 3498 immanissimum
1092 3437 1243 3499 effinxeris
1266 3443 1441 3498 monstmm.
1475 3434 1637 3499 Sinonem
1656 3436 1764 3498 aethe-

408 3523 503 3597 riam,
534 3542 660 3605 quaero,
694 3546 747 3587 cur
769 3527 823 3587 illa
846 3545 903 3587 nou
929 3527 1060 3605 quotidie
1085 3549 1103 3587 a
1126 3525 1198 3587 Sole
1222 3526 1266 3587 sic
1289 3525 1484 3598 illuminetur,
1517 3533 1552 3587 ut
1574 3525 1769 3605 resplendeat

406 3613 455 3675 vel
477 3612 544 3674 eine
569 3615 709 3676 cometa?
741 3616 888 3695 Adeoque
908 3615 1009 3696 Tycho
1032 3615 1179 3689 Braheus,
1206 3624 1286 3675 tomo
1309 3615 1440 3675 secundo
1464 3614 1766 3696 Progymnasmatum

406 3720 471 3782 cap.
498 3699 528 3763 7.
555 3720 631 3780 pene
664 3703 693 3764 iu
723 3704 800 3765 hanc
833 3704 985 3766 concessit
1013 3704 1211 3779 seutentiam,
1236 3712 1270 3766 ut
1293 3703 1420 3765 caudam
1443 3712 1578 3764 cometae
1602 3724 1622 3764 a
1645 3703 1764 3763 Venere

407 3790 568 3853 illuminari
593 3791 714 3867 diceret,
740 3813 828 3873 quam
853 3794 952 3872 ipsam
975 3802 1077 3854 tamen
1100 3793 1258 3854 haesitans
1281 3792 1371 3871 paulo
1395 3801 1466 3870 post
1489 3793 1588 3871 capite
1609 3789 1639 3855 9.
1665 3790 1763 3853 incre-

407 3880 471 3958 puit
493 3879 684 3959 lectoresque
715 3884 753 3944 ad
777 3883 914 3944 rimanda
947 3882 1062 3962 optices
1087 3901 1199 3943 arcana
1222 3891 1271 3942 est
1293 3882 1482 3943 adhortatus.
1529 3879 1653 3943 Utinam
1678 3879 1764 3941 salu-

407 3967 522 4029 taribus
547 3968 612 4047 cjus
637 3971 757 4032 monitis
780 3972 837 4032 hac
861 3972 925 4032 vice
950 3972 1127 4033 satisfacere
1151 3990 1283 4052 possem.

490 4056 538 4118 At
561 4057 630 4136 quia
654 4069 796 4138 quantum
820 4060 889 4121 volo
915 4080 972 4121 non
996 4079 1128 4139 possum,
1154 4060 1245 4121 liceat
1266 4077 1336 4137 ergo
1361 4065 1504 4137 quantum
1528 4074 1650 4137 possum
1673 4073 1763 4135 prae·

407 4153 500 4208 stare.
547 4144 680 4208 Primum
705 4168 742 4209 ex
766 4149 1026 4210 observationibus
1059 4157 1194 4210 cometae
1219 4150 1297 4210 illius
1328 4145 1529 4208 memorabilis
1563 4144 1633 4207 anni
1668 4143 1763 4210 1577.

407 4235 484 4297 satis
510 4248 655 4315 apparet,
688 4239 894 4319 quaestionem
919 4238 955 4299 de
979 4237 1171 4300 inclinatione
1200 4238 1292 4300 etde
1317 4245 1476 4298 curvatura
1499 4235 1613 4296 caudae
1638 4234 1765 4296 eandem

408 4342 484 4385 esse.
533 4322 632 4395 Quam
656 4327 735 4388 enim
759 4328 788 4388 in
812 4337 929 4406 partem
953 4328 1051 4388 canda
1074 4328 1239 4389 declinavit
1261 4347 1280 4387 a
1301 4325 1448 4386 diametro
1468 4322 1560 4398 Solis,
1585 4325 1613 4385 in
1639 4324 1766 4386 eandem

408 4423 438 4474 et
460 4414 557 4475 flexus
582 4415 737 4476 tendebat.
785 4415 837 4478 Sic
863 4416 939 4477 enirn
964 4417 1075 4478 diserte
1099 4417 1201 4496 Tycho
1230 4436 1284 4477 nec
1314 4434 1371 4476 uuo
1400 4415 1481 4475 loco:
1511 4421 1704 4477 curvaturam
1728 4412 1767 4476 ad

406 4502 516 4576 ostrith,
541 4521 649 4564 cavum
672 4505 711 4565 ad
735 4506 920 4566 horizontem
936 4516 1102 4584 spectasse,
1129 4524 1252 4584 cumque
1267 4503 1514 4583 septentrionalis
1538 4510 1621 4563 esset
1636 4508 1764 4569 cometa,

407 4593 549 4670 angulum
573 4612 592 4652 a
615 4589 635 4654 3
660 4592 690 4654 in
715 4590 753 4657 9⁰
776 4594 920 4655 minorem
944 4594 1038 4655 inisse
1061 4596 1209 4674 producta
1232 4594 1346 4656 caudae
1362 4593 1442 4654 linea
1465 4593 1502 4652 ad
1518 4590 1684 4652 sectionem
1698 4607 1765 4651 cum

408 4679 567 4760 ecliptica,
601 4699 690 4760 quarn
715 4684 818 4762 siper
846 4690 992 4763 caputet
1016 4682 1119 4745 Solem
1143 4684 1224 4744 linea
1252 4684 1424 4743 duceretur:
1459 4698 1517 4761 qno
1544 4687 1634 4760 pacto
1667 4678 1766 4739 cauda

407 4768 575 4832 diametrali
590 4767 673 4831 Solis
696 4771 776 4832 linea
798 4772 1019 4833 meridionalior
1043 4772 1108 4833 fuit.
1134 4773 1295 4834 Inclinatio
1321 4771 1410 4849 igitur
1434 4789 1486 4831 seu
1501 4770 1635 4830 deflexus
1650 4767 1765 4829 caudae

409 4881 426 4920 a
448 4857 529 4921 Solis
555 4860 702 4920 diametro
727 4861 870 4922 estnihil
895 4861 976 4921 aliud
1005 4880 1093 4940 quam
1121 4881 1193 4942 pars
1217 4867 1404 4923 curvaturae.
1449 4860 1557 4940 Itaque
1582 4875 1658 4937 quae
1681 4863 1767 4918 recta

409 4969 426 5009 a
448 4946 520 5009 Sole
545 4956 689 5030 coeperat
710 4949 849 5030 produci,
874 4951 1009 5011 omnibus
1034 4950 1169 5012 articulis
1194 4952 1350 5013 incurvata
1372 4948 1495 5011 taudem
1519 4946 1650 5027 speciem
1673 4964 1766 5026 prae-

409 5036 473 5099 buit
500 5037 693 5101 declinantis.
740 5039 851 5112 Dicite,
875 5039 1023 5115 Pierides,
1054 5059 1130 5119 quae
1155 5040 1196 5103 sit
1217 5059 1311 5103 causa
1333 5036 1501 5105 inflexionis
1533 5036 1634 5120 hujus,
1668 5044 1699 5099 et
1730 5032 1768 5102 de
