4584 6192
466 600 534 669 ω
657 549 659 554 ,
958 603 1132 653 emensur-
1148 602 1212 662 Ρη.
1229 601 1331 667 ossa.

314 752 316 757 ,
354 796 357 799 ·
467 797 526 859 quo
549 777 705 840 sublimior
727 784 776 839 eet
797 778 892 839 centri
911 781 1001 858 qnam
1023 778 1133 859 reliqui
1155 778 1291 857 corporis
1314 778 1507 851 informatio,
1532 778 1589 840 boc
1608 777 1715 841 fortior
1733 780 1828 841 mam

469 866 566 929 centri
588 867 628 928 ad
652 874 766 928 certum
798 867 964 945 superficiei
988 874 1139 946 punctum,
1165 885 1254 946 quam
1278 868 1485 929 universorum
1506 865 1733 947 interjectorum
1756 885 1827 930 cor-

467 955 550 1035 poris
572 965 750 1034 punctorum
773 963 822 1016 est
843 955 984 1016 radiatio.

556 1043 702 1123 Adeoque
724 1042 789 1104 fere
813 1043 927 1105 unicum
953 1049 1087 1104 centrum
1111 1042 1246 1121 corporis
1266 1040 1384 1103 Solaris
1409 1052 1466 1116 est,
1492 1044 1571 1123 quod
1594 1051 1699 1106 tantos
1722 1052 1829 1105 aestus

469 1132 604 1194 excitat:
638 1140 670 1193 et
700 1131 725 1191 si
753 1131 861 1191 subeat
888 1130 1019 1192 animum
1050 1130 1213 1209 cogitatio,
1249 1129 1390 1210 quidnam
1422 1131 1569 1194 intuearis
1599 1130 1683 1195 Solis
1717 1150 1829 1212 corpus

468 1219 630 1301 aspicieus,
653 1220 746 1280 nolito
769 1220 901 1294 credere,
926 1227 956 1279 te
980 1220 1076 1281 solam
1100 1238 1223 1281 cernere
1238 1218 1444 1298 superficiem:
1468 1239 1527 1281 nou
1550 1228 1639 1283 tanta
1652 1220 1700 1282 vis
1719 1220 1830 1283 haeret

466 1309 499 1371 iu
522 1307 732 1388 superficiebus
747 1326 914 1386 corporum,
940 1308 994 1369 sed
1017 1308 1098 1369 intus
1123 1308 1151 1367 in
1171 1306 1317 1386 profundo
1342 1307 1427 1382 latet,
1452 1308 1538 1369 utin
1551 1316 1703 1388 magnete,
1729 1310 1827 1372 adeo-

468 1416 525 1478 que
548 1415 641 1477 supra
662 1414 729 1476 cap.
754 1396 780 1457 Ι.
803 1414 849 1475 pr.
877 1394 927 1459 15.
952 1415 989 1457 ne
1013 1396 1130 1457 colores
1154 1396 1271 1475 quidem
1295 1414 1333 1458 ex
1355 1396 1443 1459 nudis
1466 1397 1681 1478 superficiebus
1699 1398 1824 1459 denra-

467 1486 584 1548 bsmus.
631 1482 694 1547 Sed
717 1493 749 1546 tu
772 1503 879 1563 corpus
903 1482 985 1546 Solis
1003 1483 1177 1563 amiciens,
1206 1483 1284 1546 scito
1307 1492 1340 1545 te
1362 1484 1492 1565 undique
1522 1484 1552 1546 iu
1576 1494 1644 1547 tots
1666 1486 1825 1565 superficie

467 1572 646 1655 aspectabili
670 1581 804 1635 centrum
827 1572 909 1634 Sulis
932 1593 986 1653 per
1008 1572 1221 1635 refractionem
1243 1571 1370 1634 intueri:
1399 1579 1434 1634 ut
1459 1573 1546 1652 cujus
1578 1574 1745 1636 fortissima
1776 1582 1826 1635 est

467 1661 644 1736 illustrati03
672 1662 702 1724 id
727 1661 785 1723 nisi
809 1672 873 1723 tam
896 1661 973 1723 forte
997 1670 1095 1736 esset,
1126 1660 1239 1740 aliquid
1262 1680 1336 1723 saue
1360 1661 1397 1722 de
1421 1658 1502 1724 Solis
1526 1681 1650 1742 corpore
1675 1681 1824 1726 cerneres.

558 1748 701 1812 Centrum
725 1749 817 1828 igitur
840 1758 897 1823 est,
922 1751 999 1810 uude
1024 1749 1108 1829 origo
1127 1757 1176 1810 est
1194 1749 1273 1811 luci:
1297 1749 1470 1830 superficies
1493 1758 1552 1823 est,
1575 1770 1652 1832 quae
1667 1771 1706 1813 ex
1720 1761 1825 1815 centro

467 1840 528 1902 rim
552 1839 629 1900 hauc
653 1838 780 1917 suscipit
803 1846 835 1899 et
857 1838 914 1899 toti
938 1838 1048 1900 mundo
1072 1838 1238 1918 dispensat,
1262 1839 1399 1919 quodque
1422 1858 1454 1900 se
1478 1839 1545 1918 ipso
1567 1840 1672 1902 oculos
1695 1840 1735 1903 ob
1759 1840 1825 1901 exi-

467 1928 587 1991 litatem
610 1937 678 1988 erat
697 1925 895 2005 effugiturum,
920 1926 951 1989 id
975 1925 1146 2005 superficies
1162 1924 1295 1989 dilatans
1317 1926 1356 1988 ob
1375 1928 1477 1990 oculos
1492 1928 1592 1990 sistit:
1616 1928 1826 1991 intermedium

468 2016 595 2097 denique
619 2024 676 2090 est,
701 2015 780 2095 quod
802 2024 836 2077 et
857 2024 960 2076 centro
974 2016 1137 2077 transitum
1160 2015 1190 2076 iu
1204 2015 1390 2095 superficiem
1414 2024 1447 2077 et
1466 2015 1634 2096 superficiei
1657 2017 1718 2079 rim
1733 2036 1825 2097 spar-

468 2105 559 2185 gendi
582 2104 680 2165 lucem
702 2122 757 2183 per
778 2103 1001 2183 hemisphaeria
1031 2104 1182 2166 conciliat
1227 2105 1313 2166 Haeo
1344 2113 1417 2166 uota
1449 2115 1480 2166 et
1512 2124 1582 2167 cum
1602 2105 1711 2168 divinis
1734 2105 1825 2167 rebus

468 2211 592 2273 cumque
616 2192 662 2267 iis,
687 2210 763 2273 quae
787 2191 815 2252 in
839 2191 1028 2271 praefatione
1052 2192 1162 2271 capitis
1186 2192 1272 2272 primi
1296 2192 1368 2267 dixi,
1393 2194 1505 2256 confer.
1549 2192 1677 2256 Videbis
1698 2194 1729 2256 iu
1752 2192 1826 2256 Sole

469 2282 580 2353 mundi,
604 2281 635 2343 iu
659 2281 767 2343 muodo
790 2280 847 2342 Dei
872 2280 1034 2342 conditoris
1066 2280 1225 2359 imaginem
1257 2281 1450 2361 palpabilem.
1496 2280 1565 2344 Etsi
1589 2300 1659 2344 vero
1682 2300 1723 2344 ex
1745 2282 1828 2344 omui

469 2368 637 2451 superficiei
659 2376 747 2449 parts
770 2369 898 2450 undique
922 2388 1011 2430 uuum
1030 2376 1165 2431 centrum
1180 2371 1310 2431 emicat:
1334 2389 1393 2432 nou
1416 2379 1517 2432 tamen
1532 2370 1670 2448 eflicitur,
1695 2372 1828 2452 nudique

469 2459 627 2540 aequalem
649 2476 718 2519 esse
740 2456 801 2520 vim
824 2457 1044 2520 illustrationis.
1090 2458 1171 2520 Nam
1193 2479 1214 2519 a
1234 2466 1345 2539 puncto
1369 2459 1466 2520 medio
1495 2461 1547 2521 lux
1568 2459 1828 2540 perpendicularis

469 2548 533 2610 exit
549 2555 588 2609 et
609 2546 717 2608 fortius
741 2546 819 2621 ferit,
844 2567 863 2607 a
886 2546 1031 2608 lateribus
1054 2546 1188 2608 refracta
1211 2547 1394 2610 debilitatur.
1437 2548 1472 2609 ld
1496 2548 1575 2609 euim
1597 2567 1636 2613 ex
1660 2548 1828 2630 opticorum

470 2635 608 2697 doctrina
629 2634 819 2697 retractionis
841 2634 992 2713 ingenium
1016 2641 1074 2697 est.
1120 2635 1251 2698 Proinde
1274 2645 1306 2698 et
1328 2636 1425 2716 major
1448 2634 1530 2699 Solis
1552 2636 1653 2717 portio
1682 2638 1829 2719 majorem

471 2723 642 2785 illustrandi
664 2723 725 2784 vim
749 2723 875 2797 obtinet,
898 2724 994 2785 minor
1016 2724 1172 2786 minorem.

866 2915 897 2979 2.
934 2918 985 2979 De
1008 2918 1136 2979 Lunae
1159 2918 1434 2981 illustratione.

559 3078 644 3139 Haec
667 3076 878 3157 antiquissima
900 3076 1103 3139 astronomiae
1124 3097 1197 3160 pars
1222 3077 1286 3153 fuit,
1311 3089 1346 3139 ut
1367 3077 1397 3138 iu
1422 3096 1453 3139 re
1477 3077 1615 3140 omuibus
1638 3077 1731 3140 obvia
1754 3098 1830 3142 oau-

471 3187 522 3230 sas
545 3166 745 3247 inquirerent3
778 3166 857 3229 unde
881 3163 998 3226 scilicet
1018 3165 1169 3239 eveniret,
1193 3174 1227 3228 ut
1247 3167 1336 3228 Luus
1358 3175 1511 3229 menstruo
1535 3165 1662 3230 circuitu
1685 3176 1834 3230 nascatur

471 3265 504 3320 et
524 3263 682 3327 vanescat,
704 3253 863 3334 variasque
887 3253 1004 3333 species
1027 3253 1141 3318 induat

559 3345 692 3406 Berosus
717 3341 900 3418 Chaldaeus,
923 3341 1075 3404 referente
1099 3342 1236 3422 Diogene
1250 3342 1386 3418 Laertio,
1410 3344 1528 3409 Lunam
1551 3342 1682 3409 docebat
1704 3362 1774 3406 esse
1793 3363 1833 3408 ex

473 3431 597 3495 dimidia
623 3440 711 3511 parte
739 3430 887 3507 lucidam,
920 3450 972 3493 seu
1005 3440 1039 3491 ut
1067 3428 1247 3494 Cleomedes
1279 3432 1374 3495 refert
1404 3434 1608 3513 semigneam,
1641 3452 1679 3494 ex
1709 3431 1833 3495 residua

472 3520 581 3582 lumine
612 3520 691 3583 omni
723 3519 875 3581 orbatam:
908 3520 1030 3600 fierique
1059 3538 1097 3581 ex
1125 3519 1207 3601 globi
1236 3522 1447 3596 conversione,
1482 3532 1515 3585 ut
1543 3522 1643 3585 lucida
1665 3541 1738 3605 pars
1761 3529 1834 3602 post

473 3628 581 3690 corpus
604 3610 702 3671 latens
726 3609 870 3688 paulatim
894 3608 992 3686 magis
1016 3615 1105 3689 atque
1129 3609 1226 3689 magis
1251 3619 1398 3691 emergat.

561 3698 656 3777 Hujus
681 3698 863 3759 sententiam
879 3697 990 3758 Thales
1005 3698 1144 3759 Milesius
1168 3698 1320 3760 meliorem
1345 3699 1486 3772 reddidit,
1510 3698 1683 3780 primusque
1706 3697 1737 3759 id
1752 3697 1834 3777 quod

472 3806 522 3849 res
555 3795 619 3859 est,
654 3795 751 3849 totum
785 3787 840 3848 hoc
869 3785 1121 3865 hemisphaerium
1152 3786 1266 3849 aSole
1299 3787 1443 3849 illustrari
1472 3788 1648 3869 Lunamque
1681 3786 1765 3848 nulla
1797 3806 1834 3847 ex

472 3884 559 3957 parte
583 3895 617 3937 se
641 3876 708 3956 ipsa
737 3876 837 3938 lucere
868 3875 965 3937 dixit:
999 3875 1078 3954 quod
1101 3876 1282 3937 Plutarchus
1305 3874 1509 3956 Anaxagorae
1543 3877 1659 3939 tribuit
1705 3874 1836 3938 Poterat

472 3966 503 4028 id
527 3966 658 4026 Berosus
682 3965 730 4025 vel
754 3984 792 4026 ex
815 3982 850 4026 eo
874 3964 1027 4043 colligere,
1052 3963 1131 4044 quod
1154 3964 1192 4026 ad
1217 3964 1334 4026 oculum
1357 3974 1461 4044 patet,
1485 3984 1543 4027 uon
1567 3984 1686 4045 semper
1709 3964 1835 4026 eaedem

472 4053 577 4117 Lunae
601 4061 706 4132 partes
737 4054 846 4115 lucere.
896 4050 994 4122 Quam
1026 4051 1106 4114 enim
1139 4052 1227 4115 nobis
1257 4054 1285 4114 in
1319 4054 1407 4116 Luna
1438 4054 1547 4116 faciem
1579 4073 1618 4115 ex
1645 4053 1834 4115 macularum

472 4142 669 4222 dispositione
692 4143 905 4221 imaginamur,
928 4142 983 4203 ills
1006 4142 1177 4203 successive
1201 4142 1324 4204 enititur
1347 4144 1377 4205 iu
1400 4144 1496 4206 lucem
1521 4161 1698 4223 semperque
1722 4139 1834 4204 immo-

473 4229 541 4292 bilis
562 4231 600 4292 ad
623 4249 677 4291 nos
702 4232 840 4292 deorsum
865 4228 1059 4303 convertitur,
1085 4230 1142 4293 luci
1166 4231 1327 4293 transitum
1352 4250 1443 4311 super
1465 4251 1533 4294 sese
1556 4232 1738 4294 concedens.
1774 4230 1836 4295 Est

474 4318 503 4378 iu
528 4317 836 4380 occidentali'Luuae
860 4318 993 4398 margine
1017 4319 1108 4396 paulo
1132 4338 1224 4399 supra
1247 4320 1373 4395 oculum,
1398 4339 1503 4382 versus
1531 4321 1689 4394 verticem,
1714 4320 1836 4381 macula

475 4406 652 4486 nigerrima,
686 4408 789 4487 puncti
820 4408 936 4480 instar,
967 4406 995 4466 iu
1021 4407 1118 4468 media
1141 4418 1173 4469 et
1196 4408 1366 4471 clarissima
1389 4409 1475 4481 luce,
1498 4418 1642 4488 separata
1665 4430 1684 4469 a
1707 4409 1836 4471 maculis

474 4513 528 4556 ceu
553 4494 651 4557 insula
674 4518 693 4558 a
716 4496 957 4568 contineutibus,
980 4495 1031 4556 vix
1054 4495 1141 4576 digiti
1165 4497 1326 4560 latitudine
1349 4496 1388 4559 ab
1412 4508 1546 4560 extremo
1579 4497 1671 4561 limbo
1703 4497 1834 4560 distans.

473 4583 560 4645 Hauc
585 4585 641 4659 ibi,
675 4604 781 4664 nempe
804 4585 834 4646 iu
859 4584 1038 4646 occidentali
1062 4585 1196 4665 margine
1228 4595 1260 4648 et
1290 4586 1380 4666 paulo
1408 4604 1515 4649 versus
1548 4586 1691 4649 verticem
1715 4603 1833 4663 cernes,

474 4694 528 4735 seu
553 4673 675 4737 dividua
698 4674 785 4735 Luna
804 4673 845 4736 sit
878 4693 931 4734 seu
959 4673 1086 4755 gibboso
1118 4693 1172 4735 seu
1196 4675 1313 4736 omuino
1336 4676 1436 4756 plena.
1485 4674 1623 4738 Circulos
1646 4675 1739 4754 igitur
1762 4674 1834 4737 illu-

474 4761 648 4824 minationis
674 4762 802 4843 primum
835 4761 918 4824 illurn
948 4761 1090 4843 attingit,
1123 4774 1195 4845 post
1224 4764 1337 4826 transit
1369 4765 1467 4845 magis
1498 4765 1668 4845 magisque,
1700 4773 1732 4828 et
1763 4772 1837 4846 post

473 4850 668 4934 plenilunium
700 4851 790 4930 plane
821 4852 943 4915 deserit.
991 4848 1093 4920 Quare
1127 4871 1184 4913 uon
1221 4853 1346 4915 eaedem
1375 4854 1479 4916 Lunae
1512 4863 1615 4933 partes
1652 4871 1774 4933 semper
1806 4853 1836 4915 iu

475 4941 583 5004 lumine
608 4948 688 5015 sunt,
713 4940 792 5019 quod
807 4940 941 5003 Berosus
965 4938 1172 5014 existimabat,
1196 4943 1250 5004 sed
1275 4943 1399 5004 eaedem
1422 4943 1488 5022 ejus
1512 4941 1646 5023 corporis
1670 4950 1776 5023 partes
1796 4941 1837 5004 ad

473 5028 624 5091 Tellurem
648 5028 815 5110 gyratiouis
840 5049 913 5091 suae
938 5036 1073 5090 centrum
1094 5037 1242 5108 perpetuo
1265 5039 1497 5094 convertuntur:
1522 5030 1590 5111 ipsa
1612 5050 1685 5094 vero
1709 5030 1836 5095 Terram

474 5117 681 5181 circumeundo
712 5117 788 5177 alias
826 5129 917 5198 atque
956 5117 1033 5177 alias
1073 5114 1138 5182 Soli
1171 5128 1276 5197 partes
1305 5121 1424 5199 objicit,
1453 5140 1523 5183 sese
1552 5120 1620 5199 ipsa
1647 5129 1793 5201 tanquan
1816 5140 1838 5182 a
