4584 6192
570 610 638 681 666
1050 614 1468 684 mmmmm

572 813 686 859 666666
704 795 806 875 jusso:
830 812 908 876 quae
929 792 1009 857 ratio
1031 795 1159 876 primum
1181 814 1201 857 a
1226 794 1368 877 Tycbonc
1395 801 1545 875 usurpata
1572 793 1662 857 avide
1688 800 1814 873 recepta
1841 798 1894 855 est
1913 811 1935 853 a

572 885 831 963 Landgrarianis,
862 892 895 945 61
916 900 1026 963 magno
1048 902 1115 947 cum
1139 884 1340 946 emolumento
1368 882 1627 959 observationum,
1655 882 1726 944 vide
1749 882 1800 945 lio.
1824 880 1932 961 1116.

574 974 629 1036 161.
653 971 686 1035 3.
724 972 762 1033 Ei
786 972 905 1052 quidem
929 973 1042 1035 formae
1065 971 1292 1052 Landgraviani
1315 972 1505 1035 instrumenti
1528 970 1632 1051 Tycbo
1655 971 1697 1033 iol
1720 968 1753 1033 8.
1776 971 1935 1032 metuebat

571 1081 613 1124 ne
635 1059 744 1123 similis
767 1069 854 1123 esset
875 1061 1010 1121 sextanti
1034 1080 1088 1123 sno
1110 1062 1239 1140 primum
1261 1068 1390 1139 parato:
1423 1062 1480 1123 sed
1507 1060 1679 1126 detenditur
1710 1059 1763 1121 161.
1785 1057 1842 1122 22.
1865 1060 1933 1138 ejus

571 1149 722 1213 certitudo
746 1170 766 1210 a
788 1150 990 1228 Landgravio.
1036 1149 1079 1211 Et
1100 1150 1195 1211 refert
1217 1150 1268 1211 161.
1293 1146 1345 1213 28.
1371 1148 1583 1212 Rothmannns
1605 1149 1740 1228 'lycboui
1762 1157 1933 1219 6616666661

573 1238 733 1319 genuinam
756 1239 890 1312 formam,
915 1257 992 1318 qnae
1010 1239 1120 1301 effectu
1135 1237 1323 1320 lycbouicae
1346 1238 1550 1317 aequipollet:
1574 1237 1604 1298 in
1617 1237 1684 1298 boc
1701 1237 1807 1299 solum
1820 1236 1934 1309 diliert,

571 1326 653 1408 quod
675 1327 706 1388 in
721 1325 890 1408 lychouico
913 1334 1053 1388 sextante
1076 1327 1304 1389 observatorum
1325 1334 1451 1406 uterque
1474 1327 1520 1389 sui
1543 1325 1705 1404 pinnacidii
1725 1325 1810 1386 rimis
1823 1324 1932 1404 paral·

573 1414 643 1478 lelis
665 1414 792 1476 eundem
814 1414 980 1496 cylindrum
1003 1415 1032 1477 in
1056 1423 1161 1477 centro
1183 1414 1375 1476 instrumenti
1402 1415 1610 1496 amplectitur,
1643 1415 1672 1476 iu
1696 1411 1933 1493 Landgrariano

574 1502 701 1585 quilibet
722 1520 808 1564 suum
831 1503 897 1564 loco
929 1503 1016 1564 unius
1047 1503 1193 1584 cylindri,
1225 1503 1428 1581 pinnacidium
1458 1503 1639 1582 parallelum
1668 1502 1758 1581 paulo
1783 1522 1803 1562 a
1824 1510 1933 1564 centm

571 1600 732 1654 remotum.
778 1592 886 1671 Itaque
916 1592 1018 1673 Tycbo
1049 1592 1102 1653 161.
1126 1587 1180 1656 38.
1210 1592 1250 1653 ad
1272 1592 1515 1670 Landgravinm,
1549 1600 1581 1653 et
1604 1588 1657 1653 61.
1681 1586 1735 1654 62.
1767 1590 1808 1651 66
1829 1590 1933 1651 Roth-

574 1697 716 1741 mannum
739 1678 898 1760 plurimum
919 1680 1076 1742 collaudat
1097 1688 1130 1742 et
1153 1681 1278 1742 formam
1301 1688 1334 1741 et
1355 1681 1488 1760 ipsomm
1501 1679 1690 1742 iudustriam.
1728 1680 1815 1740 Haec
1828 1679 1933 1758 itaque

573 1768 643 1831 luca
665 1767 787 1829 suntsi
810 1768 1010 1839 maculanda,
1042 1769 1092 1849 qni
1120 1769 1301 1849 specialiora
1331 1769 1487 1831 desiderat
1517 1769 1555 1830 de
1587 1767 1768 1830 observandi
1800 1768 1931 1829 ratione

572 1856 654 1918 Vide
678 1864 711 1917 et
733 1855 913 1917 Mechauioa
934 1856 1085 1938 Tychnnis
1108 1858 1180 1919 16116
1203 1859 1232 1919 Η
1255 1856 1286 1920 5.
1304 1887 1347 1900 -
1372 1857 1474 1938 Atque
1498 1858 1573 1918 haec
1596 1874 1651 1918 nos
1678 1857 1762 1918 visus
1793 1863 1932 1917 centrum

572 1944 731 2007 admonuit
753 1944 792 2006 de
815 1943 1077 2007 observationibus
1101 1945 1321 2008 astronomicis.

662 2033 760 2094 Multo
783 2032 870 2094 nobis
892 2032 1065 2113 diligentius
1089 2042 1138 2096 est
1160 2035 1217 2096 boc
1240 2034 1323 2096 visus
1345 2031 1488 2095 accidens
1511 2032 1689 2105 noandum,
1714 2050 1768 2093 cur
1788 2032 1932 2094 omnibus

573 2123 651 2184 adeo
664 2120 848 2183 bominibus
876 2139 1069 2201 quaecunque
1102 2123 1202 2185 lucida
1230 2130 1304 2183 6661
1334 2122 1450 2202 majora
1479 2127 1649 2201 appareant
1668 2121 1701 2181 iu
1722 2119 1931 2200 proportione,

569 2228 662 2292 quam
685 2229 763 2290 quae
785 2217 858 2271 sunt
875 2209 966 2288 juxta
987 2210 1088 2289 posita
1119 2212 1218 2273 minus
1246 2211 1355 2274 lucida
1402 2209 1524 2271 Etenim
1555 2209 1587 2271 in
1614 2208 1712 2288 prima
1740 2208 1792 2270 rel
1822 2208 1934 2272 ultima

568 2298 658 2380 pbasi
672 2298 777 2360 Lunae
800 2316 892 2360 cornu
914 2298 1045 2360 lucidum
1068 2300 1157 2377 longe
1175 2299 1314 2380 ampliori
1336 2298 1448 2361 circulo
1472 2298 1570 2361 claudi
1593 2296 1721 2370 videtur,
1745 2314 1837 2377 quam
1854 2296 1931 2358 reli-

571 2405 661 2469 quum
684 2403 793 2465 corpus
824 2385 935 2447 lumine
959 2387 1088 2449 Telluris
1120 2388 1304 2451 illustratum
1336 2397 1370 2451 et
1398 2386 1567 2450 clarissime
1595 2386 1798 2465 conspicuum.
1844 2385 1932 2448 Idem

570 2494 651 2537 anuo
677 2470 774 2538 1603.
801 2470 853 2537 14.
876 2470 931 2537 24.
955 2475 1093 2547 1161116
1118 2477 1224 2557 eclipsi
1249 2477 1369 2539 Lunae:
1395 2476 1515 2556 qnidam
1539 2475 1616 2537 enim
1639 2473 1706 2535 6166
1728 2473 1931 2554 comprehun-

569 2564 642 2625 dere
664 2570 808 2643 poteraut
820 2563 987 2643 marginem
1000 2564 1098 2643 partis
1110 2565 1303 2639 obscuratae,
1327 2564 1464 2645 quamvis
1485 2564 1553 2643 plus
1567 2564 1660 2624 tertia
1676 2570 1765 2641 parte
1778 2570 1929 2624 restaret:

570 2651 712 2713 dixerunt
733 2650 826 2731 igitur
839 2651 985 2713 obscurae
998 2652 1097 2731 partis
1111 2653 1253 2716 circulum
1268 2653 1481 2733 angustiorem.
1506 2651 1596 2714 Anno
1612 2647 1708 2715 1600.
1733 2651 1764 2713 7.
1793 2649 1845 2713 17.
1859 2651 1930 2713 Au·

568 2738 654 2819 gusti
681 2738 801 2819 vesperi
830 2738 892 2800 vidi
915 2740 1033 2801 Lunam
1056 2742 1132 2803 hora
1153 2761 1213 2804 uua
1236 2749 1306 2804 ante
1329 2761 1415 2804 snum
1441 2759 1583 2803 occasum
1605 2758 1673 2803 cnm
1695 2740 1786 2801 corde
1809 2737 1930 2819 Scorpii

440 2892 453 2915 ·
570 2826 729 2908 conjungi:
762 2826 989 2907 ingrediebatur
1011 2848 1101 2909 super
1124 2850 1176 2894 cor
1198 2830 1428 2912 septentrionali
1458 2836 1561 2909 parte,
1594 2836 1629 2890 61
1652 2828 1738 2909 quasi
1761 2828 1856 2890 tertia
1877 2848 1930 2905 cqc

570 2936 664 2993 coppe
684 2934 756 2995 pars
780 2932 872 2994 supra
893 2936 945 2979 cor
958 2917 1111 2992 emineret,
1136 2937 1262 2999 cumque
1286 2919 1393 2998 exiguo
1417 2918 1550 2980 differret
1573 2917 1669 2979 sectio
1692 2937 1712 2977 6
1734 2924 1820 2978 recta
1837 2916 1929 2991 linea,

571 3002 626 3068 Sol
649 3004 782 3066 enimin
805 3000 921 3081 25023
954 3006 1049 3068 multo
1078 3014 1181 3069 16666
1213 3007 1305 3070 latior
1331 3006 1491 3069 videbatur
1519 3007 1664 3087 trajectus
1686 3003 1785 3085 partis
1809 3004 1930 3067 lucidae

568 3093 622 3155 illo
644 3094 721 3167 1666,
747 3112 835 3174 quam
858 3094 1007 3155 distantia
1028 3094 1137 3157 stellae
1161 3116 1181 3157 a
1203 3096 1347 3158 sectionis
1370 3096 1460 3159 linea
1496 3094 1634 3158 Haecin
1658 3094 1824 3156 confinibus
1847 3092 1928 3174 Sty·

568 3181 632 3244 riae
656 3190 688 3243 et
710 3176 923 3260 ngariae,⁸²)
947 3181 1003 3245 611.
1025 3183 1088 3263 6611
1110 3179 1226 3265 47Ἰ.’.

658 3267 720 3340 Qui
744 3276 815 3331 suut
837 3269 978 3332 imbecilli
999 3272 1067 3334 visu
1095 3279 1128 3334 et
1157 3272 1207 3352 qui
1235 3272 1313 3334 alias
1345 3271 1384 3333 ad
1415 3280 1534 3334 remota
1560 3270 1748 3342 caecutiunt,
1777 3287 1834 3350 pro
1867 3288 1931 3331 uua

570 3358 658 3439 pluasi
680 3357 784 3419 decem
807 3358 947 3438 phasium
969 3360 1128 3423 cristatam
1151 3360 1260 3423 seriem
1283 3361 1341 3423 sibi
1364 3359 1582 3440 imaginantur:
1613 3358 1704 3420 iidem
1728 3358 1846 3419 eminus
1868 3359 1928 3420 bo-

571 3446 666 3508 mines
689 3446 857 3526 conspicati
888 3466 956 3510 cum
984 3448 1123 3511 candidis
1145 3449 1318 3522 collaribus,
1351 3449 1446 3511 166166
1468 3447 1636 3521 hominum,
1669 3448 1733 3508 sine
1764 3446 1822 3508 hoc
1855 3466 1929 3509 casu

569 3534 647 3596 satis
672 3532 842 3607 evidentes,
875 3554 933 3598 nou
961 3536 1177 3601 intumescunt
1225 3538 1261 3600 16
1288 3537 1460 3619 pleniluniis
1491 3535 1641 3598 interdum
1672 3554 1729 3597 usu
1759 3534 1860 3610 venit,
1894 3544 1930 3597 61

569 3623 672 3686 videre
696 3631 746 3684 est
768 3622 798 3683 in
813 3624 1075 3688 observationibus
1089 3626 1251 3708 Tychonis,
1275 3635 1310 3689 61
1324 3625 1452 3708 6616666
1475 3626 1523 3687 vel
1547 3643 1602 3685 sex
1615 3623 1785 3686 hominibus
1799 3625 1930 3687 eandem

569 3712 688 3774 Lunam
711 3710 942 3776 observantibus
964 3731 1019 3794 pro
1043 3715 1186 3795 cujusque
1209 3715 1292 3776 visus
1316 3714 1481 3776 acrimonia
1500 3713 1638 3775 diametri
1656 3730 1765 3775 census
1787 3732 1808 3773 a
1830 3710 1871 3775 31
1898 3712 1929 3774 16

569 3795 613 3864 36
636 3799 752 3862 minuta
774 3800 971 3879 vagabundus
995 3811 1194 3866 excresceret
1240 3801 1329 3874 Quae
1352 3804 1428 3864 adeo
1451 3801 1615 3882 praecipua
1637 3801 1674 3862 de
1693 3802 1782 3862 Luna
1804 3800 1932 3882 querela

569 3897 627 3951 ast.
674 3891 764 3950 Anno
789 3885 885 3959 1591,
910 3888 963 3951 22.
988 3891 1077 3952 Febr.
1102 3893 1189 3953 Luna
1211 3890 1292 3954 22¹·
1315 3892 1486 3964 observata,
1511 3890 1558 3951 bis
1582 3887 1634 3961 31,
1659 3890 1759 3951 sexies
1774 3886 1828 3962 32,
1853 3908 1929 3969 666-

569 3977 629 4040 1166
652 3974 706 4052 33,
731 3976 831 4037 sexies
854 3974 907 4051 34,
932 3975 1101 4042 66166136.
1139 3981 1175 4042 16
1199 3981 1354 4059 6611661616
1376 3981 1481 4042 Lunae
1503 3978 1673 4059 primordiis
1696 3978 1778 4048 mibi,
1801 3978 1853 4056 661
1873 3978 1931 4039 boc

568 4066 643 4128 vitio
669 4066 782 4138 laboro,
806 4066 932 4144 primum
952 4068 1082 4129 omnium
1096 4069 1233 4130 66166166
1249 4068 1495 4130 animadvertitur
1510 4076 1601 4145 atque
1621 4066 1714 4127 etiam
1728 4068 1830 4146 plaga,
1851 4066 1930 4128 6666

567 4153 712 4233 ingmant
732 4153 884 4230 tenebrae,
915 4154 1003 4235 longe
1027 4164 1097 4217 6616
1113 4157 1239 4229 initium,
1263 4157 1373 4218 ceteris
1388 4157 1438 4237 661
1458 4166 1530 4218 6661
1543 4154 1717 4216 6661166166
1741 4155 1808 4216 visu
1829 4154 1931 4216 adhuc

569 4239 796 4315 dubitantibus,
831 4251 865 4302 ut
892 4243 980 4322 liujus
1011 4244 1082 4306 6661
1109 4240 1202 4308 1603.
1232 4264 1334 4306 66666
1357 4245 1449 4306 Μ616.
1497 4245 1577 4307 Nam
1609 4242 1682 4304 milii
1710 4242 1793 4303 61616
1822 4243 1931 4304 Lunae

568 4328 713 4409 crispatio
737 4328 862 4402 sistitur,
888 4332 975 4393 Luna
998 4333 1036 4393 66
1060 4333 1194 4395 umbram
1218 4334 1381 4397 accedente
1404 4341 1437 4395 et
1459 4341 1551 4394 exuta
1567 4330 1648 4393 Solis
1670 4330 1824 4392 radiorum
1838 4340 1930 4409 parte

568 4418 737 4497 potissima
784 4419 820 4479 In
849 4417 930 4481 Solis
962 4421 1123 4499 eclipsibus
1156 4422 1205 4483 616
1234 4422 1312 4483 16161
1337 4422 1469 4496 initium,
1502 4420 1602 4482 subito
1634 4419 1803 4500 majuscula
1825 4418 1932 4500 aliqua

567 4506 718 4586 particula
757 4506 863 4567 deesse
902 4506 1036 4584 videtur,
1075 4510 1167 4571 etiam
1200 4510 1280 4572 66611
1309 4511 1393 4574 visus
1425 4508 1603 4571 bominibus.
1658 4508 1725 4569 Nec
1755 4526 1871 4569 cornua
1899 4506 1931 4569 16

566 4615 693 4659 acumen
717 4594 903 4670 desinentia,
928 4598 983 4658 sed
1006 4607 1124 4669 retusa,
1148 4599 1208 4660 imo
1232 4599 1329 4660 recisa
1352 4607 1384 4660 61
1406 4600 1495 4679 61666
1519 4597 1621 4658 soleae
1645 4596 1772 4675 equinae
1797 4596 1930 4674 speciem

569 4687 620 4757 (61
644 4702 723 4746 auno
751 4681 845 4745 1601.
870 4683 1045 4758 Decembri)
1070 4687 1191 4765 quidam
1219 4707 1253 4749 se
1281 4688 1383 4750 videre
1411 4687 1593 4748 exclamant.
1638 4685 1786 4747 Defectus
1808 4685 1930 4764 magni·

566 4775 640 4836 1666
665 4790 784 4851 semper
799 4779 980 4835 extenuatur
1003 4774 1031 4834 in
1047 4776 1152 4849 oculis,
1177 4775 1326 4837 dilatante
1350 4795 1383 4838 66
1403 4775 1532 4853 6661666
1549 4773 1659 4835 lumine
1682 4781 1715 4835 et
1737 4773 1930 4834 interminus

566 4862 650 4924 limbi
673 4860 789 4931 Lunae,
814 4867 848 4920 61
871 4860 996 4935 videtur,
1023 4861 1219 4941 ingrediente.
1264 4862 1344 4935 Quin
1368 4864 1560 4925 6661166166
1583 4871 1617 4924 61
1638 4861 1695 4923 hoc
1718 4871 1929 4941 argumentum

545 4949 759 5013 dilatationis
782 4947 879 5026 hujus,
905 4948 931 5010 61
945 4950 1051 5012 Lunae
1075 4969 1183 5030 corpus
1207 4952 1246 5013 ad
1270 4972 1382 5032 opacae
1406 4952 1529 5031 regulae
1553 4951 1686 5024 limbum,
1710 4952 1761 5030 qui
1784 4952 1827 5014 sit
1843 4951 1930 5013 oculo

566 5039 763 5120 propinquus,
787 5037 1005 5111 accommodes,
1029 5038 1138 5100 limbus
1161 5057 1227 5100 cum
1250 5042 1400 5102 sitrecte
1424 5041 1504 5102 11666
1525 5047 1558 5100 61
1580 5038 1714 5119 integra,
1747 5039 1930 5121 interpositu

566 5128 670 5191 Imnae
686 5126 849 5189 diminutus
873 5145 912 5188 66
933 5134 1021 5205 parte
1036 5126 1196 5203 ridebitur,
1220 5128 1325 5192 Lunae
1349 5129 1459 5191 lumine
1482 5128 1567 5192 limbi
1584 5128 1928 5208 speciemobliterauta.
