4584 6192
918 559 1186 612 cmm-cxxxvr.
1661 561 1725 628 555

462 733 568 812 Itaque
592 740 736 812 qnantum
760 742 934 798 attenuatur
958 738 1032 810 lens,
1057 744 1175 799 tantum
1198 737 1356 816 elongatur
1379 758 1539 802 concursus
1564 741 1636 801 fere.

466 819 628 883 CXXXII.
676 823 901 904 Propositio.
953 825 986 886 Si
1019 827 1137 887 cavitas
1167 845 1205 886 ex
1237 826 1343 888 minori
1376 828 1485 889 circulo
1519 829 1609 891 fuerit
1640 848 1728 910 qnam

372 909 564 984 convexitas,
600 911 674 972 radii
699 912 785 973 nnius
813 914 916 992 puncti
945 915 1091 975 diametro
1115 923 1186 994 post
1209 934 1372 976 convexum
1397 916 1536 977 collocati
1561 918 1727 997 'divergunt

372 1000 503 1077 amplius
536 1000 667 1061 transita
696 1001 786 1062 lente.
834 1002 894 1063 Seu
923 1004 1097 1064 convexitas
1132 1003 1255 1082 majoris
1288 1004 1390 1065 circuli
1422 1006 1570 1084 derogans
1603 1007 1730 1067 cavitati

372 1088 507 1160 minoris,
531 1096 670 1167 praestat
694 1091 831 1151 effectum
855 1092 997 1152 cavitatis
1022 1092 1124 1153 circuli
1149 1093 1237 1152 valde
1262 1094 1371 1170 magui.

464 1176 557 1238 Radii
591 1179 670 1239 enim
695 1178 762 1251 ΟΕ,
788 1180 842 1240 DF
871 1182 952 1241 intra
981 1200 1089 1259 corpus
1123 1202 1141 1240 a
1174 1189 1285 1259 puncto
1315 1181 1344 1241 G
1379 1181 1542 1255 venientes,
1580 1183 1634 1246 FIR-
1655 1178 1699 1229 35·

371 1265 398 1325 si
422 1266 453 1325 id
478 1266 624 1327 diametro
645 1269 740 1329 distat
754 1289 773 1328 a
787 1287 930 1342 convene,
954 1269 1092 1348 paralleli
1112 1277 1182 1330 snut
1204 1288 1257 1348 per
1270 1269 1405 1330 XXXV.
1438 1267 1539 1338 Quare

372 1362 480 1414 secant
503 1353 556 1415 EF
584 1374 745 1418 concavam
774 1357 921 1437 obliquius
951 1376 1039 1436 qnam
1070 1376 1234 1419 convexam
1268 1357 1339 1430 CD3
1374 1366 1476 1417 cetera
1506 1367 1539 1418 nt

373 1442 521 1505 CXXIX.
555 1442 609 1505 Sin
626 1444 657 1507 G
678 1447 800 1525 propius
825 1447 933 1507 fuerit:
959 1446 1011 1508 ΟΕ
1032 1455 1063 1507 et
1081 1447 1136 1507 DF
1159 1448 1239 1507 intra
1253 1466 1360 1526 corpus
1384 1446 1542 1525 divergent

372 1550 481 1592 versus
502 1531 555 1592 EF
577 1551 631 1611 per
652 1535 832 1609 XXXVII,
857 1536 953 1615 magis
978 1545 1077 1596 autent
1102 1535 1172 1604 Ell,
1198 1537 1248 1596 FB
1272 1535 1393 1596 refracti
1417 1536 1445 1597 in
1471 1541 1540 1595 aere

372 1637 428 1698 per
449 1617 552 1682 XCII.

465 1707 644 1770 CXXXIII.
692 1710 915 1789 Propositio.
968 1711 1002 1772 Si
1031 1712 1148 1773 cavitas
1179 1712 1269 1773 lentis
1299 1732 1358 1773 una
1385 1711 1540 1789 superficie

372 1815 527 1859 convexae
551 1806 685 1859 centrum
713 1820 796 1859 sunm
830 1801 969 1861 habuerit
1002 1801 1126 1862 interius
1150 1810 1253 1862 centro
1287 1801 1431 1861 convexi:
1465 1799 1542 1861 radii

373 1888 477 1966 puncti
508 1886 600 1947 etiam
630 1888 785 1966 longinqui
809 1908 863 1968 per
891 1891 1001 1950 lentem
1035 1891 1203 1951 efficiuntur
1235 1891 1437 1969 divergentes.
1484 1889 1543 1948 Illa

373 1975 560 2054 aequipollet
583 1976 656 2036 lenti
680 1995 753 2055 pure
778 1997 871 2038 cavae
895 1978 1005 2039 circulo
1030 1979 1117 2039 valde
1142 1998 1260 2057 aragne.
1288 2037 1292 2043 ,

463 2064 542 2125 Nam
565 2065 607 2125 sit
631 2063 659 2124 G
683 2073 823 2144 punctum
856 2068 1061 2146 longinquum,
1097 2087 1167 2146 ergo
1197 2068 1259 2146 ejus
1288 2066 1363 2128 radii
1390 2063 1457 2133 GC,
1483 2062 1541 2125 GD

373 2152 512 2232 paralleli
535 2161 606 2214 sunt
628 2172 682 2232 per
696 2154 815 2216 XXIII.
853 2155 934 2233 Ergo
960 2155 1022 2225 ΟΕ,
1049 2157 1102 2217 DF
1126 2157 1204 2217 intra
1228 2175 1335 2234 corpus
1359 2161 1542 2230 convergunt

372 2260 430 2320 per
444 2241 596 2316 XXXIV,
622 2262 657 2303 ac
677 2243 704 2302 si
723 2263 920 2304 concursurae
943 2253 1045 2304 essent
1068 2244 1317 2323 sesquidiametre
1341 2242 1541 2303 convexitatis

373 2331 404 2392 in
429 2330 497 2392 ΗΗ.
536 2328 653 2399 Quodsi
685 2341 787 2392 centro
811 2335 836 2394 B
860 2333 987 2405 circulus
1019 2332 1115 2393 minor
1137 2352 1191 2412 per
1214 2333 1240 2392 Ε
1265 2332 1454 2405 scriberetur,
1479 2336 1541 2391 tuin

373 2417 439 2493 ΕΒ,
477 2420 529 2480 FB
559 2419 775 2497 interciperent
804 2422 970 2501 portionem
1002 2422 1065 2499 ejus
1096 2423 1260 2500 majorem,
1293 2440 1380 2501 quam
1409 2428 1458 2479 est
1488 2416 1542 2480 CI)

373 2515 516 2587 respectu
544 2508 589 2569 sui
621 2508 731 2570 circuli.
779 2511 887 2583 Patet;
920 2528 987 2570 cum
1011 2511 1089 2572 euim
1114 2509 1167 2571 ΟΕ
1201 2512 1307 2571 tendat
1338 2527 1443 2569 versus
1466 2507 1542 2579 IIIl;

374 2604 516 2675 puuctum
539 2597 566 2657 Ε
590 2598 712 2658 inferius
741 2606 790 2659 est
817 2600 897 2659 linea
921 2597 983 2661 CB.
1032 2597 1084 2660 CB
1109 2619 1179 2660 vero
1204 2601 1251 2672 (et
1278 2617 1336 2658 non
1360 2596 1461 2668 ClIII)
1485 2596 1542 2656 ab·

377 2685 530 2746 scinderet
553 2688 672 2746 demum
696 2688 847 2765 portiones
873 2688 996 2748 similes.
1034 2688 1131 2749 Multo
1155 2689 1252 2767 magis
1276 2688 1365 2765 igitur
1390 2694 1459 2745 tnnc
1483 2684 1535 2744 EF
1560 2683 1655 2762 major
1680 2680 1739 2741 erit

378 2774 482 2836 circuli
515 2775 561 2836 sui
592 2775 707 2854 portio,
742 2796 808 2837 cum
841 2777 906 2856 ejus
940 2785 1073 2836 centrum
1099 2785 1146 2838 est
1179 2798 1270 2856 supra
1292 2778 1331 2847 B,
1357 2782 1391 2834 ut
1419 2775 1448 2834 in
1472 2774 1511 2833 A.
1560 2770 1639 2841 Quia
1664 2786 1735 2847 ergo

377 2863 476 2941 major
499 2871 547 2924 est
570 2864 668 2942 portio
691 2864 747 2925 EF
771 2885 858 2944 qnam
875 2864 939 2937 CD,
965 2866 1059 2943 major
1082 2875 1130 2926 est
1154 2867 1246 2926 etiam
1269 2863 1423 2925 inclinatio
1440 2861 1493 2922 CF
1513 2861 1552 2920 ad
1570 2860 1623 2921 EF
1648 2876 1736 2938 quam

377 2954 418 3014 ad
444 2951 510 3013 CD.
556 2953 655 3031 Major
678 2952 769 3031 igitur
792 2953 933 3015 refractio
958 2953 986 3014 in
1011 2954 1037 3014 Ε
1062 2950 1248 3026 extrorsum,¹
1264 2971 1318 3031 per
1342 2952 1380 3013 II.
1406 2969 1494 3029 <quam
1518 2950 1548 3009 in
1573 2947 1598 3010 C
1622 2948 1736 3008 intror-

376 3061 454 3113 sum,
480 3057 585 3101 versns
608 3040 705 3103 BDG.
744 3044 812 3103 Non
837 3051 907 3103 suot
931 3042 1021 3119 igitur
1043 3045 1207 3121 parallelae
1233 3040 1300 3114 GC,
1325 3040 1391 3101 Ell.
1429 3040 1560 3100 Etcum
1585 3034 1651 3111 GC,
1678 3033 1737 3095 GD

375 3138 527 3209 ponantur
551 3130 725 3208 parallelae,
750 3132 814 3205 DB,
840 3134 894 3193 En
924 3151 1024 3192 earum
1057 3134 1206 3193 refractae
1231 3132 1259 3193 iu
1285 3130 1321 3200 Ε,
1347 3131 1371 3188 F
1395 3147 1468 3189 cavo
1498 3126 1624 3189 termino
1650 3121 1736 3184 densi

376 3218 513 3298 corporis
539 3220 703 3297 divergeut.

469 3307 645 3369 CXXXIV.
680 3308 906 3386 Propositio.
956 3310 1074 3370 Diversi
1099 3309 1219 3388 generis
1242 3308 1340 3368 lentes
1366 3326 1466 3385 purae,
1492 3303 1663 3364 associatae
1688 3300 1736 3360 in-

380 3397 535 3475 vicemque
560 3397 718 3474 contiguae
743 3398 947 3476 aequipollent
972 3399 1044 3458 lenti
1069 3399 1154 3458 ruisti
1180 3399 1308 3477 generis,
1335 3407 1365 3456 et
1391 3396 1511 3455 taudem
1536 3392 1608 3454 lenti
1632 3408 1735 3468 purae.

468 3485 702 3546 Demonstratur
736 3487 797 3545 fere
831 3496 864 3547 ut
888 3485 1018 3547 CXXV.
1067 3486 1116 3547 Sit
1148 3488 1225 3546 enini
1259 3487 1323 3545 lons
1356 3502 1491 3545 convexa
1515 3482 1569 3543 ΟΡ
1600 3488 1632 3539 et
1661 3496 1737 3538 cava

377 3575 449 3645 QR,
475 3584 506 3633 et
529 3575 682 3651 redigatur
716 3575 810 3652 ipsius
839 3574 893 3634 ΟΡ
922 3583 1046 3653 utraque
1080 3595 1215 3635 convexa
1247 3576 1417 3651 superficies

381 3665 410 3723 in
437 3682 525 3722 uuam
550 3682 715 3722 convexam
740 3663 790 3724 ST
813 3683 866 3741 per
890 3664 1037 3725 LXXIX.

470 3753 530 3810 l’er
554 3750 701 3812 CXXVI.
734 3772 804 3811 vero
836 3753 927 3813 ctiam
958 3752 1053 3831 ipsius
1078 3751 1135 3821 QR
1170 3750 1319 3810 cavitates
1343 3751 1424 3810 redi·
1483 3758 1688 3811 ⁰01

378 3850 493 3920 gantur
523 3841 552 3901 in
586 3860 675 3901 unam
701 3841 762 3900 VX
795 3843 906 3920 fiatque
938 3842 1023 3900 mixti
1054 3841 1173 3919 generis
1208 3842 1270 3901 lens
1299 3838 1422 3911 STXV,
1501 3840 1669 3923 Q

378 3930 490 4010 quodsi
522 3931 691 4007 praepollet
722 3929 839 3990 cavitas
871 3929 946 4001 VX,
976 3930 1032 3988 hoc
1063 3938 1112 3991 est
1143 3930 1169 3989 si
1200 3929 1264 4007 ejus
1295 3928 1423 3988 circulus

380 4028 431 4079 est
447 4018 551 4089 ruinor,
578 4019 642 4078 lens
662 4017 758 4078 mixta
773 4018 957 4097 aequipollet
975 4035 1048 4095 pure
1064 4037 1157 4078 cavae
1173 4038 1227 4096 per
1243 4015 1421 4077 CXXXIII.

378 4110 428 4170 Ac
454 4107 579 4185 proinde
604 4105 667 4180 OP,
693 4105 752 4176 QR
776 4107 887 4167 diversi
916 4106 1035 4185 generis
1064 4107 1188 4184 junctae
1223 4105 1425 4184 aequipollent
1494 4055 1522 4200 ᾗ
1654 4055 1679 4187 Ξ

376 4216 453 4275 pure
478 4214 571 4256 cavae
596 4196 697 4256 circuli
730 4196 818 4255 valde
843 4195 952 4273 magni.
1001 4193 1053 4255 Sin
1088 4205 1187 4256 autem
1220 4195 1421 4274 praepolleret

375 4286 556 4347 convexitas
571 4282 629 4357 ST,
650 4293 774 4362 propter
788 4285 932 4344 minorem
947 4284 1098 4357 circulum,
1117 4294 1151 4344 nt
1165 4285 1193 4343 in
1210 4284 1363 4343 schemate
1380 4281 1432 4345 34.
1451 4284 1478 4343 iu
1494 4286 1636 4362 iuenisco,
1652 4286 1737 4350 ABG

1514 3641 1567 3703 Fig.
1588 3635 1631 3685 36.

377 4371 560 4435 convexitas
583 4371 687 4451 major,
703 4370 789 4433 ADC
810 4372 927 4433 cavitas
947 4373 1051 4444 minor,
1075 4383 1144 4434 tnnc
1168 4374 1230 4433 lens
1252 4373 1348 4432 rnixta
1362 4373 1426 4446 SX,
1452 4392 1486 4432 ac
1506 4375 1630 4451 proinde
1647 4379 1739 4438 etiam
1830 4425 1835 4435 .

377 4465 458 4524 duae
474 4462 601 4523 invicem
616 4462 751 4523 sociatae
768 4460 830 4536 OP,
847 4461 906 4531 QR
916 4462 1040 4539 junctae
1056 4463 1260 4540 aequipollent
1274 4480 1345 4539 pure
1363 4479 1525 4534 convexae,
1540 4480 1592 4540 per
1608 4463 1738 4526 CXXX.

471 4549 634 4612 CXXXV.
682 4550 886 4611 Problerua.
933 4552 1169 4611 lustramentum
1195 4568 1303 4627 parare
1331 4549 1434 4629 magni
1462 4550 1564 4611 circuli
1592 4570 1737 4625 convexo,

377 4641 459 4721 qnod
484 4640 605 4700 brevius
630 4639 671 4699 sit
694 4639 831 4717 opinione
857 4639 984 4711 illorum,
1010 4640 1058 4718 qui
1083 4638 1249 4699 communia
1274 4638 1431 4699 fabricant.

469 4729 520 4788 Fit
553 4726 705 4807 geminato
740 4745 871 4787 convexo
905 4727 1008 4800 unico,
1047 4728 1143 4787 altero
1177 4727 1258 4788 intus
1290 4726 1419 4802 latente,
1457 4727 1535 4807 quod
1566 4730 1739 4807 speculator

377 4819 508 4897 ignoret,
533 4834 588 4894 per
614 4813 743 4877 CXXV.

470 4903 653 4968 CXXXVI.
701 4903 902 4965 Problema.
925 4929 927 4935 ·
950 4904 1183 4965 Instrumentum
1211 4922 1319 4983 parare
1343 4905 1443 4984 magui
1467 4902 1570 4966 circuli
1593 4923 1668 4965 cavo
1692 4907 1740 4980 (et

377 4994 430 5075 qui
454 4994 547 5056 etiam
571 5001 693 5072 superet
716 4993 857 5054 circulum
881 4992 1020 5066 convexi)
1045 4993 1122 5072 quod
1145 4991 1277 5053 visibilia
1300 5000 1508 5073 repraesentet
1531 4993 1646 5071 majora
1669 4994 1737 5075 opi·

377 5083 469 5145 nione
494 5099 606 5157 eorum,
630 5078 679 5163 qui
703 5079 870 5143 communia
892 5079 1092 5143 instrumenta
1115 5078 1274 5141 fabricant.
