4584 6192
466 560 531 630 too
967 564 1138 612 astronomum
1158 561 1218 612 aaa
1237 562 1334 626 opust.

467 739 662 804 inclinatione
685 738 847 801 constabit.
881 739 950 801 Non
973 738 1158 818 parallaxis;
1182 760 1253 802 nam
1275 747 1309 801 ut
1331 739 1411 802 infra
1433 757 1498 817 cap.
1522 738 1579 801 IX.
1604 738 1730 811 dicetur,
1754 737 1830 798 base

471 850 508 893 ex
531 830 622 891 rectis
646 848 704 890 non
730 837 832 907 potest
856 836 1085 908 repraesentare
1110 848 1211 891 curva.
1258 829 1326 891 Non
1352 828 1509 902 refractio;
1538 827 1595 888 nisi
1628 826 1730 888 neseio
1761 826 1832 905 quid

471 919 596 982 monstri
621 919 837 996 corrfingamus‚
869 917 1026 978 materiam
1051 918 1216 979 aetheriam
1241 917 1332 979 certis
1357 918 1500 997 gradibus
1527 914 1759 995 propinquitatis
1793 915 1833 975 ad

472 1009 528 1070 boe
557 1007 639 1067 sidus
673 1006 770 1085 magis
801 1006 955 1085 magisque
983 1025 1130 1080 crassam,
1167 1026 1220 1067 nec
1244 1006 1300 1067 nisi
1334 1026 1371 1066 ex
1394 1026 1454 1066 una
1477 1006 1543 1066 sola
1565 1015 1651 1084 parte
1684 1004 1714 1064 in
1743 1023 1832 1083 quam

472 1097 570 1158 cauda
593 1094 702 1174 vergit.
748 1095 849 1174 Atque
873 1096 903 1155 id
928 1095 1045 1174 quidem
1071 1096 1095 1157 si
1121 1098 1326 1169 statuerimus,
1351 1096 1523 1174 expeditum
1548 1094 1633 1155 nobis
1658 1093 1716 1154 erit
1740 1102 1771 1153 et
1796 1094 1833 1153 de

472 1184 687 1248 illuminatione
712 1185 824 1245 caudae
849 1185 915 1264 ipsa
938 1184 1128 1263 respondere.
1155 1184 1287 1245 Materia
1306 1203 1432 1264 namque
1457 1184 1636 1244 illustranda
1659 1184 1688 1244 in
1713 1191 1833 1261 promtu

472 1274 538 1336 erit.
583 1272 631 1333 Ea
650 1291 720 1334 veru
744 1292 801 1347 non
826 1295 844 1332 a
867 1273 939 1335 Sole
963 1273 1028 1351 ipso
1052 1272 1198 1335 illustrari
1222 1282 1339 1353 potest,
1374 1273 1444 1352 quia
1467 1272 1595 1351 simplex
1620 1282 1669 1332 est
1692 1272 1756 1351 ejus
1781 1271 1832 1331 lux

472 1371 503 1425 et
524 1381 600 1442 pura
624 1361 687 1422 sine
711 1362 869 1423 coloribus.
912 1362 942 1423 A
967 1360 1047 1422 Solis
1071 1381 1141 1423 vero
1167 1364 1231 1424 luce
1256 1369 1390 1423 cometae
1420 1381 1528 1441 corpus
1559 1368 1735 1422 transeunte
1759 1360 1828 1421 illu·

473 1452 564 1514 strari
587 1450 715 1530 poterit,
746 1457 908 1530 propterea
936 1451 1013 1529 qnod
1042 1469 1096 1528 per
1127 1458 1264 1512 cometae
1295 1468 1417 1528 corpus,
1443 1450 1520 1529 quod
1545 1451 1582 1510 ob
1607 1450 1683 1509 hanc
1709 1467 1833 1509 cansam

474 1559 547 1622 pure
572 1539 751 1618 pellucidum
775 1559 841 1599 esse
866 1540 1005 1600 convenit
1029 1550 1060 1600 et
1084 1542 1206 1600 densum
1232 1540 1401 1611 admodum,
1425 1538 1502 1600 radii
1525 1537 1607 1600 Solis
1632 1545 1778 1615 coguntur
1803 1546 1834 1597 et

474 1627 722 1707 conduplicantur
755 1636 845 1707 atque
878 1628 969 1689 etiam
1001 1629 1180 1691 colorantur.
1234 1627 1350 1699 Quodsi
1377 1627 1464 1689 nobis
1494 1647 1551 1688 non
1586 1627 1686 1688 licebit
1717 1627 1833 1686 candae

473 1726 655 1779 cometarum
680 1735 764 1776 suam
793 1735 929 1777 asserere
960 1718 1135 1779 materiam:
1167 1719 1267 1779 dicere
1291 1735 1444 1795 cogemur,
1473 1717 1570 1795 ipsam
1594 1734 1697 1777 auram
1721 1715 1831 1776 aethe-

472 1807 562 1878 riam,
594 1805 672 1885 quod
697 1815 728 1865 et
752 1824 842 1885 supra
867 1806 1048 1880 feceramus,
1082 1826 1140 1868 non
1165 1808 1255 1886 plane
1278 1806 1391 1867 nullam
1415 1805 1549 1866 obtinere
1574 1803 1747 1875 materiam,
1779 1804 1833 1864 aed

472 1896 611 1957 idoneam
645 1911 726 1967 esse,
761 1912 836 1973 quae
861 1915 879 1955 a
902 1894 1036 1955 colorato
1060 1894 1141 1958 Solis
1169 1895 1254 1956 radio
1287 1914 1341 1975 per
1371 1913 1478 1974 corpus
1511 1902 1646 1955 cornetae
1676 1898 1765 1954 eunte
1796 1912 1833 1953 ea

475 1991 537 2045 tam
562 1984 726 2061 propinquo
751 1983 816 2043 loco
839 1991 902 2043 tam
927 1983 1045 2044 fortiter
1068 1984 1226 2063 pingatur,
1258 1984 1343 2045 utin
1368 1984 1471 2044 oculos
1504 1983 1618 2043 eminus
1650 1982 1707 2042 hoc
1731 1980 1833 2042 colore

475 2091 528 2134 seu
560 2071 719 2150 splendore
752 2071 850 2150 possit
881 2073 1040 2133 incurrere.
1088 2071 1201 2135 Cetera
1229 2074 1371 2153 expedita
1399 2079 1486 2134 erunt
1516 2091 1554 2132 ex
1586 2071 1740 2132 schemate
1765 2067 1833 2131 81:

474 2161 512 2222 de
536 2161 650 2221 caudae
674 2159 852 2221 dilatatione
876 2162 904 2221 in
930 2161 1005 2235 linc,
1038 2162 1116 2223 initii
1139 2181 1210 2223 vero
1244 2160 1459 2241 angustissimo
1488 2178 1614 2233 exorsu,
1640 2168 1770 2238 atquae
1795 2157 1833 2218 de

473 2248 651 2330 quibusdam
666 2249 791 2310 cometis
807 2250 897 2329 aliqui
915 2250 1057 2325 referunt,
1084 2252 1211 2312 caudam
1236 2252 1273 2312 ab
1298 2252 1363 2331 ipso
1383 2250 1482 2328 capite
1503 2250 1589 2329 quasi
1609 2248 1638 2309 in
1662 2265 1833 2308 mucronem

473 2338 553 2399 coire
569 2338 696 2417 indeque
712 2346 856 2416 tanquam
881 2359 899 2398 a
917 2349 1028 2417 puncto
1052 2358 1160 2401 novam
1184 2340 1264 2400 necti
1279 2341 1405 2400 caudam
1422 2340 1486 2418 ipso
1508 2356 1669 2418 progressu
1683 2336 1833 2399 latiorem.

473 2427 552 2488 Nam
578 2427 652 2487 haee
677 2427 776 2487 omnia
800 2447 837 2488 ex
860 2428 941 2505 globi
965 2428 1054 2489 solidi
1077 2429 1218 2508 pellucidi
1243 2430 1358 2507 legibus
1382 2427 1465 2507 sequi
1489 2445 1613 2488 necesse
1638 2433 1694 2487 est.

564 2513 714 2594 Sequetur
738 2515 827 2594 igitur
851 2516 942 2576 etiarn
966 2517 1038 2578 illud
1063 2518 1197 2598 physicis
1221 2518 1483 2578 considerandum:
1509 2522 1644 2578 cometae
1663 2532 1772 2593 corpus
1797 2532 1835 2573 ex

477 2603 606 2683 quodam
629 2603 752 2663 humore
777 2604 914 2664 densiore
938 2624 1026 2685 quam
1051 2616 1099 2667 est
1123 2614 1176 2667 abr
1192 2613 1351 2667 constare:
1378 2624 1446 2666 nam
1470 2605 1501 2665 id
1524 2606 1553 2665 in
1569 2602 1711 2683 pellucidi
1727 2601 1836 2663 delini·

475 2691 557 2753 tione
582 2700 648 2752 erat
671 2691 771 2770 capite
795 2693 900 2770 primo.
947 2694 1015 2756 Non
1041 2714 1108 2756 esse
1138 2714 1209 2756 vero
1238 2695 1320 2758 illum
1350 2693 1479 2756 humoris
1509 2693 1631 2772 globum
1662 2693 1768 2753 durum
1802 2698 1835 2752 ut

477 2780 602 2854 vitmm3
627 2780 802 2842 dissolvitur
826 2780 902 2843 enim
926 2782 1087 2861 paulatim:
1112 2785 1264 2846 humorem
1288 2785 1388 2863 itaque
1414 2801 1470 2843 non
1496 2792 1667 2844 concretum
1691 2780 1746 2842 sed
1764 2780 1835 2841 flui-

477 2876 593 2930 tantem
617 2875 650 2929 et
672 2869 779 2929 molem
804 2890 871 2931 esse
895 2890 1018 2933 necesse
1043 2893 1120 2942 esse,
1145 2875 1225 2952 quod
1249 2885 1281 2935 et
1303 2873 1438 2936 albicans
1463 2880 1598 2932 cometae
1623 2871 1730 2943 lumen,
1756 2870 1836 2949 qnod

477 2958 580 3038 Tycho
604 2957 704 3018 Brahe
728 2958 770 3020 illi
796 2958 915 3033 tribuit,
940 2961 1112 3022 confirmare
1137 2963 1265 3023 videtur.
1313 2962 1441 3023 Tollitur
1465 2962 1556 3020 etiam
1580 2959 1655 3020 haec
1679 2976 1747 3018 mea
1770 2958 1834 3038 pri·

477 3047 559 3108 atina
583 3046 691 3126 opinio,
718 3048 793 3125 quod
819 3058 956 3110 cometae
972 3048 1069 3111 bullae
1094 3050 1164 3125 sint,
1189 3051 1270 3111 intus
1286 3052 1403 3112 scilicet
1426 3048 1492 3110 cavi
1517 3057 1570 3109 ant
1589 3047 1713 3108 alterius
1728 3066 1837 3107 essen-

477 3135 547 3199 tiae.
595 3136 675 3196 Nam
699 3135 755 3196 nisi
790 3138 878 3198 solidi
907 3139 968 3199 sint
996 3146 1028 3200 et
1060 3140 1188 3218 undique
1218 3142 1324 3202 eadem
1353 3146 1492 3200 constent
1520 3136 1661 3204 materia,
1691 3134 1837 3196 retractio

477 3223 548 3286 talis
573 3224 669 3285 locum
693 3243 750 3285 non
775 3225 878 3299 habet,
903 3246 978 3306 quae
1002 3234 1195 3289 transeuntes
1211 3227 1292 3291 Solis
1316 3227 1416 3290 radios
1440 3235 1531 3307 cogat
1554 3234 1587 3287 et
1604 3223 1737 3287 sectione
1753 3224 1839 3285 facta

477 3314 586 3374 iterum
610 3312 767 3391 dispergat
789 3313 818 3374 in
842 3325 945 3393 partes
971 3316 1136 3396 oppositas.

570 3400 736 3463 Confirmat
768 3404 948 3465 sententiam
973 3406 1009 3466 de
1038 3425 1135 3485 aquea
1168 3415 1349 3467 cometamrn
1382 3402 1509 3464 materia
1541 3402 1632 3463 stella
1660 3420 1738 3463 nova
1767 3401 1838 3462 anni

481 3486 580 3563 1572,
617 3508 705 3568 quam
735 3490 777 3551 sic
811 3492 982 3554 describunt
1015 3506 1155 3556 auctores
1190 3502 1222 3555 et
1251 3493 1408 3555 Cornelius
1442 3491 1570 3553 Gemma
1599 3490 1775 3569 praecipue,
1805 3502 1838 3550 ut

479 3586 635 3657 appareat,
661 3597 736 3657 pene
761 3599 865 3641 omnes
887 3582 1002 3643 colores
1027 3584 1109 3645 iridis
1139 3603 1281 3644 successu
1305 3581 1450 3661 temporis
1478 3582 1559 3641 illam
1590 3579 1734 3641 induisse.
1782 3579 1840 3639 Ait

477 3667 556 3728 enim
580 3668 715 3745 coepisse
741 3689 759 3728 a
782 3671 856 3742 rufo,
883 3672 950 3731 inde
974 3691 1039 3733 curn
1065 3680 1146 3732 esset
1172 3672 1286 3749 fulgida
1310 3672 1403 3732 fuisse
1428 3670 1605 3743 mammam,
1630 3676 1701 3747 post
1724 3687 1836 3746 argen-

477 3763 575 3826 team,
601 3776 635 3817 ac
661 3756 786 3836 denique
815 3760 958 3838 pallidam
990 3760 1183 3840 disparuisse.
1231 3761 1272 3820 Et
1296 3761 1321 3821 is
1345 3761 1409 3838 ipse
1434 3759 1563 3819 colorum
1598 3758 1626 3818 in
1661 3758 1735 3818 iride
1765 3757 1839 3817 ordo

476 3855 539 3907 est:
564 3846 656 3918 nulus,
683 3847 794 3912 flavus,
820 3856 980 3926 argenteus
1005 3868 1058 3910 seu
1084 3849 1203 3923 viridis,
1228 3849 1383 3910 caeruleus
1408 3856 1439 3908 et
1461 3867 1643 3927 purpureus,
1669 3866 1733 3916 seu,
1759 3847 1840 3924 quod

478 3934 507 3995 in
532 3935 624 3996 stella
647 3932 725 3995 idem
750 3942 806 4008 est,
831 3938 970 4015 pallidus.
1004 3939 1099 4017 Atqui
1123 3940 1240 3999 colores
1263 3938 1347 3998 iridis
1372 3944 1577 4015 argumentum
1602 3943 1671 3995 sunt
1695 3933 1840 4002 humoris,

478 4032 512 4085 ut
535 4044 572 4084 ex
596 4023 694 4102 eapite
719 4023 814 4101 primo
839 4035 975 4105 apparet.
1023 4026 1103 4107 Ergo
1129 4036 1159 4088 et
1183 4027 1265 4088 illam
1294 4028 1415 4088 stellam
1444 4045 1481 4085 ex
1511 4026 1631 4086 humore
1662 4024 1839 4085 constitisse

480 4112 640 4173 verisimile
665 4111 764 4186 est.*)

564 4297 592 4366 *l
613 4301 641 4355 Si
663 4303 751 4355 solum
772 4303 826 4355 hoc
855 4301 1015 4355 obtineatur
1045 4319 1207 4373 quacunque
1230 4318 1316 4355 causa
1337 4303 1464 4362 adducta,
1492 4299 1638 4353 materiam
1664 4314 1713 4351 seu
1742 4315 1840 4352 auram

478 4380 631 4435 aetheriam
653 4382 749 4435 fortius
771 4382 906 4435 illustrari
929 4398 947 4434 n
968 4381 1053 4435 radiis
1074 4383 1145 4436 Solis
1169 4399 1338 4452 percorpus
1360 4387 1484 4434 cometae
1511 4377 1733 4442 transeuntibus,
1757 4396 1840 4449 quarn

479 4478 497 4515 a
517 4462 596 4515 nudis
618 4468 647 4515 et
667 4462 743 4531 puris
764 4462 836 4515 Solis
863 4461 964 4524 radiis,
992 4469 1088 4515 cetera
1108 4465 1243 4533 expedita
1264 4470 1355 4516 erunt.
1398 4463 1468 4515 Nam
1495 4461 1570 4513 risus
1596 4459 1722 4529 sequitur
1747 4460 1841 4513 radia·

479 4542 598 4603 tionem
619 4550 652 4596 nt
666 4542 688 4595 si
703 4543 796 4596 radiat
816 4541 907 4610 portio
927 4557 1014 4596 aurae
1036 4543 1180 4596 aetheriae
1196 4551 1261 4614 post
1280 4550 1414 4595 cometam
1430 4561 1445 4594 e
1460 4542 1575 4612 regione
1590 4539 1681 4601 Solis;
1702 4539 1791 4609 igitur
1813 4547 1843 4593 et

481 4622 627 4686 videbitur,
649 4629 680 4675 et
704 4630 808 4692 quanto
834 4621 924 4691 magis
945 4621 1012 4675 illud
1035 4630 1115 4676 tanto
1145 4624 1236 4693 magis
1259 4629 1288 4676 et
1309 4624 1369 4676 hoc.
1411 4623 1534 4675 Radiant
1564 4627 1658 4673 autem
1688 4619 1840 4674 fortissime

477 4704 583 4756 caudae
604 4710 789 4764 cometarum
812 4710 843 4754 ut
863 4701 911 4755 ille
933 4720 1012 4771 quem
1035 4705 1177 4757 Cardenus
1196 4722 1233 4756 ex
1254 4704 1330 4772 Haly
1351 4702 1482 4754 describit
1503 4701 1588 4769 triplo
1609 4698 1698 4766 major
1712 4700 1840 4759 Venere;

479 4782 557 4849 cujus
578 4783 630 4835 lux
651 4789 732 4836 tanta
752 4782 813 4843 suit,
841 4798 873 4835 ac
894 4782 917 4835 si
944 4793 1045 4851 quarta
1065 4799 1131 4852 pars
1152 4784 1250 4837 Lunae
1275 4783 1398 4843 luceret;
1421 4782 1486 4835 item
1508 4781 1595 4841 alius,
1628 4795 1708 4849 quem
1730 4779 1758 4831 in
1781 4781 1841 4848 ipso

387 4864 389 4870 ’
478 4861 589 4917 meridie
612 4870 787 4929 conspectum
809 4863 958 4927 serunt.⁶¹)
988 4868 1029 4916 Ac
1051 4881 1084 4915 ne
1106 4872 1187 4932 putes
1211 4866 1298 4918 lucem
1320 4864 1392 4916 hanc
1413 4880 1450 4915 ex
1471 4863 1563 4931 capite
1585 4859 1644 4912 solo
1674 4876 1753 4922 esse,
1777 4878 1841 4912 ecce

479 4941 529 4994 tibi
550 4942 627 5017 illum
641 4941 865 5007 Mithridaticum,
887 4944 920 4995 de
935 4960 988 5014 quo
1002 4942 1128 4996 Juatinus
1144 4943 1193 4997 lib.
1210 4943 1269 5007 37,
1291 4942 1482 5013 magnitudine
1502 4948 1630 5014 quartam
1646 4939 1716 4992 coeli
1731 4947 1842 5008 partem

480 5028 678 5091 occupaverat,
702 5021 795 5092 itaque
816 5023 902 5085 luxit,
931 5029 964 5076 ut
985 5023 1091 5076 coelum
1114 5040 1192 5076 omne
1214 5025 1387 5094 conflagrare
1413 5024 1570 5076 videretur:
1602 5021 1673 5089 quod
1695 5022 1729 5072 de
1751 5021 1842 5074 cauda

480 5109 524 5154 est
544 5101 762 5171 intelligendum.
792 5102 865 5155 Sane
886 5105 975 5156 cauda
996 5102 1067 5156 eitra
1088 5102 1188 5172 capitis
1211 5103 1399 5172 praesentiam
1421 5102 1484 5156 oriri
1507 5110 1537 5155 et
1558 5102 1680 5155 occidere
1703 5100 1765 5152 visa
1787 5108 1839 5161 est,
