4584 6192
982 589 1064 654 cant
1081 587 1113 639 v.
1133 587 1158 638 1-
1683 585 1748 658 aer
1805 544 1821 563 ’

392 765 455 837 das,
479 784 538 826 non
564 784 636 827 vero
661 767 740 828 alter
762 768 792 827 in
816 768 1091 845 compensationem
1116 768 1240 829 alterius
1269 767 1383 830 amissi.
1430 769 1549 830 Natura
1572 770 1651 831 enim
1675 769 1747 833 nihil

388 856 523 933 jacturae
548 856 694 917 destinat.
742 854 828 918 Situs
853 876 953 917 eorum
978 857 1005 916 in
1031 857 1180 917 altissimo
1205 857 1284 931 luco,
1310 867 1343 918 ut
1366 858 1449 917 visus
1474 858 1512 918 ad
1536 868 1622 920 tanto
1647 879 1747 921 remo-

393 944 468 1005 tiora
491 944 560 1006 loca
584 944 778 1023 pertingeret.
828 943 903 1007 Cum
937 946 1013 1006 enim
1045 954 1127 1006 terra
1156 953 1188 1006 et
1210 965 1292 1005 mare
1321 946 1512 1024 potissimum
1537 947 1578 1008 sit
1609 948 1747 1028 sphaeri-

393 1052 470 1107 cum,
496 1034 601 1095 oculus
626 1033 709 1093 nulla
741 1036 907 1095 collocatus
932 1036 960 1094 in
986 1035 1171 1095 sublimitate
1199 1034 1274 1095 nihil
1307 1037 1396 1113 plane
1421 1036 1457 1094 de
1485 1036 1611 1114 planitie
1643 1045 1750 1116 posset

393 1123 505 1195 intueri,
532 1132 648 1184 tumore
672 1123 754 1201 globi
783 1142 1043 1203 quaquaversum
1075 1123 1281 1202 praepeditus.
1331 1126 1365 1185 ld
1389 1143 1444 1184 nos
1469 1124 1580 1187 docent
1603 1126 1747 1199 ciconiae,

393 1211 516 1272 maxime
541 1212 790 1289 camelopardali,
817 1222 916 1273 erecto
943 1212 1020 1273 collo
1045 1214 1081 1271 ad
1107 1212 1203 1273 visum
1227 1221 1259 1272 et
1282 1215 1415 1274 auditum
1444 1231 1543 1275 rerum
1566 1224 1749 1275 remotarum

394 1308 473 1360 tauto
499 1300 719 1361 distinctiorem
743 1301 940 1380 capiendum:
966 1320 1056 1379 supra
1076 1304 1177 1362 omnia
1200 1302 1329 1381 aquilae,
1355 1321 1431 1381 quae
1453 1302 1622 1365 universam
1647 1304 1749 1383 regio·

396 1408 455 1449 uem
479 1390 611 1468 praedae
644 1408 737 1450 causa
766 1391 947 1451 lustraturae
978 1390 1117 1450 sublimia
1145 1397 1261 1469 petunt.
1310 1390 1411 1461 Quare
1439 1390 1550 1451 clarius
1580 1392 1747 1467 Jessenius,

397 1497 476 1557 quam
501 1479 657 1552 Platerus,
687 1478 754 1538 ideo
783 1480 926 1540 sublimes
951 1499 1018 1539 esse
1043 1479 1163 1551 oculos,
1188 1480 1239 1539 ille
1264 1480 1302 1539 ad
1326 1482 1413 1558 plura
1436 1481 1620 1557 spectanda,
1645 1480 1692 1542 hic
1716 1489 1749 1542 ut

397 1567 506 1646 singula
530 1587 568 1626 ex
593 1568 656 1627 alto
680 1568 784 1628 melius
809 1568 1024 1648 perspicerent.
1072 1569 1151 1630 Nam
1175 1567 1252 1647 quud
1276 1569 1396 1647 singula
1420 1569 1670 1643 attinet‚·melius
1695 1570 1749 1631 illa

399 1657 595 1736 epropinquo
629 1656 836 1734 inspiciuntur.
884 1657 926 1717 Et
950 1675 1099 1717 nummum
1124 1658 1153 1719 in
1186 1666 1296 1717 terram
1329 1658 1496 1736 projectum
1526 1666 1578 1718 aut
1611 1660 1747 1737 plantam

400 1743 531 1807 humilem
564 1746 795 1824 contemplaturi
827 1747 929 1807 oculos
964 1746 1158 1808 demittimus.
1207 1746 1252 1805 De
1286 1746 1405 1807 bomine
1435 1744 1562 1807 Ovidius
1594 1747 1692 1808 ethice
1716 1754 1748 1807 et

403 1853 432 1892 sa
451 1835 563 1895 lenter:

433 1854 448 1913 p
656 1926 800 1994 Pronaque
822 1942 881 1977 cum
904 1932 1031 1992 spectent
1052 1925 1183 1978 animalia
1204 1932 1299 1977 cetera
1320 1932 1423 1979 terram

660 2007 697 2058 Os
718 2006 818 2058 honrini
841 2006 957 2058 sublime
980 2006 1062 2067 dedit,
1086 2006 1246 2074 coelumque
1268 2006 1339 2058 tueri

654 2085 752 2148 Jussit,
775 2093 804 2138 et
825 2093 932 2139 erectos
955 2088 989 2138 ad
1011 2086 1102 2138 sidera
1123 2086 1223 2138 tollere
1244 2086 1347 2139 vultus.

478 2190 521 2251 ht
544 2189 667 2271 physice
692 2190 717 2249 si
742 2189 923 2258 consideres,
949 2209 1042 2269 neque
1068 2190 1143 2250 oculi
1169 2190 1288 2249 suntin
1313 2190 1425 2250 vertice
1449 2209 1544 2270 neque
1569 2210 1644 2251 cava
1668 2191 1746 2254 oculi

406 2296 514 2353 sursum,
540 2280 594 2339 sed
620 2280 659 2339 ad
684 2279 781 2339 latera
804 2288 835 2339 ct
860 2279 998 2339 deorsum
1021 2279 1152 2339 secundo
1176 2297 1249 2339 naso
1273 2278 1369 2355 magis
1392 2287 1508 2359 patent.
1547 2281 1654 2359 Itaque
1678 2300 1745 2341 ser-

405 2368 485 2428 monis
509 2368 710 2428 commutandi
745 2387 838 2427 causa
862 2368 904 2427 sic
936 2366 963 2426 in
999 2368 1115 2427 homine
1139 2367 1190 2427 siti
1214 2386 1282 2427 esse
1310 2367 1467 2442 videntur,
1497 2387 1563 2429 cum
1594 2369 1635 2429 sit
1659 2370 1745 2430 homo

407 2457 500 2518 animal
523 2457 668 2518 sociabile
694 2465 725 2516 et
748 2456 912 2534 politicum.
961 2458 1032 2535 lpsa
1061 2457 1162 2534 itaque
1193 2474 1318 2534 corpora
1342 2457 1380 2517 ad
1408 2458 1587 2518 societatem
1617 2456 1747 2518 invitant

408 2546 487 2624 magis
518 2566 608 2625 quam
643 2546 824 2606 animalium.
873 2547 979 2625 Itaque
1009 2546 1085 2605 hanc
1109 2545 1224 2606 Plateri
1258 2547 1439 2606 sententiam
1463 2549 1512 2617 (ut
1539 2555 1624 2607 recta
1656 2546 1746 2607 rebus

406 2644 618 2712 opponerentur,
643 2634 822 2696 anteriorem
849 2634 945 2694 locum
969 2635 1176 2707 obtinuerunt)
1202 2635 1280 2714 quod
1305 2634 1454 2695 homiuem
1478 2635 1597 2709 attinet,
1622 2636 1746 2714 pulchre

406 2720 435 2781 de
454 2725 509 2785 aliu
533 2725 653 2785 homine
677 2724 787 2784 homini
817 2723 956 2801 opposito
982 2723 1146 2802 acceperis.
1195 2724 1268 2784 Alia
1296 2743 1388 2784 causa
1419 2725 1532 2803 petitur
1556 2745 1575 2783 a
1597 2724 1746 2803 dignitate

405 2808 525 2874 huminis.
574 2812 651 2875 Cum
675 2813 853 2873 animalibus
877 2813 986 2873 ceteris
1011 2822 1117 2891 pastus
1142 2813 1303 2885 debeatur,
1329 2813 1476 2874 demissos
1507 2812 1619 2873 habent
1643 2813 1746 2873 oculus

404 2899 434 2959 ad
454 2902 506 2962 sibi
529 2902 678 2981 proxima.
726 2902 820 2961 Homo
850 2909 1055 2962 creaturarum
1087 2901 1222 2962 domiuus
1251 2902 1295 2960 sic
1324 2902 1468 2962 directum
1497 2902 1591 2963 habet
1620 2903 1744 2973 vultum,

405 2998 430 3049 ut
448 2991 593 3066 continue,
619 3010 707 3070 quam
732 2991 792 3050 late
817 2998 944 3068 pateaut
968 2992 1087 3051 termini
1112 2991 1313 3068 possessionis
1334 3010 1416 3065 suae,
1442 2990 1639 3069 contemplari
1664 2990 1744 3051 invi-

403 3083 479 3153 tetur,
502 3080 523 3140 ii
546 3089 618 3141 suut
641 3081 756 3140 coelum
780 3080 887 3157 ipsum,
913 3080 1063 3140 montibus
1087 3090 1121 3139 ut
1145 3079 1264 3140 ridetur
1288 3079 1469 3157 contiguum.
1550 3122 1557 3131 -

476 3166 536 3230 Sed
562 3187 656 3230 causa
679 3188 731 3229 cur
755 3169 782 3228 iu
808 3168 885 3228 idem
910 3169 990 3229 latus
1014 3176 1141 3247 vergant
1165 3168 1241 3229 oculi
1266 3178 1297 3229 et
1320 3188 1408 3229 aures
1437 3168 1549 3247 petitur
1573 3168 1743 3229 rectissime

401 3266 525 3331 amotu,
561 3257 700 3338 quicum
725 3257 787 3318 fieri
816 3257 953 3317 debuerit
975 3258 1003 3317 in
1030 3258 1107 3318 linea
1131 3266 1216 3318 recta
1248 3257 1395 3318 horizonti
1428 3258 1592 3335 parallelo,
1626 3257 1744 3318 omuino

400 3346 483 3407 flexus
515 3347 713 3408 membrorum
739 3354 770 3407 et
800 3346 876 3407 situs
911 3348 1147 3408 necessariorum
1181 3366 1321 3407 sensuum
1349 3345 1378 3406 in
1412 3348 1533 3425 plagam
1564 3348 1600 3407 de
1634 3345 1744 3410 circulo

399 3433 550 3496 horizontis
584 3435 709 3496 eandem
741 3454 864 3514 vergere
898 3436 1073 3496 debuerunt.
1128 3434 1262 3515 Cumque
1296 3434 1432 3496 Galenus
1465 3437 1617 3498 oculorum
1650 3455 1745 3497 causa

397 3532 478 3602 caput
496 3526 526 3585 in
546 3524 665 3585 sublimi
686 3543 753 3584 esse
778 3523 897 3596 dixerit,
923 3544 988 3584 cum
1010 3545 1066 3585 rron
1091 3533 1217 3603 possent
1236 3524 1313 3585 oculi
1335 3526 1423 3603 longe
1445 3547 1463 3586 a
1482 3526 1604 3586 cerebro
1624 3526 1742 3598 abesse,

395 3613 485 3693 sitque
509 3621 752 3687 consentaneum,
779 3613 845 3672 ideo
862 3622 893 3673 et
912 3614 1019 3673 collum
1041 3614 1172 3673 flexibile
1196 3615 1316 3687 factum,
1341 3623 1374 3673 ut
1393 3615 1431 3674 ad
1451 3635 1496 3687 ea,
1523 3632 1599 3693 quae
1620 3634 1638 3673 a
1657 3622 1742 3691 tergo

395 3711 471 3777 suot,
496 3702 628 3764 videnda
652 3710 683 3761 et
706 3702 856 3762 audienda
880 3721 986 3762 sensus
1017 3702 1151 3763 converti
1176 3712 1321 3781 possent,
1351 3702 1417 3762 hinc
1446 3722 1502 3762 nou
1533 3703 1633 3781 inepte
1657 3719 1741 3762 cum-

393 3792 455 3869 poui
488 3792 608 3853 ridetur
636 3800 779 3871 tanquam
805 3810 842 3850 ex
867 3791 1023 3851 elementis
1049 3798 1080 3850 et
1103 3792 1179 3852 llaec
1202 3791 1412 3851 ratiocinatio:
1443 3791 1508 3851 ideo
1533 3791 1647 3852 vicinos
1671 3807 1740 3849 esse

394 3880 488 3941 oculos
522 3879 662 3953 cerebro,
697 3881 766 3959 quia
801 3881 919 3958 objecta
952 3880 1033 3946 visus
1067 3888 1099 3939 et
1132 3881 1251 3940 auditus
1283 3888 1353 3939 suut
1385 3899 1478 3939 causa
1510 3879 1608 3940 finalis
1642 3887 1741 3938 motus

394 3970 502 4045 localis,
528 3978 559 4030 et
582 3988 654 4029 vero
678 3978 776 4029 motus
801 3969 905 4029 localis
929 3969 1024 4028 otonis
1049 3968 1077 4028 iu
1102 3969 1216 4030 cerebri
1241 3968 1365 4029 arbitrio
1389 3969 1465 4030 situs
1489 3978 1545 4028 est.
1584 3967 1627 4027 Ut
1650 3966 1741 4045 igitur

393 4067 471 4120 art-us
494 4058 630 4139 corporis
649 4057 754 4138 quovis
770 4059 891 4118 fulmine
912 4058 1000 4118 citius
1016 4057 1054 4116 ad
1074 4058 1281 4136 persequenda
1296 4078 1333 4118 ea
1357 4058 1592 4134 accingerentur,
1618 4073 1741 4135 quorum

392 4159 509 4228 spectra
532 4167 587 4228 per
610 4166 718 4207 sensus
743 4148 780 4207 ad
806 4147 958 4209 cerebrum
993 4147 1154 4217 ferrentur,
1189 4148 1292 4207 oeulos
1316 4148 1345 4207 in
1371 4146 1435 4224 ipso
1465 4145 1550 4225 quasi
1583 4145 1742 4225 complexu
1776 4228 1788 4248 .

391 4237 503 4299 cerebri
527 4237 669 4298 constitui
694 4236 836 4315 oportuit.

475 4327 591 4387 Latent
614 4325 692 4386 oculi
722 4324 830 4402 singuli
855 4324 883 4383 in
908 4322 1035 4384 cameris
1068 4324 1194 4402 singulis
1225 4323 1397 4386 securitatis
1427 4343 1540 4398 causa3
1573 4323 1743 4403 prominent

391 4424 498 4489 tamem
524 4435 560 4476 ue
584 4415 731 4475 lateribus
754 4433 891 4474 camerae
916 4412 1049 4491 impediti
1075 4431 1133 4473 non
1163 4422 1288 4490 possent
1312 4413 1340 4473 iu
1365 4423 1461 4474 tutum
1491 4410 1741 4491 hemisphaerium

391 4524 443 4565 uon
476 4504 587 4565 iutuitu
619 4503 802 4583 prospicere.
850 4503 895 4562 At
922 4520 988 4561 cum
1022 4501 1125 4562 totalis
1155 4503 1212 4561 iste
1248 4512 1425 4580 prospectus
1455 4520 1512 4561 nou
1544 4510 1650 4580 posset
1674 4517 1742 4559 esse

390 4594 549 4655 distinctus
571 4593 631 4654 nisi
655 4593 684 4653 iu
715 4591 832 4664 medio,
868 4611 886 4650 a
915 4589 1061 4651 lateribus
1094 4609 1164 4650 vero
1198 4591 1338 4651 confusus
1372 4600 1471 4659 esset,
1505 4598 1617 4651 motum
1647 4586 1742 4648 oculis

390 4683 495 4744 adesse
519 4681 705 4743 celerrimum
730 4680 871 4759 oportuit,
898 4698 954 4759 quo
978 4680 1083 4740 melius
1106 4689 1285 4758 prospectus
1310 4681 1522 4742 transferretur
1545 4679 1583 4739 ad
1608 4676 1742 4755 singulas

389 4771 601 4852 hemisphaerii
625 4778 739 4851 partes.

477 4860 633 4941 Ammius:
659 4878 725 4919 cum
747 4857 809 4919 bini
834 4857 911 4918 oculi
934 4856 997 4918 siut
1020 4856 1057 4917 ub
1082 4856 1297 4916 discernendas
1322 4874 1419 4917 rerum
1444 4855 1618 4928 distantias,
1643 4854 1769 4939 direc-¹

388 4949 471 5011 tione
494 4950 569 5030 ipsis
593 4968 647 5011 sea
671 4948 858 5009 contortione
889 4946 1069 5007 creberrima
1097 4964 1172 5023 opus
1205 4941 1276 5020 tuit,
1311 4962 1386 5024 quae
1420 4945 1524 5005 itidem
1552 4953 1651 5006 motus
1683 4951 1740 5004 est.

388 5038 456 5101 h'on
481 5058 551 5102 vero
576 5036 767 5118 expediebat,
792 5036 895 5097 oculos
919 5036 975 5096 hoc
998 5043 1081 5095 motu
1106 5042 1210 5095 centro
1235 5053 1288 5094 stro
1305 5032 1445 5094 emereri.
1480 5033 1522 5095 Ut
1544 5033 1636 5111 igitur
1654 5050 1744 5112 super

387 5136 493 5192 centro
520 5133 729 5202 morerentur,
761 5124 936 5204 sphaericos
968 5123 1101 5185 exterius
1132 5142 1200 5184 esse
1229 5122 1375 5201 oportuit,
1409 5121 1467 5183 nisi
1491 5130 1639 5201 quatenus
1663 5121 1744 5185 intra

1472 5225 1531 5281 15*
