4584 6192
467 590 532 656 286
959 587 1132 639 &aaronica
1150 586 1212 639 Para
1231 587 1330 652 Opttea

468 766 578 827 montis
600 763 755 834 umbram3
781 761 943 824 subtendet
966 763 1058 841 igitur
1080 764 1186 826 umbra
1208 763 1319 825 montis
1342 764 1394 825 vix
1416 760 1470 826 411.
1517 760 1618 834 Quare
1645 762 1685 827 15
1709 764 1823 826 millia-

467 854 542 915 rium
575 851 705 913 altitudo
739 850 855 912 demum
883 850 912 912 l‘
944 852 1068 913 umbrae
1102 853 1205 926 addit,
1241 871 1363 931 quorum
1396 852 1436 914 ad
1464 848 1507 915 90
1541 861 1612 914 sunt
1639 854 1668 915 in
1702 854 1825 915 umbrae

468 943 651 1005 dimetiente.
690 937 792 1009 Quare
816 939 842 999 si
866 940 936 1018 quid
959 940 1123 1019 irregulare
1143 941 1173 1001 in
1197 941 1377 1020 partialibus
1396 943 1501 1003 Lunae
1525 942 1692 1003 defectibus
1716 961 1825 1004 occur-

467 1032 516 1106 rit,
540 1031 572 1091 id
595 1030 632 1090 ab
657 1028 722 1107 ipso
746 1027 850 1088 Lunae
869 1046 992 1106 corpore
1019 1048 1142 1091 necesse
1167 1037 1215 1090 est
1238 1029 1382 1108 originem
1406 1030 1537 1091 trahere.

555 1120 646 1181 Anno
672 1112 767 1179 1599.
792 1123 879 1177 nocte
903 1118 981 1178 inter
1004 1114 1035 1180 9.
1060 1128 1091 1180 et
1118 1117 1165 1181 10.
1182 1118 1338 1180 Februarii
1361 1120 1440 1200 stylo
1456 1137 1542 1192 novo,
1568 1138 1634 1180 cum
1653 1129 1738 1182 esset
1752 1139 1825 1182 coe-

468 1211 527 1272 lum
549 1206 787 1287 pulcherrimum,
812 1205 973 1284 deliquium
987 1206 1091 1267 Lunae
1115 1226 1180 1268 sum
1203 1207 1433 1286 contemplatus.
1460 1208 1503 1268 Et
1526 1207 1661 1288 quamvis
1684 1209 1826 1271 carebam

467 1294 693 1360 instrumentis:
728 1312 785 1355 non
815 1302 915 1355 tamen
943 1294 992 1355 vel
1016 1314 1151 1375 eaquae
1175 1297 1262 1358 nudis
1292 1297 1386 1358 oculis
1416 1305 1576 1358 cernuntur
1599 1305 1744 1359 annotare
1769 1317 1825 1360 ne-

467 1387 558 1467 glexi.
583 1386 673 1446 Mane
696 1390 767 1461 post
790 1382 893 1442 boram
918 1383 1038 1444 tertiam
1061 1384 1143 1446 urbis
1167 1384 1210 1445 sic
1229 1385 1316 1446 Luna
1339 1403 1371 1446 se
1396 1386 1480 1447 cordi
1500 1386 1612 1447 Leonis
1635 1386 1824 1462 obvertebat,

468 1483 502 1537 ut
523 1475 553 1536 in
579 1475 658 1534 latns
681 1470 769 1531 faciei
793 1471 922 1532 medium
945 1472 1200 1550 perpendicularis
1224 1492 1261 1534 ex
1284 1474 1373 1535 corde
1397 1492 1504 1535 casura
1527 1474 1761 1537 existimaretur.

555 1561 682 1624 Erotio
707 1560 789 1620 illam
811 1561 933 1639 plagam
961 1560 1106 1621 inclinata
1138 1562 1232 1623 facies
1260 1562 1366 1623 Lunae
1402 1564 1464 1624 fere
1491 1571 1525 1624 ut
1552 1564 1680 1625 bominis
1709 1563 1826 1643 effigies

469 1652 552 1731 cnjus
583 1652 690 1711 dextra
718 1647 799 1708 auris
828 1648 914 1709 latet.
961 1649 998 1710 Id
1030 1650 1108 1710 refer
1138 1651 1178 1711 ad
1211 1670 1260 1724 ea,
1291 1670 1367 1730 quae
1395 1671 1488 1731 supra
1518 1652 1592 1714 Nro.
1617 1651 1649 1714 2.
1680 1653 1718 1714 de
1748 1653 1826 1714 facie

467 1742 571 1803 Lunae
604 1738 675 1799 dixi.
721 1737 801 1799 Nam
837 1737 894 1797 hoe
925 1737 954 1797 in
988 1739 1066 1799 omni
1090 1739 1251 1817 plenilunio
1280 1740 1329 1811 tit,
1361 1748 1445 1802 certo
1473 1749 1664 1819 argumento,
1697 1742 1826 1802 eandem

468 1831 572 1892 Lunae
597 1827 703 1888 faciem
727 1844 846 1903 semper
868 1826 907 1886 ad
931 1826 1055 1888 Terram
1078 1827 1240 1906 respicere.
1289 1828 1459 1891 Videbatur
1482 1839 1583 1891 antem
1611 1829 1741 1891 hiulcum
1766 1830 1825 1890 ali-

423 1992 426 1999 .
469 1918 538 1999 quid
567 1935 658 1996 supra
690 1915 807 1976 oculum
840 1914 991 1989 dextrum,
1023 1915 1072 1995 qui
1100 1916 1186 1977 nobis
1217 1917 1377 1995 eregione
1410 1926 1532 1980 nostrae
1563 1918 1705 1980 sinistrae
1739 1927 1825 1992 erat3

469 2007 554 2087 quasi
579 2013 712 2066 extremo
736 2002 847 2064 circulo
872 2001 983 2082 aliquid
1007 2005 1044 2064 ad
1069 2004 1284 2067 rotunditatem
1308 2007 1437 2069 deesset.

558 2094 633 2157 Cum
658 2105 801 2153 sonarent
824 2100 887 2152 tres
911 2092 1093 2171 quadrantes
1118 2095 1147 2155 in
1167 2102 1319 2174 quartam,
1350 2097 1486 2157 defectus
1510 2095 1742 2158 existimabatur
1764 2096 1824 2158 ini-

467 2185 560 2249 tinm:
585 2181 779 2245 dubitabatur
801 2188 914 2252 tamen,
938 2181 1091 2244 diminutio
1116 2183 1217 2245 circuli
1239 2192 1321 2246 esset
1344 2204 1382 2244 an
1399 2184 1474 2246 rima
1495 2186 1622 2264 primum
1636 2185 1825 2255 obumbrata,

469 2274 547 2336 sient
570 2273 670 2335 solent
691 2270 788 2331 valles
811 2269 939 2349 primum
962 2271 1085 2332 umbrae
1108 2272 1238 2333 involvi:
1262 2272 1351 2353 idque
1374 2273 1430 2333 fuit
1452 2274 1542 2353 paulo
1567 2275 1645 2336 infra
1667 2283 1822 2353 punctum,

469 2364 546 2444 qnod
571 2361 674 2423 stabat
697 2378 713 2419 e
737 2357 858 2436 regione
882 2358 991 2420 cordis.
1268 2410 1270 2412 ,

556 2452 640 2513 Hora
662 2444 693 2510 1.
718 2454 845 2508 sonante
870 2447 936 2526 jam
958 2447 1038 2510 bona
1060 2465 1131 2526 pars
1155 2447 1324 2510 deficiebat.
1360 2449 1404 2511 Et
1426 2470 1463 2512 ne
1487 2450 1608 2512 nimium
1631 2470 1678 2511 me
1703 2451 1826 2514 falleret

469 2540 665 2617 horologium,
698 2555 774 2616 qnae
798 2536 898 2597 solent
920 2555 1012 2615 saepe
1035 2536 1100 2598 sine
1124 2555 1196 2597 cura
1219 2537 1393 2615 gubernari,
1428 2540 1632 2618 conjecturam
1656 2539 1828 2602 altitudinis

467 2628 554 2691 Jovis
577 2626 695 2689 institui
718 2644 756 2685 ex
784 2624 1009 2703 comparatione
1037 2644 1121 2686 meae
1150 2646 1169 2686 a
1201 2628 1335 2688 fenestra
1363 2628 1526 2690 distantiae
1557 2630 1595 2689 ad
1624 2629 1827 2691 elevationem

468 2716 551 2780 limbi
575 2717 726 2778 fenestrae
750 2731 839 2791 super
866 2732 963 2774 meum
994 2714 1120 2774 oculum.
1168 2715 1275 2793 Itaque
1307 2717 1471 2795 putabatur
1498 2718 1628 2779 altitudo
1651 2718 1741 2779 Jovis
1765 2718 1827 2779 cir-

470 2808 545 2868 citer
568 2800 616 2867 6⁰.
662 2804 695 2864 Is
719 2802 884 2882 quadrante
908 2809 979 2881 post
1001 2810 1138 2881 quartam
1168 2804 1233 2882 jam
1261 2814 1333 2883 post
1365 2814 1495 2867 montem
1528 2807 1661 2875 abierat,
1696 2807 1827 2868 nondum

470 2903 570 2956 tamen
596 2890 789 2960 horizontalis
813 2908 881 2952 esse
905 2892 1013 2970 potuit.
1062 2892 1144 2952 Tunc
1168 2893 1297 2954 nondum
1320 2894 1471 2955 dimidium
1496 2897 1525 2956 in
1548 2896 1655 2956 umbra
1678 2908 1755 2957 erat.

557 2984 642 3046 Haec
665 2980 782 3052 addidi,
806 2998 842 3040 ne
866 2980 914 3041 vel
939 2980 1218 3042 observatiunculae
1243 2984 1388 3061 temporis
1411 2983 1640 3045 circumstantia
1662 2985 1828 3048 carendum

471 3081 562 3147 esset,
587 3071 636 3133 rel
660 3068 851 3150 expressione
875 3069 1019 3148 temporis
1044 3070 1138 3129 lector
1162 3070 1295 3131 curiosus
1320 3091 1420 3133 errore
1439 3073 1595 3152 horologii,
1618 3073 1644 3133 si
1669 3073 1735 3153 quis
1760 3074 1827 3146 fuit,

471 3164 666 3243 conjiceretur
698 3161 728 3221 iu
761 3157 965 3219 difficultates.
1013 3155 1099 3227 Quae
1124 3158 1186 3219 alia
1213 3160 1250 3219 de
1278 3159 1335 3220 hac
1366 3161 1471 3240 eclipsi
1495 3162 1658 3237 annotavi,
1689 3161 1829 3224 dicentur

470 3253 549 3315 infra
571 3270 638 3330 cap.
666 3249 734 3310 Vll.
760 3266 788 3310 n.
814 3242 844 3306 3.

559 3343 648 3403 Anno
676 3334 770 3401 1598.
795 3334 845 3395 die
871 3330 919 3395 11.
943 3330 995 3395 21.
1021 3333 1176 3395 Februarii
1200 3354 1286 3396 mane
1310 3356 1377 3398 cum
1401 3337 1487 3398 Luna
1518 3340 1607 3417 paulo
1637 3347 1708 3401 ante
1737 3339 1827 3419 quin-

471 3438 536 3492 tam
559 3427 653 3491 urbici
676 3423 822 3503 horologii
847 3422 969 3483 dimidia
993 3420 1138 3483 diametro
1163 3423 1304 3485 deficiens
1332 3434 1435 3486 erecta
1462 3427 1602 3489 stetisset
1628 3429 1667 3489 ad
1695 3447 1828 3507 perpen-

471 3519 616 3591 dicnlum,
641 3523 672 3576 et
696 3535 734 3575 ex
757 3531 792 3574 eo
816 3518 966 3572 momento
989 3510 1134 3589 paulatim
1158 3513 1278 3590 pronior
1305 3514 1571 3593 septentrionalem
1603 3518 1726 3578 umbrae
1752 3518 1829 3578 Ter-

471 3627 562 3669 renae
584 3611 701 3686 partem
725 3607 916 3682 peragraret,
941 3599 1067 3678 denique
1091 3601 1180 3677 paulo
1205 3610 1275 3662 ante
1299 3609 1417 3664 sextam
1442 3603 1539 3665 adbuc
1564 3605 1737 3667 decrescere
1760 3605 1831 3667 visa

471 3697 527 3758 sub
551 3695 644 3755 nubes
669 3711 702 3753 se
725 3691 906 3752 subduceret
928 3686 1103 3748 tenuissimo
1127 3707 1194 3750 cum
1218 3689 1347 3752 lumine:
1381 3692 1449 3752 visa
1472 3700 1520 3753 est
1544 3700 1608 3754 toto
1633 3714 1668 3755 eo
1692 3702 1829 3773 ternpore

472 3784 615 3859 (maxime
639 3801 710 3842 vero
734 3775 963 3859 superveniente
997 3795 1105 3837 aurora
1128 3785 1160 3838 et
1183 3778 1277 3839 diluto
1309 3780 1419 3840 lumine
1442 3781 1537 3859 partis
1560 3783 1725 3856 residuae),
1759 3782 1830 3862 qui-

470 3875 595 3936 busdam
634 3872 717 3932 striis
750 3867 856 3930 lucidis
885 3866 915 3926 iu
946 3865 1081 3926 umbram
1105 3885 1172 3926 sese
1203 3867 1438 3944 insinuantibus,
1473 3870 1558 3949 quasi
1591 3871 1744 3949 discerpta
1776 3879 1837 3952 aut

390 4035 393 4042 ,
471 3964 608 4033 laniata,
643 3961 750 4040 quique
783 3974 870 4017 arcus
905 3972 974 4014 esse
1006 3954 1110 4015 debuit
1142 3955 1313 4016 umbrosam
1337 3977 1357 4017 a
1380 3958 1479 4019 lucida
1509 3966 1597 4038 parte
1627 3961 1853 4039 distinguens*

473 4052 586 4113 asseris
610 4048 757 4112 confracti
781 4043 902 4108 limbum
933 4043 1175 4121 repraesentavit
1202 4042 1417 4124 inaequalitate
1449 4066 1514 4107 sua.
1563 4045 1661 4110 Credo
1692 4049 1831 4128 equidem

472 4139 625 4219 adjuvisse
650 4136 865 4216 crepusculum.
912 4130 990 4190 Nam
1015 4130 1053 4190 ab
1087 4131 1190 4192 eadem
1223 4134 1451 4211 septentrionali
1480 4136 1602 4197 umbrae
1631 4144 1719 4218 parte
1742 4136 1832 4197 Luna

472 4230 582 4289 affecta
605 4246 681 4286 anno
709 4220 803 4287 1601.
828 4218 996 4290 Decembri,
1022 4226 1054 4279 et
1076 4219 1132 4280 hoc
1160 4215 1254 4282 1003.
1284 4222 1366 4283 Maio
1390 4225 1452 4284 tale
1476 4225 1547 4303 quid
1570 4245 1627 4286 non
1652 4233 1701 4286 est
1723 4243 1827 4303 passa,

472 4316 550 4396 qnod
574 4315 602 4375 in
625 4314 805 4394 profundam
828 4314 947 4369 noctem
972 4307 1102 4385 deliquia
1125 4308 1308 4372 devenerint.

560 4402 650 4463 Adde
672 4402 729 4476 his,
756 4401 835 4481 qnod
861 4396 945 4456 Luna
968 4396 1022 4457 sub
1047 4397 1144 4474 ipsum
1168 4398 1259 4458 etiam
1282 4399 1485 4478 plenilunium,
1511 4400 1538 4461 si
1561 4399 1723 4481 diligenter
1746 4402 1830 4464 illam

472 4492 625 4566 intuearis,
650 4512 669 4552 a
692 4490 878 4552 rotunditate
902 4484 1086 4546 sensibiliter
1110 4485 1235 4547 delicere
1259 4488 1387 4550 videtur.

560 4582 643 4642 Haec
669 4579 770 4640 omnia
794 4575 866 4639 mihi
889 4572 1036 4652 praebent
1065 4582 1273 4652 argumentum
1302 4576 1366 4655 ejus
1390 4577 1468 4655 quod
1492 4576 1572 4638 dixi:
1602 4585 1684 4639 recte
1708 4578 1828 4640 Lunam

472 4671 672 4732 aPlutarcho
696 4668 758 4729 tale
782 4680 889 4744 corpus
914 4661 982 4735 dici,
1007 4662 1094 4740 quale
1118 4663 1213 4724 Terra
1245 4672 1309 4738 est,
1339 4665 1495 4744 inaequale
1523 4673 1766 4745 montosurnque,
1800 4677 1832 4728 et

470 4760 602 4838 maJ'ores
627 4758 745 4839 quidem
768 4761 886 4815 montes
909 4749 937 4809 in
961 4750 1154 4829 proportione
1175 4752 1213 4811 ad
1235 4771 1321 4813 snum
1344 4753 1475 4832 globum,
1499 4772 1588 4833 quam
1611 4763 1682 4816 sunt
1705 4756 1832 4818 Terreni

470 4847 501 4908 in
525 4867 581 4909 sua
603 4844 806 4927 proportione.
854 4842 901 4903 Ao
925 4846 959 4898 ut
981 4857 1046 4899 curn
1070 4840 1233 4901 Plutarcho
1258 4842 1348 4902 etiam
1367 4841 1519 4920 josemur:
1554 4842 1624 4921 quia
1651 4862 1745 4922 penes
1775 4864 1831 4906 nos

470 4955 526 4998 usu
549 4936 642 5011 venit,
666 4941 701 4995 ut
722 4932 861 4993 homines
886 4933 917 4990 et
940 4926 1083 4988 animalia
1105 4938 1270 5006 sequantur
1288 4929 1438 5008 ingenium
1453 4931 1565 4992 Terrae
1589 4950 1642 4992 seu
1656 4932 1832 5011 provinciae

471 5043 561 5099 suae,
586 5029 674 5084 erunt
695 5021 787 5100 igitur
810 5019 839 5080 in
855 5019 943 5080 Luna
974 5023 1130 5076 creaturae
1156 5017 1293 5080 viventes
1317 5019 1411 5080 multo
1435 5019 1542 5099 majori
1571 5038 1729 5099 corporum
1752 5021 1832 5082 mole

470 5117 832 5193 temperamentorumqne
863 5102 971 5168 duritie
1001 5120 1091 5181 qnam
1123 5111 1247 5167 nostra:
1282 5124 1356 5169 sane
1388 5105 1458 5187 qnia
1490 5114 1522 5169 et
1553 5107 1632 5170 diem
1662 5108 1833 5189 quindecim
