4584 6192
474 601 539 671 334
970 606 1146 658 Amonomiaa
1161 604 1223 658 rm
1242 606 1340 673 Optica.

562 781 610 842 Ex
634 781 681 844 his
705 782 847 862 sequitur,
873 784 930 846 etsi
954 802 1009 844 uos
1033 784 1100 864 quis
1122 785 1153 845 in
1176 787 1293 848 Lunam
1317 793 1371 848 aut
1394 785 1474 846 aliud
1498 785 1663 848 errantium
1682 792 1835 851 astrorum

473 873 652 947 transferat,
677 881 834 952 motusque
858 874 962 934 Lunae
987 873 1028 934 sit
1051 874 1180 937 maxime
1204 874 1355 937 sensibilis
1388 893 1481 936 causa
1504 874 1686 950 celeritatis,
1713 875 1750 936 de
1775 893 1835 955 quo

471 969 596 1041 postea,
626 961 817 1022 nihilominus
841 962 938 1023 visum
960 962 996 1023 iri
1020 963 1135 1025 Lunam
1161 965 1316 1026 nobiscum
1349 964 1518 1046 quiescere:
1557 962 1661 1025 Solem
1694 982 1767 1025 vero
1802 974 1835 1027 et

471 1069 664 1131 quaecunque
688 1050 789 1111 sidera
813 1051 842 1113 in
861 1051 948 1130 justa
972 1051 1082 1113 tuerint
1105 1053 1340 1135 propinquitate,
1366 1053 1467 1115 omnia
1489 1061 1612 1132 praeter
1635 1072 1708 1115 suos
1732 1060 1834 1117 motus

471 1139 509 1199 iis
539 1139 632 1200 etiam
660 1139 790 1200 motibus
818 1141 917 1220 putari
949 1141 1077 1216 moveri,
1112 1143 1161 1222 qui
1191 1141 1301 1203 tuerint
1328 1142 1423 1223 ipsius
1452 1142 1545 1203 solius
1568 1142 1674 1203 Lunae
1705 1143 1833 1224 proprii.

411 1223 420 1245 ⁸
471 1225 573 1298 Quare
598 1247 656 1289 uon
681 1228 794 1289 habent
817 1228 924 1307 optici,
955 1230 1034 1309 quod
1058 1248 1096 1291 ex
1119 1250 1173 1292 suo
1198 1231 1326 1292 armario
1355 1238 1461 1291 contra
1486 1228 1686 1311 Gopemicum
1719 1230 1833 1312 depro-

471 1325 564 1391 maut,
589 1318 658 1378 dum
682 1318 708 1378 is
731 1317 856 1379 Terram
879 1318 1059 1379 domicilium
1084 1327 1218 1381 nostrum
1242 1318 1355 1381 moveri
1379 1318 1499 1381 statuit.

558 1405 601 1467 Et
623 1414 657 1467 ut
679 1406 735 1467 hoc
759 1406 851 1468 etiam
876 1407 974 1469 obiter
997 1408 1128 1483 addam,
1158 1407 1285 1486 triplicis
1317 1415 1417 1469 motus
1441 1406 1614 1469 absurditas
1637 1425 1691 1486 per
1714 1409 1832 1471 calum-

470 1494 550 1556 niam
575 1503 785 1574 exaggeratur.
833 1496 936 1558 Motus
960 1496 1056 1570 enim,
1083 1516 1169 1577 quem
1193 1498 1305 1559 Terrae
1330 1494 1516 1575 Copernicus
1539 1496 1661 1570 tribuit,
1686 1514 1746 1558 non
1770 1497 1833 1560 alia

473 1582 570 1644 forma
601 1591 657 1656 est,
690 1601 779 1663 quam
808 1593 891 1646 rotae
915 1586 945 1646 iu
970 1604 1055 1646 curru
1080 1586 1108 1648 in
1133 1586 1280 1647 directum
1304 1594 1404 1646 eunte.
1453 1585 1584 1646 Primum
1605 1592 1677 1645 rota
1698 1604 1830 1647 conver-

470 1672 556 1746 titur,
589 1671 658 1733 dein
681 1673 875 1734 conversione
899 1673 967 1754 ipsa
990 1675 1057 1735 axis
1081 1676 1278 1747 transfertur,
1313 1673 1403 1735 tertio
1427 1671 1494 1734 axis
1517 1675 1548 1735 in
1572 1673 1694 1734 easdem
1719 1674 1830 1754 plagas

469 1760 568 1840 vergit
590 1769 751 1841 manetque
775 1761 832 1822 sibi
856 1763 1029 1842 parallelos.
1076 1761 1153 1834 Quis
1180 1763 1230 1824 hic
1258 1762 1340 1823 tertii
1368 1768 1468 1823 motus
1497 1761 1666 1841 opinionem
1694 1764 1830 1843 concipit

473 1868 511 1911 ex
534 1868 580 1922 eo,
605 1849 683 1929 quod
706 1868 739 1910 re
758 1868 830 1911 vera
853 1851 937 1931 quies
961 1851 1030 1912 est?

559 1937 640 2000 Nam
663 1939 742 2018 quod
765 1939 832 2000 axis
846 1940 956 2001 Terrae
981 1957 1122 2001 successu
1146 1939 1314 2001 seculomm
1337 1937 1459 1999 taudem
1484 1937 1577 1999 etiam
1600 1935 1772 2013 inclinatur,
1798 1938 1830 2002 id

469 2026 499 2087 iu
523 2025 601 2087 hunc
625 2044 747 2087 censum
780 2045 838 2088 uon
872 2028 970 2103 venit,
1004 2037 1145 2107 essetque
1169 2028 1270 2108 potius
1300 2034 1425 2107 quartus
1449 2033 1564 2100 motus,
1597 2027 1623 2088 si
1646 2026 1830 2089 calumniam

470 2114 578 2176 liberet
600 2124 770 2193 pertexere.
816 2115 994 2178 Astronorni
1018 2116 1128 2189 sciunt,
1153 2117 1208 2177 hoc
1233 2135 1270 2177 ex
1294 2135 1329 2176 eo
1352 2133 1462 2193 genere
1485 2133 1570 2187 esse,
1603 2133 1662 2195 quo
1689 2134 1830 2195 apogaea

471 2211 503 2264 et
521 2204 591 2265 nodi
611 2202 738 2265 omnium
758 2203 950 2283 planetamm
966 2207 1199 2279 transferuntur,
1224 2224 1283 2265 nou
1298 2204 1384 2283 justo
1403 2212 1498 2276 motu,
1522 2204 1576 2266 sed
1596 2204 1726 2283 quadam
1743 2205 1830 2267 velut

470 2292 641 2354 differentia
663 2292 787 2355 duomm
811 2293 939 2357 aliorum
963 2296 1168 2355 confessorum
1191 2301 1333 2355 motuum.

558 2380 604 2443 At
621 2381 688 2460 jam
710 2383 803 2443 multo
827 2383 925 2444 minus
949 2383 1102 2445 habebunt
1125 2382 1218 2462 optiei
1241 2390 1349 2443 contra
1371 2378 1586 2458 Coperuicum,
1616 2379 1643 2440 si
1672 2397 1827 2452 monuero,

469 2488 507 2530 ue
541 2469 715 2531 sensibilem
744 2469 861 2550 quidem
892 2490 960 2533 esse
991 2471 1179 2533 celeritatem
1211 2471 1351 2533 siderum.
1398 2468 1433 2530 ld
1457 2467 1640 2530 Aristoteles
1664 2466 1748 2532 Soet.
1776 2466 1827 2531 15.

470 2576 497 2638 q.
523 2557 573 2621 12.
589 2576 643 2637 pro
665 2559 803 2621 confesso
824 2568 959 2638 usurpat,
983 2558 1092 2637 ἄδηλον
1110 2581 1161 2639 την
1174 2561 1337 2637 paveriano
1350 2553 1412 2635 ἡλιε
1430 2555 1641 2635 pronuncians.
1673 2555 1717 2619 m
1731 2553 1827 2619 Cleo·

472 2646 575 2709 medes
599 2648 650 2707 lib.
676 2647 718 2709 Π.
743 2644 804 2709 iaec
826 2644 900 2720 ἑςως
924 2670 1066 2727 paream.
1113 2649 1239 2712 Ratioui
1267 2665 1394 2727 namque
1426 2653 1660 2707 consentaneum
1696 2653 1759 2720 est,
1793 2655 1829 2709 ut

469 2734 551 2796 inter
574 2735 649 2796 duos
672 2744 788 2806 motus,
822 2738 872 2817 qui
904 2738 1019 2800 tardior
1047 2745 1111 2813 est,
1140 2737 1232 2818 quieti
1265 2736 1362 2815 magis
1394 2733 1587 2795 assimiletur.
1636 2731 1713 2796 Cum
1734 2733 1829 2812 igitur

472 2831 571 2885 motus
594 2823 639 2885 illi
662 2824 808 2886 animales
832 2833 864 2887 et
886 2827 1113 2889 convolutiones
1136 2825 1280 2906 corporis,
1304 2823 1384 2897 colli,
1409 2823 1574 2894 oculorum,
1600 2821 1703 2884 multis
1726 2824 1827 2903 parti-

470 2913 526 2976 bus
549 2912 709 2975 celeriores
729 2914 790 2976 siut
813 2915 992 2977 adsensum
1016 2916 1145 2977 motibus
1169 2913 1370 2987 coelestibus,
1393 2919 1488 2991 patet,
1512 2911 1605 2991 quieti
1622 2911 1723 2991 potius
1743 2913 1827 2973 assi-

470 3000 568 3064 milari
592 3003 742 3065 coelomm
766 3013 866 3066 motus
889 3025 909 3065 a
930 3004 998 3066 risu
1021 3012 1135 3066 nostro.
1182 3004 1217 3065 Id
1240 3002 1337 3081 magis
1361 3020 1398 3062 ex
1422 3019 1471 3075 eo,
1497 3000 1576 3081 quod
1599 3018 1648 3062 res
1672 3001 1829 3081 quaelibet

469 3090 612 3165 visibilis,
637 3100 671 3153 ut
694 3093 896 3171 quantitatem
919 3093 963 3155 sio
987 3101 1019 3155 et
1041 3094 1230 3155 celeritatem
1262 3099 1376 3152 comam
1408 3095 1529 3169 oportet
1550 3088 1665 3151 habeat
1697 3097 1729 3150 et
1752 3108 1827 3151 sen-

470 3180 589 3242 sibilem
613 3181 835 3260 proportionem
859 3182 899 3244 ad
922 3182 1040 3243 oculum
1063 3182 1187 3262 ejusque
1211 3189 1320 3243 motus.

557 3266 708 3350 Quicquid
731 3279 780 3331 est
801 3278 923 3350 praeter
946 3272 1032 3346 hanc,
1058 3269 1269 3351 comprehendi
1292 3290 1311 3331 a
1333 3266 1400 3329 visu
1423 3266 1536 3346 nequit,
1559 3272 1696 3329 testante
1712 3266 1827 3348 optica.

473 3357 551 3418 Vide
576 3354 607 3420 3.
632 3355 753 3420 et110.
779 3359 877 3438 quarti
899 3358 1085 3423 Vitellionis.
1118 3358 1189 3421 Jam
1211 3358 1343 3420 siderum
1366 3355 1508 3417 celeritas
1530 3354 1560 3416 iu
1583 3354 1668 3416 nulla
1690 3355 1730 3417 ad
1754 3375 1828 3417 sen-

470 3464 536 3507 sum
559 3445 751 3525 proportione
774 3456 842 3508 est:
866 3449 944 3528 quod
969 3448 1014 3510 sic
1037 3448 1206 3528 apparebit,
1231 3447 1257 3508 si
1278 3446 1459 3526 perpendas,
1482 3444 1579 3505 visum
1603 3450 1686 3506 tuum
1709 3464 1729 3506 a
1753 3442 1827 3506 Solo

470 3534 653 3597 circumferri
677 3534 758 3597 circa
781 3544 917 3598 centrum
940 3557 993 3599 seu
1017 3539 1167 3599 oculorum
1191 3556 1243 3599 seu
1267 3535 1376 3614 capitis
1395 3531 1551 3595 duodecim
1569 3533 1709 3595 horamm
1725 3532 1827 3613 spatio

468 3641 526 3685 nou
550 3620 726 3702 plus180⁰,
750 3644 805 3703 per
827 3626 907 3706 quod
931 3626 1061 3706 spatium
1086 3626 1168 3688 soliti
1192 3645 1294 3687 sumus
1314 3623 1390 3686 alias
1406 3623 1508 3684 oculos
1527 3629 1703 3683 convertere
1724 3622 1826 3697 citius,

470 3730 558 3792 quam
582 3712 612 3773 iu
637 3731 694 3773 uno
718 3714 849 3776 secundo
873 3716 1017 3795 temporis
1040 3714 1152 3777 horarii
1176 3714 1324 3793 scrupulo.
1355 3712 1401 3773 At
1422 3710 1453 3772 in
1476 3729 1536 3771 uua
1555 3712 1629 3772 hora
1648 3720 1719 3772 sunt
1737 3706 1828 3775 3600

470 3800 611 3874 secunda,
637 3801 666 3861 in
689 3798 728 3863 12
744 3803 826 3864 horis
849 3822 967 3866 summa
986 3811 1035 3866 est
1057 3799 1170 3867 43200
1192 3803 1398 3864 secundorum.
1432 3799 1478 3863 At
1500 3817 1576 3879 quae
1600 3799 1755 3880 proportio
1779 3807 1829 3862 est

469 3890 555 3951 unius
588 3889 627 3950 ad
665 3890 883 3972 quinquaginta
921 3892 1036 3955 millia?
1068 3894 1158 3972 plane
1191 3890 1384 3953 insensibilis.
1429 3889 1515 3950 Idem
1547 3908 1586 3950 ex
1621 3886 1693 3950 112.
1726 3889 1828 3968 quarti

469 3978 660 4053 Vitellianis,
697 3999 764 4042 cum
788 4000 837 4042 res
861 3981 928 4043 visa
951 3981 1089 4044 sensibili
1112 3989 1249 4062 tempore
1277 3979 1307 4041 in
1332 3978 1437 4040 eodem
1460 3977 1526 4038 loco
1549 3977 1686 4039 sensibili
1708 3976 1827 4052 haeret,

469 4077 594 4148 putatur
618 4067 780 4147 quiescere.
828 4068 891 4131 Sed
914 4070 969 4132 hoc
994 4071 1031 4132 do
1055 4071 1204 4133 sideribus
1227 4087 1329 4130 vemm
1353 4075 1410 4129 est.
1456 4066 1643 4127 Momentum
1667 4066 1747 4127 euim
1771 4085 1826 4127 sen

468 4175 558 4217 uuum
582 4156 744 4217 secuudum
769 4152 861 4219 horae
880 4160 1051 4240 scrupulum
1074 4159 1168 4240 (quod
1183 4159 1245 4220 sere
1259 4157 1377 4237 pulsum
1392 4156 1569 4217 arteriarum
1584 4156 1664 4216 solet
1677 4157 1825 4236 aequare)

469 4251 589 4322 tempus
614 4251 661 4304 est
686 4246 845 4322 sensibile,
880 4247 963 4309 locus
996 4267 1067 4310 vero
1096 4267 1149 4309 seu
1173 4266 1261 4310 arcus
1284 4246 1362 4307 oculi
1384 4244 1471 4306 unius
1495 4244 1605 4324 gradus
1629 4244 1828 4324 amplitudine

379 4398 381 4400 .
469 4332 575 4393 sentiri
599 4332 663 4393 sine
687 4352 743 4396 usu
772 4335 964 4398 instmmenti
986 4338 1100 4419 nequit.
1147 4337 1194 4399 At
1225 4337 1307 4399 sidus
1339 4331 1360 4396 4
1389 4333 1511 4395 minutis
1542 4332 1663 4413 primis,
1692 4332 1750 4394 hoo
1778 4341 1829 4394 est

469 4417 536 4484 240
558 4420 681 4484 minutis
704 4424 844 4486 secundis
867 4426 898 4486 iu
921 4426 1117 4507 unoquolibet
1138 4425 1235 4507 gradu
1257 4425 1377 4498 haeret,
1401 4423 1458 4484 hoc
1481 4422 1582 4484 estin
1605 4421 1719 4501 aliquo,
1745 4422 1827 4502 quod

469 4529 547 4591 pene
569 4511 674 4591 puncti
697 4513 845 4575 rationem
868 4512 971 4578 babet.
1017 4515 1124 4596 Itaque
1153 4513 1294 4596 quicquid
1323 4513 1360 4575 de
1390 4512 1540 4573 coelomm
1568 4510 1699 4572 motibus
1723 4510 1826 4572 estin

469 4600 581 4662 nostris
618 4600 769 4677 sensibus,
804 4601 947 4665 beneficio
983 4603 1224 4666 ratiocinationis
1260 4600 1488 4663 intervenientis
1525 4599 1688 4662 hausimus.
1736 4599 1827 4661 Prius

468 4688 522 4752 Sol
545 4687 608 4752 illic
631 4697 708 4763 erat,
728 4690 793 4769 jam
817 4691 866 4752 hie
889 4699 955 4768 est3
979 4693 1036 4754 huc
1061 4693 1152 4773 igitur
1174 4692 1243 4754 inde
1266 4697 1422 4773 promotus
1445 4694 1504 4750 est.

557 4775 815 4848 Quemadmodum
835 4787 935 4841 autem
959 4791 1071 4844 motum
1086 4782 1117 4844 in
1138 4800 1248 4861 genere
1268 4777 1490 4861 quiescentibus
1513 4795 1568 4858 per
1586 4794 1716 4840 errorem
1731 4777 1827 4840 attri-

467 4865 534 4928 buit
565 4866 663 4941 visus,
695 4868 739 4929 ita
767 4877 799 4930 et
826 4877 926 4952 motus
959 4870 1076 4951 species
1108 4871 1165 4932 sibi
1193 4869 1345 4949 contingit.
1392 4867 1470 4928 Hinc
1493 4875 1592 4929 ortum
1616 4872 1648 4928 et
1671 4885 1825 4941 occasum,

467 4954 525 5016 hoo
547 4963 596 5018 est
619 4973 777 5019 ascensum
800 4965 832 5020 et
855 4958 1031 5020 descensum
1054 4959 1137 5020 visus
1162 4958 1303 5021 attribuit
1325 4955 1484 5029 sideribus,
1507 4964 1540 5018 st
1563 4952 1701 5033 Ovidius,
1726 4956 1827 5019 visum

468 5043 612 5121 imitatus,
636 5044 822 5107 Phaethonti
846 5046 1032 5128 lepidissima
1052 5047 1164 5121 fabula,
1189 5047 1241 5109 lib.
1256 5047 1298 5109 11.
1314 5045 1621 5125 Metamorphoseon:
1646 5046 1718 5126 quia
1740 5043 1826 5106 visus

467 5131 524 5195 has
547 5134 680 5195 locorum
703 5134 888 5198 differentias
911 5135 941 5196 in
965 5135 1084 5198 homine
1108 5135 1234 5217 ejusque
1257 5135 1297 5197 ad
1319 5133 1505 5198 horizontem
1525 5133 1676 5196 visibilem
1693 5133 1827 5197 rectitu-
