4584 6192
467 617 533 685 826
868 617 906 668 ‘In
922 618 1009 668 librum
1028 616 1059 667 de
1077 615 1156 667 Stella
1176 628 1242 665 nora
1259 611 1408 678 Serpentarii

467 799 613 863 revolutio,
635 797 790 852 dividuntur
804 796 960 849 sententiae
981 800 1205 850 astronomorum.
1233 794 1348 855 Quidam
1362 794 1558 847 Terra-stante
1571 792 1681 845 coelum
1696 790 1819 844 ultimum

469 882 547 935 aiunt
566 880 607 933 ire
628 882 663 932 ab
685 884 746 931 ortu
768 878 795 929 in
816 892 942 928 occasum
964 885 993 929 et
1017 894 1116 947 rapere
1137 878 1269 945 planetas
1297 874 1440 928 inferiores
1461 890 1563 937 omnes,
1585 889 1691 943 eosque
1713 869 1820 924 interim

467 961 586 1032 propriis
606 959 726 1013 motibus·
744 957 784 1010 ire
805 956 832 1009 in
853 958 1031 1011 contrarium:
1059 958 1157 1026 reliqui
1178 956 1324 1018 dixerunt,
1347 961 1377 1007 ει
1398 956 1506 1024 coelum,
1524 954 1672 1010 stellatum
1694 959 1772 1005 stare
1792 958 1820 1003 et

469 1043 599 1111 planetas
630 1054 721 1092 omnes
743 1053 760 1089 a
781 1037 876 1090 diurno
904 1044 979 1090 motu
1005 1054 1065 1091 esse
1096 1038 1241 1098 immunes,
1272 1037 1360 1090 solam
1387 1053 1452 1090 vero
1478 1036 1593 1089 Terram
1620 1034 1720 1087 diurno
1748 1039 1820 1085 motu

472 1120 594 1175 converti
617 1121 653 1173 ab
674 1134 773 1172 occasu
794 1118 821 1170 in
843 1125 947 1180 ortum,
969 1118 1067 1171 ceteris
1088 1118 1210 1189 planetis
1237 1133 1301 1170 suos
1327 1122 1417 1170 motus
1439 1117 1466 1170 in
1487 1118 1603 1171 eandem
1623 1114 1745 1186 plagam
1766 1112 1821 1166 sine

472 1199 683 1271 perturbatione
703 1198 764 1251 ulla
783 1198 997 1267 perficientibus.

560 1280 629 1343 Quid
649 1278 694 1332 hic
713 1278 900 1332 horontius?
924 1279 1058 1349 Utrosque
1079 1278 1121 1331 ait
1140 1276 1243 1331 dixisse
1264 1278 1374 1341 falsum,
1395 1286 1524 1332 naturam
1544 1282 1640 1330 autem
1662 1273 1822 1329 coelestium

471 1370 592 1415 motuum
612 1360 651 1413 sic
671 1375 733 1411 esse
755 1365 955 1428 comparatam,
983 1360 1024 1412 uti
1045 1375 1095 1412 nos
1120 1359 1198 1411 illam
1218 1359 1254 1412 ab
1276 1358 1354 1411 initio
1375 1374 1393 1412 a
1413 1358 1473 1419 rudi
1498 1356 1680 1425 experientia
1705 1353 1823 1423 descrip-

473 1443 566 1502 simus.
595 1440 617 1493 0
637 1440 753 1493 stultam
773 1438 993 1507 philosophiam!
1016 1440 1053 1496 Ut
1071 1438 1194 1492 ordinem
1213 1438 1340 1492 maximis
1361 1438 1503 1492 laboribus
1523 1437 1668 1491 inventum
1690 1454 1707 1488 e
1729 1436 1824 1489 mundo

472 1521 581 1591 ejiciat,
609 1518 846 1589 perturbationem
872 1520 1017 1588 pristinam
1044 1519 1200 1574 introducit.
1240 1520 1278 1572 Et
1298 1519 1426 1590 quidnam
1447 1518 1510 1572 novi
1531 1534 1561 1570 se
1582 1518 1709 1571 delirare
1735 1515 1825 1584 jactat

471 1600 657 1657 Laurentius?
677 1602 722 1653 An
742 1615 797 1652 non
810 1600 905 1652 eadem
926 1600 1080 1671 nuperrime
1100 1599 1231 1653 deliravit
1243 1598 1403 1656 Patricius?
1423 1598 1535 1652 Scilicet
1554 1598 1706 1668 praefatus
1727 1604 1776 1649 εει
1794 1612 1826 1648 ex

474 1680 643 1744 Aristotele,
671 1681 782 1734 easdem
812 1679 954 1750 opiniones
983 1680 1072 1734 redire
1101 1680 1174 1733 inter
1199 1680 1332 1734 homines.
1373 1679 1458 1750 Atqui
1488 1679 1607 1732 nondum
1639 1685 1763 1732 exactus
1789 1682 1827 1728 est

473 1778 560 1817 annus
574 1759 732 1814 Platonicus
754 1775 772 1812 a
786 1759 881 1814 delirio
900 1760 1021 1826 Patricii,
1043 1761 1149 1813 nullum
1170 1760 1326 1815 intercessit
1345 1756 1483 1822 diluvium,
1505 1760 1598 1814 nullus
1622 1760 1710 1812 ardor
1732 1757 1826 1817 mundi,

473 1843 552 1898 nulla
571 1839 682 1912 generis
700 1840 811 1894 humani
833 1840 991 1905 internecio,
1013 1857 1084 1911 quae
1098 1840 1285 1895 Patricianam
1306 1840 1441 1895 insaniam
1461 1840 1503 1894 ita
1516 1842 1634 1904 deleret,
1657 1846 1693 1893 ut
1706 1839 1826 1893 Lauren·

474 1924 529 1978 tius
550 1922 669 1974 haberet
689 1919 760 1990 qnod
780 1920 959 1984 instauraret,
981 1923 1029 1974 sed
1050 1938 1101 1974 nec
1121 1922 1209 1991 longa
1229 1922 1324 1993 aliqua
1350 1928 1486 1975 terramm
1507 1920 1602 1991 spatia
1631 1919 1827 1979 interveniunt

473 2003 562 2058 Italus
589 2000 654 2054 Itali
679 2007 846 2054 coaetaneus
881 2003 970 2056 adhuc
997 2001 1119 2056 calentia
1143 2002 1270 2074 magistri
1296 2002 1446 2072 discipulus
1471 2001 1594 2072 vestigia
1621 2002 1721 2055 calcat
1749 2008 1827 2054 etse

473 2100 572 2137 novum
593 2081 657 2152 quid
677 2081 766 2134 dicere
788 2081 914 2137 somniat.

565 2170 663 2241 ltaque
698 2170 817 2223 lectores
850 2187 884 2223 ne
915 2171 1128 2240 perturbentur:
1169 2178 1200 2224 ει
1229 2170 1301 2225 ratio
1325 2177 1355 2224 et
1383 2166 1460 2224 3000
1489 2187 1625 2225 annorum
1656 2163 1830 2242 experientia

479 2258 608 2315 testatur,
630 2250 730 2303 falsum
752 2250 855 2304 dixisse
876 2250 1064 2327 Laurentium,
1086 2250 1312 2322 opinatoremque
1332 2251 1466 2322 supinum,
1488 2251 1667 2315 oscitantem,
1691 2252 1749 2306 imo
1769 2258 1829 2304 ster·

480 2342 588 2388 tentem
614 2339 643 2384 ει
668 2330 804 2384 rhonchos
825 2332 981 2396 ducentem,
1004 2331 1072 2385 nihil
1094 2349 1188 2387 eorunm
1217 2348 1287 2403 quae
1317 2332 1384 2386 dicit
1411 2331 1588 2403 intelligere:
1621 2339 1729 2386 contra
1755 2332 1829 2403 place

479 2410 764 2478 necessariummsse,
793 2418 824 2464 ut
845 2412 983 2465 alterutra
1010 2412 1208 2466 sententiarum
1236 2412 1478 2467 astronomicarum
1498 2429 1566 2466 vera
1589 2413 1638 2468 sit.
1687 2417 1750 2467 Aut
1768 2411 1828 2465 eain

477 2496 566 2548 Terra
586 2499 679 2546 stante
700 2492 806 2545 coelum
826 2492 944 2547 fixam
965 2492 1085 2546 solvitur
1106 2494 1201 2546 diurno
1223 2492 1339 2547 circuitu
1360 2494 1396 2547 ab
1417 2499 1480 2546 ortu
1500 2494 1527 2546 in
1549 2510 1686 2547 occasum
1709 2493 1828 2563 rehitque

479 2591 570 2629 secum
599 2573 730 2642 planetas
759 2573 931 2627 reluctantes
952 2580 982 2625 et
1009 2572 1134 2627 oviantes
1161 2574 1231 2627 alios
1261 2573 1361 2628 aliter:
1394 2580 1444 2627 aut
1474 2575 1551 2627 coelo
1582 2574 1710 2628 fixarum
1738 2579 1828 2633 stante

477 2654 599 2726 planetis
625 2652 712 2706 libem
738 2649 911 2706 currentibus
933 2659 963 2707 et
982 2654 1169 2707 revolutiones
1191 2654 1351 2724 aequabiles
1379 2653 1441 2708 aliis
1464 2654 1534 2708 alias
1557 2654 1749 2719 iacientibus,
1779 2652 1830 2707 sola

481 2737 567 2789 Terra
592 2732 714 2786 volvitur
734 2734 770 2787 ab
799 2750 899 2787 occasu
918 2733 946 2787 in
967 2742 1064 2788 ortum.
1105 2734 1225 2788 Medium
1254 2731 1330 2788 certo
1358 2734 1463 2788 nullum
1484 2741 1541 2798 εει,
1573 2735 1694 2789 tertium
1724 2735 1828 2789 nullum

481 2820 540 2869 Aut
559 2814 583 2867 si
602 2813 655 2866 hoc
682 2820 738 2877 est,
768 2815 839 2883 quod
866 2814 1032 2868 Laurentius
1062 2814 1150 2868 dixit:
1181 2821 1229 2868 eat
1256 2815 1344 2887 igitur
1368 2821 1397 2868 et
1423 2817 1458 2868 ad
1487 2808 1616 2869 numeros
1649 2824 1736 2870 vocet
1763 2829 1829 2869 suan

483 2894 644 2965 opinionem,
660 2893 758 2948 doceat
772 2913 809 2948 ex
819 2911 854 2947 ea
863 2893 1021 2964 praedicere
1036 2901 1124 2949 motus
1135 2895 1252 2959 futuros,
1267 2896 1392 2949 evincere
1406 2901 1553 2950 annotatos
1570 2897 1756 2966 praeteritos.
1780 2896 1829 2949 ate

484 2976 507 3030 si
521 2974 680 3039 tentaverit,
695 2975 817 3044 seposito
833 2974 989 3045 opinionum
1003 2992 1071 3046 quas
1085 2974 1178 3042 rejicit
1191 2975 1362 3041 adminiculo,
1376 2976 1480 3030 sentiet
1493 2984 1628 3047 quantum
1646 2992 1666 3031 a
1675 2994 1744 3031 vero
1758 2974 1830 3031 absit

474 3068 477 3071 ’
571 3065 633 3118 Jam
656 3079 726 3134 quae
748 3063 844 3132 objicit
856 3063 961 3133 primae
976 3065 1132 3118 sententiae
1154 3064 1302 3120 videamus.
1329 3066 1399 3120 Nam
1414 3065 1467 3119 etsi
1487 3066 1640 3119 alteram
1661 3083 1718 3138 ego
1734 3080 1831 3136 sequor,

485 3161 598 3202 omnes
624 3152 716 3198 tamen
746 3153 962 3198 astronomorum
992 3144 1165 3216 quantumvis
1194 3154 1353 3217 pugnantes
1384 3145 1523 3216 opiniones
1553 3153 1657 3199 contra
1688 3147 1830 3217 imperitos.

486 3231 690 3300 ageometretos
718 3231 749 3278 et
781 3224 872 3279 varios
904 3224 1062 3293 hujusmodi
1087 3225 1252 3295 opiniastros
1278 3233 1308 3279 et
1332 3226 1529 3297 logodaedalos
1557 3226 1753 3282 defendendas
1777 3223 1831 3281 unffi

485 3316 562 3379 puto,
583 3311 615 3360 nt
635 3305 747 3359 videant
768 3304 912 3368 discentes,
934 3322 990 3370 eos,
1012 3305 1059 3376 qui
1078 3306 1154 3359 intra
1173 3305 1274 3361 limites
1295 3306 1478 3361 astronomiae
1499 3314 1642 3378 pugnant.
1666 3322 1832 3380 nequaquan

487 3392 555 3443 adeo
575 3385 687 3440 lubricis
709 3384 760 3439 niti
780 3384 950 3440 ratiunculis.

579 3462 608 3535 1)
629 3467 686 3529 Ait,
710 3466 800 3518 coelos
822 3483 883 3518 esse
905 3466 999 3517 laeves
1014 3472 1046 3518 ut
1063 3466 1184 3534 specula,
1206 3485 1256 3520 nec
1270 3467 1379 3520 concedi
1400 3483 1489 3536 posse,
1512 3474 1544 3520 ut
1558 3468 1682 3521 alterum
1701 3469 1740 3521 ab
1755 3469 1832 3521 altero

487 3549 550 3603 vehi
572 3548 685 3601 dicatur.
713 3548 790 3616 Ergo
811 3546 923 3616 planum
938 3546 1082 3614 speculare
1096 3547 1182 3615 plano
1197 3547 1335 3616 speculari
1356 3548 1473 3601 innitens
1496 3549 1642 3601 transvehi
1658 3567 1718 3602 non
1732 3552 1832 3619 potest?

487 3630 674 3698 Aliquousque
701 3636 775 3680 certe
800 3635 930 3696 sequetur
951 3628 1021 3696 quod
1047 3626 1191 3691 incumbit,
1214 3628 1236 3680 si
1258 3629 1387 3681 trahatur
1407 3628 1476 3697 quod
1498 3629 1630 3684 sustinet.
1678 3630 1761 3691 Quod
1780 3645 1833 3681 sero

488 3713 598 3764 tandem
620 3710 689 3777 quod
711 3707 842 3760 incumbit
861 3706 1033 3775 relinquitur,
1056 3723 1141 3761 causa
1155 3715 1198 3761 est
1211 3708 1343 3761 materiae
1359 3709 1494 3779 gravitas.
1519 3709 1606 3762 Dicas
1623 3727 1707 3781 ergo,
1723 3712 1833 3764 Laurea

488 3792 554 3853 tine,
576 3790 656 3841 orbes
679 3789 813 3841 coelestes
834 3804 945 3857 granea,
968 3790 1015 3839 sed
1030 3804 1141 3841 causam
1159 3790 1241 3852 dicas,
1258 3803 1350 3858 quare,
1366 3797 1448 3843 eunte
1469 3805 1597 3858 supremo
1617 3793 1694 3861 quod
1718 3793 1790 3846 inira
1807 3790 1834 3843 ab

488 3872 536 3923 illo
559 3869 685 3939 tangitur
706 3869 832 3937 undique,
854 3868 893 3920 ire
915 3886 969 3920 non
984 3869 1094 3921 debeat.

578 3945 606 4013 2)
628 3949 833 4019 intelligentias
855 3950 966 4001 beatam
988 3965 1073 4018 agere
1095 3948 1192 4010 vitam,
1215 3967 1268 4002 uon
1290 3949 1374 4019 igitur
1394 3950 1453 4019 pati
1480 3950 1660 4019 raptationes
1692 3949 1835 4023 hujusmodi

488 4031 633 4085 violentas.
674 4029 780 4090 Stulte;
808 4046 862 4080 non
882 4028 985 4081 attinet
1010 4028 1222 4099 intelligentiam
1243 4031 1312 4083 haec
1331 4037 1457 4093 vectura,
1484 4033 1532 4097 sed
1552 4049 1659 4101 corpus
1684 4052 1738 4088 seu
1759 4035 1836 4087 orben

493 4112 562 4180 ejus.
606 4110 773 4163 Omiserum
793 4108 955 4163 Laurentini
976 4108 1107 4172 animum,
1134 4127 1212 4178 quem
1234 4128 1327 4164 currus
1348 4127 1398 4179 per
1418 4111 1527 4179 plateas
1548 4113 1645 4182 rapit,
1671 4132 1756 4185 quem
1777 4111 1837 4166 renti

489 4209 539 4262 per
560 4206 634 4243 mare
664 4191 791 4261 agitant,
823 4206 901 4259 quem
922 4206 1016 4260 equus,
1044 4206 1122 4259 quem
1144 4191 1237 4254 asina,
1260 4209 1338 4261 quem
1359 4192 1447 4244 mulus
1472 4192 1564 4246 vehit:
1599 4198 1720 4263 quando
1745 4195 1838 4249 desinet

490 4271 624 4325 dominum
645 4288 723 4324 suum
743 4273 914 4335 dementare,
943 4270 1048 4323 scilicet
1069 4278 1100 4323 ut
1120 4272 1164 4324 vel
1191 4274 1299 4325 tandem
1324 4271 1536 4341 irrequietudine
1558 4280 1591 4327 et
1613 4277 1778 4331 mobilitate
1796 4276 1838 4328 hsc

488 4353 636 4406 liberetur!

581 4430 610 4496 3)
641 4432 787 4484 Remorum
815 4430 939 4500 patietur
968 4430 1056 4499 prima
1091 4432 1226 4501 sphaera,
1265 4433 1287 4485 si
1316 4441 1445 4486 oneretur
1482 4435 1629 4489 vectandis
1665 4438 1838 4495 inferioribus

491 4513 622 4583 Equidem
636 4512 803 4564 Laurentiue
825 4512 908 4579 sapis,
931 4511 953 4564 si
968 4509 1074 4564 currum
1095 4520 1221 4565 onustum
1242 4513 1376 4566 diilicilius
1397 4520 1481 4582 putas
1503 4515 1589 4580 trahi,
1615 4535 1708 4588 quam
1729 4535 1839 4575 vacnum

491 4599 530 4648 At
551 4595 596 4663 qui
616 4593 688 4647 hanc
708 4592 822 4661 primam
847 4591 968 4645 defendit
993 4592 1172 4655 seutentiam,
1199 4594 1271 4646 dicet
1298 4594 1363 4658 tibi,
1391 4595 1528 4646 matricem
1558 4596 1738 4655 facultatem
1760 4604 1840 4655 datm

491 4674 605 4728 ultimae
627 4673 763 4742 sphaerae
784 4689 879 4742 parem
893 4672 968 4725 oneri
990 4667 1097 4741 (placet
1116 4673 1187 4725 enim
1201 4674 1251 4726 tibi
1272 4674 1341 4726 coeli
1362 4674 1488 4743 gravitas
1510 4683 1539 4728 et
1554 4679 1684 4745 pondus,
1707 4678 1840 4742 utsideol,

493 4762 522 4808 et
543 4753 650 4807 omnino
671 4752 809 4805 breviores
831 4753 887 4805 dies
908 4752 1024 4817 futuros,
1046 4753 1118 4807 situ
1138 4755 1227 4823 possis
1248 4754 1324 4807 illam
1345 4754 1397 4807 hoc
1417 4772 1508 4818 onere,
1530 4759 1606 4825 quod
1630 4764 1733 4818 serbis
1754 4769 1840 4821 teum.

492 4852 523 4887 re
544 4833 606 4902 ipsa
625 4834 754 4887 liberare.

582 4910 614 4983 4)
635 4915 790 4967 absurdum
811 4919 908 4983 putat,
934 4912 1076 4967 inferiores
1104 4914 1169 4971 ferri
1194 4915 1298 4967 latione
1326 4913 1508 4984 superiorum,
1537 4934 1601 4972 cum
1635 4940 1696 4979 non
1717 4920 1841 4996 putaverit

495 4994 654 5059 absurdum,
677 4993 791 5062 primum
811 5000 925 5055 motum,
952 4995 996 5063 qui
1018 4995 1230 5049 communicatur
1254 4994 1439 5058 inferioribus,
1468 4996 1605 5068 frangere
1632 5011 1667 5057 et
1688 5007 1839 5075 potissimae

495 5073 555 5141 ejus
576 5076 727 5144 portionem
749 5074 871 5127 tribuero
893 5073 1012 5127 inferiori
1033 5093 1082 5145 pro
1103 5084 1178 5129 motu
1199 5092 1248 5127 suo
1269 5076 1373 5138 diurno,
1395 5075 1447 5128 imo
1468 5084 1498 5130 et
1519 5085 1616 5134 totum
1640 5084 1725 5140 illurn
1746 5087 1839 5157 primun

495 5161 597 5209 motum
616 5154 745 5224 planetis,
768 5170 827 5208 cum
848 5160 912 5209 sunt
931 5156 1095 5226 retrogradi,
1116 5158 1183 5210 dare
1204 5156 1232 5208 in
1252 5163 1360 5225 partem
1380 5172 1474 5210 eorum
1494 5167 1589 5214 motus
1614 5163 1721 5222 diurni
