4584 6192
1913 609 2313 678 caputxxvn.
3113 674 3131 691 ,
3219 571 3227 577 ’
3319 591 3447 680 713

760 806 899 848 esse
945 794 1011 849 ut
1055 804 1232 848 casus
1278 799 1483 850 om'nes
1529 788 1626 870 qui
1674 798 1815 852 sunt
1857 790 2181 871 possibiles
2235 790 2534 853 eveniant.
2626 789 2759 870 Ego
2804 808 2946 852 vero
3008 792 3169 862 dico,
3228 791 3446 858 falsum

757 878 874 939 hoc
920 895 1072 937 esse.
1166 876 1324 938 Nam
1370 878 1421 939 si
1469 897 1645 939 casus
1690 880 1847 942 inter
1893 880 2094 959 jactus
2142 881 2478 943 dominetur
2534 879 2813 941 fortuitus
2858 879 3129 962 interque
3175 882 3446 961 jactuum

667 975 675 980 '
758 965 1111 1027 cadentias:
1173 972 1336 1026 certe
1382 985 1497 1027 uno
1545 967 1811 1048 quolibet
1845 967 2015 1048 jactu
2060 976 2344 1049 poterunt
2389 968 2603 1030 cadere
2664 968 2898 1042 omnia:
2965 969 3165 1050 itaque
3212 980 3273 1033 et
3319 972 3441 1046 illa,

755 1073 911 1136 quae
958 1062 1141 1115 antea
1186 1054 1544 1118 ceciderant.
1637 1055 1809 1127 Quae
1856 1057 1907 1118 si
1955 1058 2203 1132 cadant,
2263 1076 2377 1119 non
2436 1057 2657 1118 cadent
2710 1054 2899 1136 igitur.
2946 1057 3093 1133 alia,
3152 1078 3269 1121 non
3316 1060 3442 1135 illa,

756 1162 910 1223 quae
955 1144 1213 1204 nondum
1258 1144 1639 1207 ceciderant:
1688 1146 1776 1207 ita
1819 1147 1941 1208 fieri
1986 1154 2213 1227 potest,
2263 1146 2534 1228 quamvis
2582 1146 2822 1207 infinitis
2861 1146 3156 1224 jactibus,
3207 1158 3275 1210 ut
3323 1150 3440 1211 ali-

754 1253 892 1315 qua,
943 1251 1093 1314 quae
1131 1232 1346 1293 cadere
1384 1233 1690 1311 possibile,
1738 1253 1854 1295 non
1885 1228 2141 1297 cadant:
2191 1255 2305 1297 non
2345 1236 2530 1314 igitur
2566 1253 2834 1307 necesse,
2871 1241 2939 1295 ut
2966 1236 3164 1297 omnia
3203 1239 3441 1302 cadant.

749 1323 855 1385 Ita
897 1340 1042 1383 casu
1089 1322 1270 1383 etiam
1319 1323 1582 1384 admisso
1629 1341 1926 1404 nunquam
1970 1332 2173 1386 tamen
2230 1333 2455 1387 certum
2502 1324 2644 1396 erit,
2694 1344 2768 1386 au
2817 1322 2984 1383 sidus
3030 1324 3144 1386 hoc
3190 1345 3334 1389 casu
3381 1327 3439 1389 in

751 1413 951 1474 locum
995 1410 1428 1489 conjunctionis
1493 1431 1747 1493 magnae
1811 1413 2104 1476 inciderit.
2197 1413 2451 1474 Poterat
2498 1412 2653 1490 enim
2718 1431 2894 1474 casus
2940 1412 3053 1474 hoc
3107 1423 3476 1500 praestare„

749 1508 995 1580 poterat
1054 1500 1236 1560 etiam
1300 1518 1415 1561 non
1462 1510 1792 1580 praestare.
1885 1502 1955 1564 In
2023 1502 2253 1564 incerto
2314 1501 2715 1582 relinquimur.
2810 1500 3165 1582 Quanquam
3231 1501 3443 1567 Cicero
3491 1559 3498 1564 .

749 1590 905 1652 libro
950 1588 1000 1650 I.
1049 1590 1123 1650 de
1169 1588 1552 1650 Divinatione
1615 1598 1836 1669 negat,
1900 1591 2024 1656 fieri
2088 1611 2266 1673 posse
2331 1610 2621 1672 unquam,
2687 1599 2753 1652 ut
2798 1590 3116 1652 veritatem
3175 1593 3441 1673 perfecte

749 1697 931 1740 casus
979 1678 1291 1757 exprimat.
1365 1676 1524 1740 Olim
1574 1680 1630 1740 in
1681 1680 2106 1756 adolescentia,
2147 1700 2281 1742 cum
2329 1680 2694 1742 abundarem
2734 1679 2875 1753 otio,
2926 1680 3262 1742 delectatus
3311 1699 3441 1744 sum

750 1781 827 1829 ea
872 1767 1176 1840 vanitate,
1239 1766 1407 1845 cujus
1469 1768 1692 1829 multos
1750 1769 2074 1831 adultiores
2132 1788 2248 1831 non
2312 1769 2532 1849 pudet:
2601 1768 3004 1850 Lycophrouti
3055 1766 3440 1832 Chalcidensi

748 1864 971 1937 poetae
1002 1856 1373 1917 attribuunt:
1424 1856 1615 1917 literis
1646 1858 1897 1919 nominis
1939 1858 2054 1922 mei
2091 1858 2325 1938 graecis
2359 1857 2737 1941 transcriptis
2766 1857 2948 1931 varie,
3000 1858 3167 1919 effeci
3198 1858 3441 1922 tandem

748 1944 1114 2007 sententiam
1170 1953 1432 2019 certam,
1501 1953 1568 2007 ut
1628 1964 1737 2026 pro
1786 1951 2036 2025 Ιωαηης
2084 1950 2393 2027 Κεπληρος
2456 1943 2754 2025 legeretur
2816 1947 3111 2027 Σειρητων
3157 1950 3445 2027 nannius-2

745 2042 819 2095 et
857 2034 1042 2096 latine
1106 2033 1374 2095 Joannes
1415 2034 1717 2114 Keplerus
1783 2046 1961 2098 sonat
2019 2055 2125 2117 per
2168 2035 2736 2114 transpositionem:
2787 2033 3048 2115 Serpens
3093 2037 3151 2098 in
3203 2037 3436 2101 akule0.

747 2122 874 2185 Sed
921 2142 1052 2185 cum
1098 2141 1211 2183 non
1256 2122 1527 2203 placeret
1563 2142 1774 2186 sensus
1820 2143 2213 2208 cuperemque
2259 2125 2460 2197 alium,
2509 2115 2618 2185 nec
2648 2132 2847 2187 tamen
2895 2126 3265 2201 succederet,
3315 2146 3441 2189 rem

747 2214 1025 2274 fortunae
1089 2211 1375 2273 commisi.
1470 2209 1732 2274 Chartas
1797 2213 2052 2277 lusorias
2111 2214 2345 2295 aequali
2406 2232 2539 2274 cum
2605 2213 2794 2275 literis
2859 2233 3099 2275 numero
3167 2215 3436 2295 singulas
3541 2293 3545 2298 ,

745 2301 998 2381 singulis
1057 2300 1331 2379 inscripsi
1396 2300 1624 2363 literis:
1689 2302 1826 2364 inde
1885 2304 2053 2384 coepi
2111 2303 2364 2364 miscere
2424 2302 2666 2363 chartas
2716 2311 2778 2364 et
2822 2303 2899 2363 ad
2949 2294 3173 2366 'seriem
3234 2323 3437 2367 earum

742 2390 1070 2453 identidem
1114 2390 1442 2469 respicere,
1506 2390 1556 2451 si
1604 2392 1838 2470 quando
1887 2411 2096 2453 sensus
2163 2391 2378 2472 aliquis
2436 2391 2722 2471 prodiret.
2816 2391 2916 2453 Dii
2964 2393 3232 2474 deaeque
3279 2392 3434 2474 Epi-

730 2497 960 2543 ‘cureae
1007 2497 1214 2540 omnes
1259 2479 1516 2557 perdant
1560 2479 1714 2541 hunc
1743 2500 1966 2554 casum,
2015 2481 2112 2560 qui
2141 2480 2284 2542 mihi
2333 2479 2476 2541 nihil
2523 2499 2781 2560 unquam
2812 2500 2885 2542 ne
2923 2479 3152 2543 eminus
3201 2482 3438 2563 quidem

744 2568 1066 2631 ostendere
1132 2568 1361 2647 potuit,
1430 2568 1583 2647 quod
1649 2569 1725 2629 ad
1786 2570 2146 2632 sententiam
2212 2569 2472 2650 aliquam
2533 2569 2863 2644 alluderet,
2930 2588 3061 2631 cum
3125 2571 3441 2651 plurimum

743 2658 1031 2738 temporis
1077 2658 1358 2735 eriperet.
1451 2656 1535 2719 Et
1579 2666 1710 2719 erat
1755 2666 1956 2720 tamen
2003 2659 2161 2720 inter
2207 2678 2384 2720 casus
2429 2658 2766 2738 possibilis,
2825 2667 2893 2720 ut
2936 2659 3205 2738 prodiret
3249 2661 3357 2722 illa
3401 2680 3441 2722 a

743 2766 842 2809 me
887 2748 1131 2808 inventa
1191 2746 1523 2821 sententia,
1575 2748 1874 2826 Esapmmv
1920 2750 2194 2826 καπηλος.
2289 2748 2499 2827 Itaque
2563 2746 2806 2809 chartas
2864 2767 3033 2809 meas
3088 2748 3440 2811 Aetheriodi

744 2835 1042 2916 Epicureo
1109 2835 1329 2896 tradidi
1386 2834 1443 2908 in
1491 2835 1742 2915 Apirum
1808 2837 2246 2915 deportandas:
2318 2836 2624 2916 feruntque
2683 2836 2763 2897 ibi
2828 2837 2966 2900 illas
3026 2837 3220 2900 adhuc
3280 2839 3441 2902 inter

730 2933 984 3006 ‘atomos
1028 2923 1284 2985 volitare
1333 2923 1767 2997 confusissime,
1817 2926 2033 2987 nullius
2081 2926 2218 2986 dum
2265 2944 2478 2987 sensus
2524 2932 2745 2987 certas.

674 3085 685 3094 ο
921 3012 1132 3075 Dicam
1178 3034 1529 3092 yvuvoeuwuc
1563 3013 1710 3074 meis
1758 3012 2228 3094 disputatoribus
2271 3013 2634 3076 sententiam
2671 3032 2786 3077 non
2834 3033 3047 3090 meam,
3097 3013 3204 3077 sed
3235 3015 3440 3079 uxoris

738 3121 948 3177 meae,
1015 3103 1190 3182 idque
1252 3102 1419 3175 ideo,
1488 3103 1627 3181 quia
1669 3103 1947 3164 inductus
2010 3105 2272 3183 ipsorum
2338 3102 2665 3165 rationibus
2717 3103 2848 3183 jam
2910 3106 3085 3166 modo
3146 3106 3437 3178 concessi,

740 3191 1011 3255 ordinem
1059 3210 1200 3252 casu
1250 3191 1402 3252 effici
1450 3209 1660 3269 posse,
1723 3192 1878 3273 quod
1935 3211 2050 3253 non
2111 3192 2350 3253 videtur
2405 3210 2615 3253 meae:
2682 3199 2748 3254 ut
2793 3191 2977 3272 igitur
3018 3212 3114 3255 me
3162 3194 3437 3268 doceant,

737 3281 1105 3343 sententiam
1153 3300 1191 3341 a
1226 3298 1293 3340 se
1341 3280 1783 3361 suppeditatam
1830 3288 2038 3341 contra
2084 3280 2418 3342 molestum·
2444 3288 2507 3342 et
2539 3299 2781 3360 gravem
2828 3283 2983 3344 hunc
3029 3282 3437 3345 adversarium

739 3370 1085 3432 defendere.
1177 3369 1350 3442 Heri,
1418 3370 1557 3430 dum
1604 3371 1798 3431 fessus
1845 3391 1883 3431 a
1927 3369 2239 3431 scribendo
2306 3370 2619 3452 animoque
2675 3371 2837 3433 intus
2896 3371 3309 3452 pulverulento
3359 3371 3436 3433 ab

741 3467 1076 3522 atomorum
1137 3456 1387 3519 istarum
1445 3458 2019 3520 considerationibus
2084 3460 2161 3519 ad
2227 3478 2472 3520 coenam
2536 3478 2753 3534 vocor,
2822 3460 3070 3541 apponit
3128 3460 3271 3522 mihi
3339 3481 3430 3535 ea,

737 3567 920 3630 quam
967 3548 1110 3621 dixi,
1158 3546 1500 3609 acetarium.
1593 3546 1775 3627 Ergo,
1823 3547 2060 3628 inquam
2108 3566 2238 3626 ego,
2286 3547 2336 3608 si
2384 3556 2514 3610 toto
2562 3554 2702 3610 aere
2748 3548 3055 3611 confertae
3112 3548 3436 3611 volitarent

738 3637 989 3719 patinae
1054 3645 1374 3709 stanneae,
1443 3636 1586 3696 folia
1630 3637 1935 3706 lactucae,
1996 3636 2187 3698 micae
2232 3636 2418 3708 salis,
2482 3646 2691 3716 guttae
2752 3655 2978 3718 aquae,
3041 3638 3231 3711 aceti,
3298 3638 3432 3714 olei,

740 3744 990 3788 ovorum
1038 3726 1350 3799 decusses,
1416 3724 1592 3807 idque
1640 3726 1716 3785 ab
1765 3734 2008 3787 aeterno
2065 3726 2274 3787 duret:
2342 3726 2599 3787 futurum
2647 3734 2745 3787 est
2786 3726 3028 3789 tandem
3093 3725 3432 3807 aliqnando,

743 3823 816 3878 ut
865 3814 1110 3876 fortuito
1155 3815 1279 3876 tale
1324 3824 1504 3875 coeat
1549 3813 1921 3876 acetarium?
1966 3813 2275 3895 respondit
2323 3813 2480 3874 bella
2515 3833 2687 3876 mea:
2736 3812 2859 3876 Sed
2889 3834 3001 3876 non
3040 3815 3152 3878 boc
3199 3816 3432 3892 decore,

737 3922 939 3985 neque
987 3903 1097 3965 hoc
1145 3903 1369 3965 ordine.

923 3993 1112 4054 Miser
1157 4011 1298 4071 ego,
1358 3991 1497 4071 quid
1555 3991 1828 4052 afferrem
1874 3992 1951 4053 ad
2000 3989 2341 4054 sententiae
2385 4008 2554 4051 meae
2618 3990 3070 4054 defensionem?
3137 3992 3293 4056 Visa
3340 4002 3435 4055 est

736 4082 1094 4144 verisimilia
1139 4081 1357 4143 dicere.
1432 4081 1724 4142 Nimirum
1773 4081 1848 4142 ab
1894 4080 2198 4160 ipsissimo
2246 4078 2536 4143 Cicerone
2582 4080 2808 4142 didicit.
2884 4078 2987 4144 Sic
3025 4081 3180 4143 enim
3227 4089 3290 4145 et
3333 4083 3434 4146 ille

739 4172 913 4234 casui
963 4171 1216 4250 largitur
1272 4182 1538 4251 „figuram
1588 4178 1827 4250 aliquam
1868 4197 1975 4234 non
2029 4178 2347 4235 dissimilem
2385 4195 2580 4245 verae,
2638 4181 2733 4234 sed
2774 4186 2925 4235 certe
2965 4197 3074 4236 non
3116 4182 3312 4248 talem,
3369 4190 3436 4238 ut

738 4283 868 4328 eam
909 4271 1112 4325 factam
1154 4286 1192 4324 a
1231 4286 1402 4341 scopa
1439 4249 1699 4324 diceres?
1789 4261 2016 4338 Magna
2072 4268 2167 4320 est
2225 4259 2440 4321 fiducia
2503 4258 2722 4321 mentis
2784 4259 3115 4342 ubicunque
3180 4271 3435 4341 apparet

739 4350 929 4411 ordo:
994 4350 1162 4428 cujus
1227 4350 1311 4410 rei
1377 4368 1561 4411 causa
1624 4367 1700 4409 ex
1770 4346 2160 4428 penitissimis
2222 4347 2585 4428 geometriae
2651 4348 2913 4411 fontibus
2986 4350 3247 4430 petenda
3315 4359 3429 4413 est.

740 4438 981 4511 Quodsi
1043 4438 1225 4499 etiam
1288 4456 1434 4500 casu
1500 4438 1835 4500 efficeretur
1898 4436 2114 4518 aliquis
2175 4438 2319 4499 ordo
2341 4484 2359 4512 ,
2421 4446 2621 4499 tamen
2668 4437 2782 4499 huc
2845 4438 3052 4499 statim
3111 4440 3434 4501 convolant

738 4536 1015 4603 mentes,
1082 4527 1231 4589 haec
1294 4528 1560 4607 ipsarum
1624 4527 1977 4601 delectatio,
2054 4525 2203 4588 haec
2266 4528 2414 4589 vita.
2525 4526 2625 4589 Ad
2688 4526 2849 4588 mille
2909 4545 3086 4598 casus
3149 4528 3430 4590 informes

738 4617 1052 4697 torpidae,
1119 4617 1196 4678 ad
1250 4636 1426 4678 unum
1486 4616 1820 4677 ordinatum
1879 4615 2089 4677 statim
2145 4615 2663 4695 expergiscuntur,
2728 4615 3003 4696 vigilant.
3097 4616 3310 4698 Itaque
3355 4636 3431 4680 ne

743 4706 1012 4788 quidem,
1062 4706 1116 4767 si
1161 4725 1304 4767 casu
1351 4706 1534 4768 stella
1582 4706 1639 4766 in
1682 4707 2063 4785 planetarum
2107 4704 2418 4772 concilium
2465 4704 2703 4779 incidit,
2760 4713 3079 4786 propterea
3122 4705 3268 4768 nihil
3315 4703 3428 4768 hoc

743 4795 971 4858 efficit:
1038 4794 1175 4876 quin
1235 4795 1426 4856 omnis
1483 4794 1784 4856 mundana
1845 4803 2063 4857 natura
2107 4800 2171 4854 et
2222 4792 2497 4873 quicquid
2562 4812 2810 4875 usquam
2866 4801 2961 4856 est
3017 4796 3278 4856 mentale
3323 4815 3427 4858 seu

741 4885 996 4947 rationis
1043 4884 1374 4962 agitatione
1421 4901 1527 4945 seu
1573 4883 1859 4945 instinctu
1912 4882 2158 4963 perenni
2221 4882 2548 4956 suffultum,
2614 4881 3113 4945 vehementer·eo
3159 4901 3422 4946 commo-

741 4984 953 5036 vetur:
1018 4973 1131 5035 soli
1176 4972 1240 5034 hi
1283 4971 1651 5053 philosophi,
1715 4972 1925 5052 quibus
1970 4989 2077 5052 pro
2131 4970 2335 5032 ordine
2380 4971 2583 5051 placet
2638 4971 2939 5045 confusio,
3002 4971 3100 5051 qui
3145 4977 3422 5037 mundum

742 5062 1208 5146 pulcherrimum
1253 5063 1410 5124 inter
1464 5061 1813 5126 inamoenas
1861 5068 2092 5125 atomos
2145 5059 2515 5139 abjecerunt,
2565 5059 2675 5122 hoc
2720 5070 2859 5123 sunt
2903 5060 3127 5141 meriti,
3172 5069 3242 5123 ut
3281 5065 3422 5145 pul..
