4584 6192
562 596 627 662 526
1141 597 1170 646 In
1190 596 1334 660 Dioptrr'cen

655 774 779 835 Habent
803 770 923 834 Samiae
951 771 1161 851 philosophiae
1186 774 1315 834 cultores
1345 773 1451 845 (liceat
1475 774 1554 834 enim
1582 774 1638 836 hoc
1663 774 1841 853 cognomine
1867 775 1924 851 nti,

563 864 605 925 ad
636 863 812 925 indicandos
842 861 906 939 ejus
936 862 1106 922 inventores
1134 862 1339 942 Pythagoram
1367 870 1398 922 et
1421 862 1630 924 Aristarchum
1655 862 1792 936 Samios)
1827 864 1925 927 etiam

564 960 674 1015 contra
698 958 893 1031 apparentem
917 949 1009 1009 oculis
1033 949 1273 1011 immobilitatem
1288 952 1399 1010 Terrae
1423 959 1562 1029 paratum
1576 953 1605 1012 in
1622 952 1710 1012 Luna
1724 953 1925 1030 praesidium.

564 1043 716 1103 Docemur
741 1039 850 1118 quippe
872 1037 901 1098 in
936 1038 1061 1116 opticis,
1096 1039 1121 1099 si
1155 1040 1220 1117 quis
1253 1047 1387 1099 nostrum
1420 1039 1450 1099 in
1474 1040 1561 1100 Luna
1595 1049 1697 1112 esset,
1737 1040 1764 1099 ei
1799 1041 1925 1102 omnino

563 1130 682 1190 Lunam
708 1125 886 1188 domicilium
911 1145 994 1186 suum
1018 1126 1137 1203 penitus
1166 1127 1361 1200 immobilem,
1387 1127 1509 1187 Terram
1540 1146 1610 1188 vero
1635 1135 1772 1189 nostram
1797 1128 1921 1191 Solem·

564 1235 620 1296 que
655 1224 686 1277 et
718 1224 820 1277 cetera
843 1214 941 1274 omnia
965 1214 1087 1275 mobilia
1116 1215 1212 1275 visum
1243 1216 1299 1277 iri:
1333 1216 1377 1275 sic
1409 1215 1488 1275 enim
1519 1222 1589 1275 sunt
1613 1225 1810 1294 comparatae
1836 1217 1923 1278 visus

563 1304 706 1366 rationes.
1947 1326 1949 1329 ·

653 1389 906 1454 Commemoravit
938 1397 1030 1451 antea
1061 1391 1164 1461 Pena,
1194 1391 1341 1469 quomodo
1366 1390 1530 1450 astronomi
1559 1390 1668 1468 opticis
1692 1391 1739 1451 usi
1763 1391 1923 1471 principiis

563 1498 671 1559 magno
695 1478 956 1541 ratiocinationum
980 1478 1132 1540 molimine
1156 1478 1235 1539 viam
1265 1481 1395 1540 lacteam
1419 1498 1456 1538 ex
1480 1479 1655 1539 elementari
1680 1480 1803 1554 mundo,
1829 1499 1924 1559 quor-

562 1588 626 1631 sum
652 1587 716 1628 eam
740 1569 905 1629 collocarat
928 1563 1122 1639 Aristoteles
1150 1568 1178 1627 in
1203 1586 1373 1647 supremum
1398 1566 1524 1627 aethera
1547 1567 1735 1628 sustulerint.
1773 1569 1821 1629 At
1845 1588 1924 1631 nunc

530 1697 538 1711 .
563 1657 727 1737 perspicilli
750 1674 855 1717 recens
880 1654 992 1715 inventi
1016 1656 1158 1717 beneficio
1182 1655 1239 1734 ipsi
1255 1664 1493 1717 astronomorum
1518 1655 1595 1717 oculi
1620 1664 1705 1717 recta
1729 1656 1924 1719 adducuntur

563 1745 602 1805 ad
633 1744 849 1823 pervidendam
882 1743 949 1803 viae
983 1744 1100 1804 lacteae
1133 1744 1352 1804 substantiam:
1387 1753 1420 1804 ut
1453 1743 1618 1823 quicunque
1652 1743 1708 1804 boc
1743 1747 1924 1823 spectaculo

563 1832 686 1906 fruitur,
720 1833 746 1893 is
781 1832 869 1893 fateri
900 1837 1041 1909 cogatur,
1077 1833 1149 1893 nihil
1175 1853 1242 1894 esse
1267 1832 1347 1893 aliud
1371 1833 1450 1893 viam
1475 1833 1623 1907 lacteam,
1657 1833 1714 1894 nisi
1748 1835 1925 1912 congeriem

562 1920 829 1982 minutissimarum
854 1920 1019 1981 stellarum.

653 2007 734 2079 Quid
758 2016 841 2069 esset
863 2007 1009 2068 nebulosa
1032 2008 1138 2082 stella,
1173 2008 1292 2085 penitus
1316 2008 1486 2085 ignoratum
1516 2006 1682 2068 hactenus:
1713 2009 1925 2087 perspicillum

564 2116 635 2158 vero
666 2098 694 2158 in
726 2098 818 2158 talem
847 2097 976 2175 aliquam
1005 2097 1180 2157 nebulosam
1209 2097 1447 2157 convolutionem
1477 2097 1526 2168 (ut
1549 2096 1741 2156 Ptolemaeus
1767 2099 1923 2177 appellat)

564 2185 720 2259 directum,
746 2185 880 2246 ostendit
903 2204 1018 2246 rursum
1041 2193 1074 2245 ut
1098 2185 1127 2245 in
1152 2184 1201 2245 via
1226 2186 1324 2245 lactea
1347 2185 1437 2257 duas,
1470 2193 1532 2244 tres
1557 2184 1603 2244 vel
1629 2194 1756 2263 quatuor
1781 2188 1923 2250 clarissi-

562 2293 629 2335 mas
653 2275 761 2335 stellas
785 2274 813 2333 in
838 2273 1007 2334 arctissimo
1032 2273 1130 2352 spatio
1155 2274 1330 2334 collocatas.

656 2360 732 2432 Quis
755 2381 827 2423 vero
851 2362 1038 2437 credidisset,
1064 2363 1188 2422 fixarum
1212 2380 1365 2422 numerum
1393 2379 1460 2420 esse
1490 2359 1615 2436 decuplo
1645 2369 1697 2421 aut
1726 2362 1806 2422 forte
1833 2364 1921 2444 vige·

568 2451 655 2530 euplo
679 2452 821 2529 majorem
845 2471 898 2525 eo,
933 2451 981 2528 qui
1006 2459 1052 2511 est
1077 2451 1106 2510 in
1130 2451 1317 2511 Ptolemaica
1339 2450 1464 2509 fixarum
1489 2448 1710 2527 descriptione,
1745 2449 1772 2510 si
1807 2451 1922 2531 absque

565 2538 621 2599 hoc
644 2541 843 2600 instrumento
868 2539 994 2600 fuisset?
1022 2539 1063 2599 Et
1087 2539 1163 2599 unde
1188 2558 1300 2617 quaeso
1325 2546 1531 2613 argumentum
1556 2546 1695 2615 petamus
1722 2538 1759 2598 de
1783 2539 1843 2601 fine
1868 2561 1921 2602 seu

563 2628 690 2688 termino
715 2627 928 2705 hujusmundi
953 2628 1166 2705 aspectabilis,
1206 2628 1283 2706 quod
1316 2627 1342 2687 is
1367 2626 1408 2686 sit
1432 2626 1497 2704 ipsa
1522 2626 1651 2704 sphaera
1674 2627 1822 2700 fixarum,
1862 2629 1920 2690 nisi

563 2716 601 2775 ab
624 2715 682 2776 hac
706 2716 774 2792 ipsa
797 2715 921 2775 fixarum
946 2716 1135 2776 multitudine
1159 2716 1330 2795 perspicillo
1356 2716 1493 2788 detecta,
1523 2733 1599 2792 quae
1630 2723 1678 2775 cst
1702 2715 1797 2776 veluti
1823 2736 1916 2797 quae·

564 2804 632 2865 dam
658 2804 878 2864 concameratio
903 2805 1004 2864 mundi
1028 2804 1156 2865 mobilis.

653 2889 806 2961 Quantum
831 2892 921 2952 etiam
946 2901 1134 2953 astronomus
1159 2901 1239 2954 erret
1263 2893 1291 2953 in
1308 2889 1534 2951 determinanda
1549 2888 1673 2950 fixarum
1698 2891 1919 2969 magnitudine,

563 2980 620 3050 nisi
644 2980 807 3060 perspicilli
838 3001 893 3042 usu
917 2981 1024 3043 stellas
1049 2982 1085 3041 de
1111 3000 1187 3041 novo
1216 2982 1339 3042 lustret:
1382 2979 1483 3040 videre
1514 2985 1563 3038 est
1592 2977 1696 3039 itidem
1721 2980 1803 3059 apud
1829 2978 1919 3042 Gali-

563 3069 680 3142 laeum3
706 3077 738 3129 et
761 3069 839 3130 infra
863 3070 954 3131 etiam
971 3069 1115 3131 Germani
1139 3071 1293 3148 cujusdam
1318 3068 1422 3129 literas
1441 3067 1470 3127 in
1486 3065 1691 3128 testimonium
1706 3068 1917 3147 producemus.

652 3156 714 3219 Sed
739 3176 855 3218 omnem
879 3159 1105 3219 admirationem
1130 3169 1253 3237 superat
1287 3156 1360 3219 illud
1383 3162 1474 3233 eaput
1497 3154 1594 3214 nuncii
1624 3156 1748 3226 siderei,
1773 3156 1824 3217 uhi
1848 3177 1920 3238 per-

563 3245 672 3326 spicilli
702 3246 914 3325 perfectissimi
944 3247 1086 3307 beneficio
1120 3248 1198 3307 alter
1229 3246 1314 3307 nobis
1346 3246 1429 3306 velut
1461 3244 1585 3304 mundus
1617 3242 1750 3306 Jovialis
1781 3247 1920 3308 detectus

563 3343 721 3395 narratur:
762 3344 793 3394 et
823 3354 906 3396 ruens
930 3336 1100 3414 philosophi
1130 3355 1186 3395 non
1212 3336 1276 3420 siue
1301 3342 1423 3414 stupore
1448 3332 1633 3405 considerat,
1664 3353 1732 3394 esse
1765 3334 1919 3414 ingentem

563 3423 691 3502 aliquem
716 3422 845 3501 globum,
871 3423 918 3503 qui
943 3424 1021 3484 mole
1046 3425 1179 3504 corporis
1203 3422 1427 3503 quatuordecim
1444 3421 1549 3499 globos
1564 3421 1737 3482 Terrestrcs
1765 3424 1920 3504 adaequat

563 3511 637 3584 (uisi
662 3510 709 3571 hic
727 3509 858 3573 Galilaei
883 3513 1086 3592 perspicillum
1111 3514 1196 3572 nobis
1222 3512 1352 3573 limatius
1377 3510 1489 3588 aliquid
1503 3510 1671 3569 Braheanis
1692 3531 1919 3575 commensura·

561 3600 695 3662 tionibus
721 3600 804 3660 brevi
828 3602 976 3679 proferet)
1000 3600 1081 3662 eirca
1104 3621 1190 3680 quem
1215 3611 1342 3680 quatuor
1365 3600 1468 3659 Lunae
1494 3609 1614 3658 nostrae
1639 3599 1706 3660 huic
1731 3601 1839 3661 Lunae
1864 3620 1920 3664 non

562 3689 717 3750 absimiles
747 3689 999 3763 circurncurrant;
1031 3690 1205 3751 tardissima
1228 3689 1327 3769 spatio
1344 3688 1457 3749 dierum
1480 3687 1703 3766 quatuordecim
1728 3690 1920 3764 nostratium,

561 3785 595 3839 ut
614 3777 772 3838 Galilaeus
796 3778 943 3856 prodidit;
967 3779 1104 3858 proxima
1128 3780 1166 3839 ab
1191 3779 1244 3839 illa
1268 3779 1320 3839 sed
1336 3777 1464 3837 maxime
1489 3775 1616 3836 omnium
1632 3778 1796 3855 conspicua
1820 3780 1919 3859 spatio

563 3867 680 3928 dierum
705 3877 792 3940 octo,
831 3875 865 3927 ut
887 3867 953 3945 Ego
978 3867 1123 3945 superiori
1147 3868 1247 3946 Aprili
1272 3876 1303 3927 et>
1325 3866 1407 3945 lllajo
1437 3864 1637 3943 deprehendi,
1673 3866 1809 3946 reliquae
1845 3869 1918 3930 duae

561 3956 657 4016 multo
682 3956 778 4016 adhuc
804 3955 932 4016 breviori
955 3956 1099 4034 temporis
1123 3957 1285 4017 curriculo:
1311 3955 1361 4015 ubi
1386 3954 1463 4015 ratio
1488 3973 1525 4013 ex
1548 3954 1622 4013 meis
1647 3954 1683 4013 de
1708 3955 1810 4016 Marte
1828 3955 1919 4018 Com-

561 4045 718 4105 mentariis
744 4043 782 4104 ad
807 4063 929 4105 causam
953 4044 1080 4104 similem
1105 4046 1254 4106 accersita
1278 4044 1386 4105 suadet
1410 4051 1562 4116 statuere,
1594 4042 1686 4103 etiam
1711 4044 1809 4122 ipsum
1834 4046 1918 4106 Jovis

561 4132 681 4211 globum
715 4133 852 4193 convolvi
885 4133 1074 4211 rapidissime
1109 4143 1140 4193 et
1163 4135 1266 4212 procul
1294 4132 1382 4193 dubio
1407 4131 1534 4192 celerius
1559 4151 1647 4210 quam
1680 4131 1709 4191 in
1739 4134 1829 4194 unius
1863 4134 1918 4195 diei

561 4220 711 4281 nostratis
745 4221 859 4300 spatio:
898 4229 931 4282 ut
962 4222 1040 4282 hanc
1073 4222 1154 4300 globi
1188 4222 1306 4283 maximi
1337 4220 1576 4281 convolutionem
1601 4219 1681 4280 circa
1712 4241 1798 4282 suum
1834 4242 1917 4284 axem

561 4317 690 4387 quatuor
715 4309 830 4370 illarum
851 4310 1003 4371 Lunarum
1027 4330 1173 4389 perennes
1198 4312 1338 4372 circuitus
1363 4310 1391 4370 in
1407 4309 1529 4388 plagam
1544 4308 1669 4369 eandem
1685 4321 1916 4391 consequantur.

559 4399 663 4476 Atque
688 4397 747 4458 illis
773 4398 890 4476 quidem
921 4399 994 4459 locis
1019 4399 1071 4460 Sol
1103 4400 1150 4459 hic
1181 4409 1299 4474 noster,
1329 4383 1492 4460 oburmunis
1523 4406 1553 4458 et
1583 4398 1670 4476 hujus
1696 4400 1867 4460 Terrestris
1890 4410 1918 4459 et

560 4486 640 4547 illius
663 4485 796 4547 Jovialis
820 4487 921 4547 mundi
947 4489 1049 4560 focus,
1084 4508 1170 4567 quern
1205 4509 1259 4548 nos
1291 4490 1438 4549 tricenum
1462 4487 1620 4565 plurimum
1645 4487 1830 4550 minutorum
1855 4506 1918 4549 esse

560 4594 726 4650 censemus,
753 4576 803 4636 vin
827 4596 901 4636 sena
925 4584 977 4637 aut
1000 4583 1126 4655 septena
1151 4579 1265 4639 minuta
1280 4577 1404 4655 irnplet3
1429 4576 1607 4654 interimque
1623 4576 1780 4637 duodecim
1796 4587 1916 4638 nostra-

560 4664 633 4725 tium
658 4683 803 4726 annorum
829 4664 928 4744 spatio
952 4666 1107 4727 zodiacum
1132 4687 1269 4727 emensus
1303 4667 1381 4744 apud
1416 4665 1537 4725 easdem
1566 4684 1682 4725 rursum
1706 4665 1783 4725 fixas
1810 4666 1915 4748 depre-

560 4752 711 4814 henditur.
758 4753 865 4831 Itaque
891 4773 965 4833 quae
990 4756 1019 4816 in
1044 4756 1095 4817 illo
1115 4755 1201 4815 Jovis
1226 4756 1314 4834 globo
1340 4756 1453 4832 degunt
1477 4761 1644 4825 creaturae,
1670 4753 1739 4813 dum
1763 4754 1819 4815 illa
1843 4775 1915 4835 qua-

520 4863 523 4868 ·
561 4848 629 4901 tuor
653 4843 806 4903 Lunarum
840 4842 1018 4904 brevissima
1048 4863 1102 4922 per
1124 4845 1201 4904 fixas
1226 4844 1373 4905 curricula
1396 4844 1655 4919 contemplantur,
1691 4842 1761 4903 dum
1786 4843 1915 4922 quotidie

561 4930 693 4991 orientes
717 4930 947 5010 occidentesque
972 4941 1003 4992 et
1026 4933 1108 5012 ipsas
1133 4942 1164 4994 et
1184 4932 1286 4994 Solem
1311 4932 1470 5012 aspiciunt,
1495 4931 1605 4992 Jorem
1628 4931 1759 5009 lapidem
1779 4932 1917 5010 jurarent

561 5020 669 5098 (nuper
693 5019 771 5080 enim
796 5019 917 5081 exiliis
941 5020 1111 5099 regionibus
1139 5040 1279 5082 reversus
1304 5023 1435 5094 adsum),
1467 5039 1552 5080 suum
1579 5019 1662 5080 illum
1686 5018 1773 5080 Jovis
1800 5021 1916 5099 globum

561 5107 713 5187 quiescere
738 5126 795 5168 uno
820 5108 885 5168 loco
909 5108 1105 5183 immobilem,
1139 5111 1215 5170 fixas
1240 5129 1310 5170 vero
1335 5118 1366 5170 et
1390 5108 1508 5183 Solem,
1534 5127 1609 5187 quae
1634 5126 1761 5185 corpora
1785 5128 1819 5169 re
1847 5126 1916 5169 vera
