4584 6192
535 583 597 653 168
1000 583 1191 650 Paralipomena
1209 586 1234 636 in
1253 584 1420 637 Vitellionem.

531 765 576 828 ita
597 783 664 827 cum
697 763 873 825 distantiam
906 763 948 824 rei
981 764 1190 838 aestimamus,
1224 763 1406 843 triangulum
1438 762 1473 823 fit
1505 761 1649 824 isosceles
1681 760 1885 841 utplurimum,

530 853 615 933 cujus
639 871 763 913 acumen
788 871 841 913 sen
864 862 969 914 vertex
1002 854 1068 914 vice
1099 873 1189 914 versa
1212 853 1241 914 in
1270 852 1369 933 aliquo
1393 850 1436 913 rei
1468 852 1554 920 visae,
1584 858 1714 929 puncto,
1747 843 1832 912 basis
1857 849 1887 911 in

530 942 681 1006 oculorum
706 940 862 1003 distantia
911 942 1068 1021 proportio
1093 943 1170 1004 enim
1199 942 1310 1003 attinet
1333 960 1437 1002 omnes
1464 939 1630 1020 superficiei
1657 940 1743 1001 visae
1767 939 1887 1001 dimen-

530 1033 643 1104 siones,
668 1029 794 1091 distant'
772 1037 816 1091 tra
839 1050 909 1091 vero
934 1031 1174 1093 consideratnr'
1166 1051 1196 1092 ιιι
1220 1031 1301 1093 linea
1328 1038 1446 1104 tantum
1475 1036 1573 1104 recta,
1598 1029 1676 1091 unde
1700 1028 1761 1091 illio
1790 1028 1889 1091 solida

529 1119 663 1203 pyramis
687 1118 735 1180 hic
758 1119 879 1198 planum
902 1119 1085 1199 triangulum
1109 1119 1279 1200 requiritur.

619 1218 711 1272 Nota
725 1224 759 1271 et
773 1218 931 1273 Censura.
951 1220 1105 1291 Sequentes
1121 1220 1324 1290 propositiones
1339 1219 1394 1272 9-
1402 1219 1438 1271 14
1452 1226 1517 1272 sunt
1530 1217 1648 1272 auctarii
1661 1218 1722 1271 loeo
1737 1222 1888 1287 possetque

529 1297 658 1369 capitalis
680 1299 877 1353 demonstratio
902 1302 948 1352 rel
968 1301 1028 1354 sine
1049 1301 1082 1354 iis
1109 1301 1269 1354 consistere.
1311 1301 1442 1353 Testatur
1467 1298 1575 1369 quidem
1600 1296 1887 1367 experientiam

508 1378 622 1455 'ginem
643 1395 705 1432 esse
726 1378 754 1432 in
775 1380 995 1449 perpendiculari
1017 1380 1102 1435 etiam
1123 1398 1184 1434 cum
1205 1398 1258 1434 uno
1274 1381 1352 1434 oculo
1373 1379 1483 1441 utimur,
1505 1387 1537 1432 ut
1551 1378 1591 1431 sic
1610 1394 1724 1431 necesse
1743 1377 1781 1431 sit
1801 1376 1889 1432 etiam

528 1475 584 1513 uno
605 1459 683 1511 oculo
705 1458 851 1512 distantias
872 1467 1036 1529 punctorum
1058 1461 1258 1531 comprehendi.
1294 1464 1333 1512 At
1353 1476 1418 1511 roro
1440 1458 1493 1511 etsi
1515 1460 1567 1511 hoc
1588 1476 1641 1512 non
1662 1457 1729 1511 insit
1749 1456 1888 1529 singulari

530 1539 611 1592 oculo
633 1539 668 1592 ob
689 1555 786 1592 causas
818 1547 978 1609 sequentes,
1010 1541 1100 1595 inesse
1122 1548 1215 1595 tamen
1246 1545 1460 1593 consentaneum
1480 1546 1524 1592 est
1545 1539 1589 1591 rel
1611 1538 1646 1591 ob
1667 1537 1755 1592 solum
1784 1543 1889 1592 motum

530 1618 638 1688 capitis,
661 1636 714 1688 quo
735 1625 810 1672 motu
831 1636 902 1673 unus
924 1622 1019 1675 oculus
1040 1622 1099 1673 vice
1120 1623 1234 1674 duorum
1255 1627 1299 1673 est
1320 1621 1404 1690 longe
1425 1618 1596 1672 distantium.

618 1705 790 1785 Propositio
810 1707 867 1768 IX.
906 1708 939 1768 ld
963 1727 1034 1769 vero
1060 1699 1242 1787 triangulum
1266 1706 1429 1769 distantiae
1453 1704 1633 1767 mensorium
1658 1704 1750 1765 etiam
1774 1701 1803 1764 iu
1829 1722 1887 1764 uuo

530 1793 615 1855 oculo
637 1802 741 1872 potest
764 1795 957 1871 considerari,
983 1806 1016 1858 ut
1039 1806 1145 1859 vertex
1170 1798 1211 1858 sit
1234 1797 1262 1857 in
1291 1804 1401 1878 puncto
1425 1794 1467 1855 rei
1492 1795 1592 1868 visae,
1616 1793 1699 1854 basis
1723 1790 1753 1852 in
1778 1791 1887 1853 latitu-

530 1881 598 1945 diue
622 1883 752 1962 pupillae
778 1892 808 1944 et
832 1885 979 1947 diametro
1003 1887 1135 1966 pupillae
1159 1905 1306 1965 eaquae
1331 1884 1473 1947 coincidit
1495 1903 1561 1945 cnm
1585 1883 1665 1944 linea
1688 1888 1887 1943 connectente

528 1977 642 2060 puncta
665 1973 819 2051 utriusque
842 1974 992 2053 pupillae;
1017 1983 1050 2036 ut
1073 1975 1118 2036 ita
1140 1974 1243 2036 oculus
1267 1994 1342 2035 unus
1367 1996 1385 2035 a
1408 1972 1487 2034 binis
1510 1972 1604 2033 oculis
1627 1971 1685 2032 hoc
1708 1968 1888 2031 instituendi

529 2060 674 2139 trianguli
707 2061 860 2140 negotium
893 2064 1117 2125 assuefactione
1151 2063 1308 2125 didicerit:
1342 2064 1399 2124 hac
1423 2070 1524 2123 tamen
1556 2059 1769 2141 proportione,
1803 2065 1839 2120 ut
1862 2056 1887 2118 si

528 2158 654 2228 propter
686 2149 864 2211 distantiam
896 2152 1047 2214 oculorum
1075 2154 1158 2215 visus
1190 2152 1342 2214 discernat
1375 2170 1475 2212 eorum
1508 2149 1703 2223 distantiam,
1739 2166 1816 2228 quae
1849 2146 1888 2207 ad

530 2246 653 2299 centnm
675 2255 784 2317 passus
809 2249 1017 2316 remorentur,
1041 2260 1095 2320 per
1114 2241 1305 2303 latitudinem
1327 2241 1458 2321 pupillae
1482 2240 1521 2300 ad
1545 2239 1648 2300 decem
1670 2255 1815 2318 passuum
1836 2244 1890 2296 aut

530 2326 661 2388 minores
685 2327 849 2389 distantias
873 2329 997 2408 aspiret.
1045 2329 1191 2401 Quamvis
1215 2339 1247 2391 et
1270 2330 1348 2390 aliae
1371 2330 1506 2391 rationes
1530 2335 1617 2399 suat,
1645 2346 1698 2388 cur
1725 2323 1888 2405 singularis

531 2415 635 2477 oculus
659 2416 822 2478 distantias
847 2418 988 2479 metiatur
1011 2438 1065 2497 per
1090 2420 1173 2480 illam
1198 2418 1366 2480 latitudinis
1389 2418 1568 2478 diametrum
1585 2416 1695 2495 potius,
1721 2433 1811 2494 quam
1834 2432 1889 2492 per

531 2503 622 2565 aliam
647 2504 826 2566 altitudinis.
874 2507 942 2568 Etsi
967 2507 1045 2568 enim
1070 2510 1173 2570 oculus
1197 2507 1277 2568 intra
1307 2507 1496 2588 undiquaque
1530 2504 1684 2567 circularis
1708 2510 1775 2577 est,
1801 2510 1892 2563 extra

526 2600 631 2654 tamen
656 2593 764 2654 valvae
788 2596 999 2673 palpebrarum
1032 2597 1212 2659 diducuntur
1235 2595 1264 2657 in
1289 2596 1398 2657 lineam
1431 2594 1596 2656 distantiae
1625 2592 1779 2673 utriusque
1810 2589 1889 2651 oculi

529 2680 680 2742 horizonti
710 2683 897 2761 parallelam.
943 2686 1062 2746 Natura
1095 2686 1172 2746 enirn
1203 2704 1269 2745 cum
1294 2685 1399 2763 ipsam
1430 2684 1582 2744 oculorum
1615 2680 1793 2743 distantiam
1825 2688 1889 2741 tum

529 2788 602 2831 vero
626 2770 719 2832 etiam
743 2772 819 2833 hanc
846 2774 1001 2835 valvarum
1027 2776 1211 2853 apertionem
1237 2774 1333 2834 voluit
1356 2772 1503 2834 horizonti
1528 2770 1740 2852 aequidistare‚
1767 2768 1889 2830 minime

530 2876 602 2920 vero
626 2859 755 2921 alterum
774 2862 891 2923 oculum
915 2862 1011 2924 altero
1031 2871 1085 2924 aut
1100 2864 1228 2924 alterum
1249 2863 1388 2941 angulum
1412 2861 1623 2940 palpebrarum
1639 2860 1734 2921 altero
1751 2857 1890 2920 altiorem

530 2965 599 3009 esse
623 2948 668 3020 (in
693 2950 874 3012 animalibus
899 2951 1018 3032 quidem
1046 2950 1260 3031 perfectissimi
1283 2952 1382 3024 visus)
1406 2971 1441 3010 eo
1466 2950 1544 3031 quod
1569 2948 1607 3010 ad
1635 2947 1778 3027 trianguli
1802 2965 1891 3007 men-

529 3035 611 3110 sorii,
638 3038 676 3098 ad
700 3038 837 3120 planitiei
861 3040 992 3114 scilicet,
1023 3036 1270 3120 imaginationem
1299 3040 1456 3119 plurimum
1485 3039 1603 3100 confert
1629 3036 1772 3117 planities
1803 3033 1890 3096 hori·

532 3124 630 3188 zontis
663 3126 763 3188 colore
797 3147 850 3190 suo
887 3128 915 3190 in
950 3130 1053 3190 oculos
1085 3130 1257 3201 incurrens,
1293 3129 1317 3189 si
1352 3129 1449 3189 altera
1473 3128 1514 3189 sit
1542 3127 1580 3187 ad
1614 3126 1742 3188 alteram
1768 3124 1796 3185 in
1821 3123 1891 3185 basi

528 3214 704 3292 parallelos.
751 3217 919 3296 Propterea
943 3218 1095 3280 intuentes
1119 3237 1226 3279 everso
1251 3226 1304 3279 ant
1327 3217 1471 3278 inclinato
1495 3216 1596 3296 capite
1619 3212 1801 3296 perplexiori
1825 3211 1890 3273 uti·

529 3321 595 3364 mur
619 3303 815 3382 dignoscendi
840 3308 994 3369 facultate.

559 3472 569 3480 ,
618 3409 790 3488 Propositio
819 3412 860 3474 X.
908 3413 1075 3491 Propterea
1108 3412 1200 3473 etiam
1234 3411 1263 3473 in
1297 3410 1428 3491 speculis
1462 3409 1603 3471 convexis
1638 3416 1669 3470 et
1699 3407 1728 3468 in
1762 3405 1892 3487 planitie

531 3495 702 3560 densiorum
725 3499 890 3561 mediorum
905 3510 1014 3562 natura
1029 3502 1102 3562 duce
1122 3502 1289 3568 studemus.
1314 3507 1348 3560 ut
1365 3498 1442 3560 radii
1461 3518 1498 3558 ex
1522 3507 1647 3578 utroque
1663 3497 1749 3558 oculo
1770 3495 1893 3576 aequali
1921 3539 1925 3547 -

530 3586 640 3664 angulo
664 3586 800 3648 incidant
824 3589 852 3649 in
878 3590 1064 3669 superficiem
1090 3591 1158 3662 (seu
1183 3590 1248 3649 rice
1272 3608 1374 3661 versa,
1408 3608 1475 3647 narn
1507 3586 1688 3666 geometrice
1712 3586 1792 3647 idem
1816 3587 1893 3657 est).

532 3673 609 3736 Cum
632 3674 711 3736 enirn
735 3677 810 3737 haec
835 3678 964 3739 facultas
995 3678 1171 3739 instituendi
1204 3677 1347 3757 trianguli
1380 3677 1519 3737 mensorii
1543 3676 1584 3736 sit
1607 3683 1640 3736 et
1663 3674 1741 3736 binis
1760 3672 1894 3753 junctim

530 3762 626 3824 oculis
650 3771 682 3824 et
705 3763 832 3844 singulis
856 3767 983 3827 seorsim
1009 3767 1191 3841 communis,
1225 3785 1390 3827 consensus
1414 3784 1484 3825 vero
1516 3765 1636 3844 quidam
1660 3772 1760 3825 motus
1784 3761 1894 3840 hujus-

535 3851 637 3924 modi,
670 3859 705 3913 ut
729 3872 794 3914 oum
828 3857 1015 3917 contortione
1049 3856 1150 3916 axium
1184 3856 1337 3934 utriusque
1368 3854 1446 3915 oculi
1479 3852 1567 3915 simul
1601 3852 1693 3914 etiam
1727 3852 1781 3912 liat
1813 3867 1896 3911 nora

531 3939 633 4020 aliqua
657 3941 816 4021 dispositio
841 3944 869 4005 in
895 3944 1022 4023 singulis
1046 3944 1140 4005 oeulis
1157 3945 1212 4015 (sit
1230 3945 1293 4022 jam
1317 3942 1402 4004 serbi
1422 3961 1514 4003 cansa
1529 3949 1561 4002 et
1583 3940 1746 4002 confusiori
1771 3938 1893 4014 notitia,

529 4036 564 4089 ut
586 4047 664 4090 uvea
686 4030 789 4091 tunica
812 4032 842 4092 in
868 4032 994 4111 singulis
1028 4033 1121 4093 oculis
1146 4041 1198 4094 aut
1231 4041 1406 4110 corrugetur
1436 4039 1487 4091 aut
1521 4031 1712 4102 diducatur),
1747 4036 1778 4089 ut
1804 4027 1894 4090 oculo

531 4124 658 4197 utroque
684 4120 712 4179 in
749 4121 853 4180 eadem
884 4121 1039 4201 superficie
1063 4121 1109 4182 rel
1135 4121 1358 4200 repercussoria
1385 4120 1433 4180 vel
1464 4119 1643 4181 refractoria
1670 4126 1833 4189 versante,
1861 4126 1896 4178 et

531 4205 628 4267 altero
653 4226 754 4268 eorum
784 4209 904 4282 altiori,
939 4229 1062 4270 necesse
1087 4209 1127 4270 sit
1159 4210 1398 4288 corrugationem
1432 4228 1525 4269 uveae
1558 4228 1624 4269 cum
1656 4229 1675 4268 a
1702 4206 1894 4268 contortioue

531 4292 632 4353 axium
656 4294 810 4376 utriusque
826 4298 904 4358 oculi
928 4307 990 4359 tum
1006 4298 1044 4359 ab
1069 4298 1193 4359 alterius
1218 4318 1311 4359 ureae
1336 4297 1544 4375 corrugatione
1561 4297 1742 4375 discrepare,
1767 4304 1895 4397 propter

531 4381 739 4445 diversitatem
765 4386 965 4458 refractionis,
991 4396 1023 4447 nt
1011 4387 1127 4447 tinfra
1150 4388 1275 4447 dicetur.
1315 4388 1350 4447 ld
1376 4386 1572 4485 terosiquis
1597 4393 1741 4455 attentet,
1763 4383 1895 4464 primunr

531 4469 700 4532 difficulter
713 4472 870 4552 impetrat,
907 4476 1068 4536 identidem
1093 4476 1171 4536 enim
1195 4495 1248 4555 pro
1273 4495 1331 4535 una
1355 4476 1430 4535 diras
1461 4473 1557 4535 cernit
1586 4473 1748 4553 imagines,
1782 4473 1894 4582 deinde

530 4558 627 4620 risum
651 4560 846 4625 vehementer
870 4564 1018 4624 laeditt
988 4573 1018 4624 et
1034 4565 1162 4625 dolores
1187 4564 1295 4642 capitis
1320 4563 1443 4624 excitat

618 4666 791 4746 Propositio
824 4669 879 4729 Xl.
942 4666 1083 4731 Ceterum
1125 4680 1252 4730 externa
1291 4669 1445 4730 talvarurn
1486 4667 1649 4747 palpebrae
1690 4667 1894 4745 conformatio

529 4752 647 4833 signum
672 4757 773 4835 potius
798 4765 845 4819 est
869 4778 957 4837 quarn
982 4778 1075 4819 causa
1099 4759 1254 4819 facultatis
1278 4759 1364 4836 hujus
1388 4757 1416 4818 in
1446 4756 1591 4834 singulari
1614 4757 1721 4817 oculo:
1746 4755 1893 4835 cogitau-

530 4842 598 4904 dum
624 4845 660 4905 de
685 4845 805 4907 interna
829 4854 860 4907 et
883 4847 1013 4925 genuina
1047 4867 1149 4907 cansa.
1197 4849 1357 4909 Acunum
1390 4846 1508 4926 quidem
1537 4845 1602 4924 jam
1631 4844 1700 4905 dedi
1724 4864 1802 4925 quae
1828 4847 1894 4907 fere

528 4931 690 5008 sufficeret,
716 4935 956 5013 corrugationem
981 4956 1074 4996 ureae
1091 4945 1122 4996 et
1137 4937 1319 4998 contrariam
1344 4934 1564 5007 dilatationem,
1588 4933 1646 4996 nisi
1670 4933 1780 4995 medici
1805 4934 1894 4995 affir-

528 5032 660 5097 marent,
695 5043 763 5084 esse
788 5024 865 5084 bunc
889 5024 918 5085 in
943 5024 999 5085 bac
1030 5025 1132 5085 tunica
1166 5034 1278 5086 rnoturn
1303 5024 1394 5085 etiarn
1417 5025 1455 5084 ob
1484 5022 1600 5103 copiam
1624 5023 1674 5084 vel
1697 5022 1894 5085 debilitatem

527 5108 620 5173 lacis:
645 5113 683 5174 de
709 5131 766 5194 quo
790 5113 859 5175 vide
884 5111 963 5175 infra
987 5133 1053 5193 cap.
1079 5111 1109 5175 5.
