4584 6192
479 616 542 684 ue
944 617 1133 682 rmum
1152 620 1178 667 u
1197 615 1367 668 ω...

565 800 596 852 ln
624 813 727 868 quarta
754 798 859 849 discere
889 799 985 865 cupio,
1016 798 1038 847 si
1061 797 1109 849 lux
1132 798 1189 848 trel
1215 797 1238 847 si
1259 813 1319 849 cum
1340 797 1482 867 scaligero
1503 798 1572 850 linet
1601 798 1783 866 distinguere,
1798 787 1834 851 ¹¹)

477 884 581 935 lenens
603 896 657 932 non
677 888 723 930 est
743 878 868 929 dedum
889 892 908 927 a
928 893 1042 944 corpore
1064 878 1187 936 lucente,
1215 879 1347 945 quomodo
1369 879 1404 929 sit
1430 878 1516 946 igitir
1540 878 1701 945 pauentia
1722 877 1784 943 ejus
1804 878 1833 929 iu

475 961 637 1031 pellucido?
666 957 695 1011 Si
717 957 765 1010 Sol
785 969 829 1008 est
850 958 877 1007 in
899 962 964 1007 aere
993 972 1126 1024 praesens
1147 971 1176 1008 et
1203 972 1294 1009 tamen
1325 958 1425 1010 affixus
1452 958 1480 1009 in
1504 958 1595 1012 coelo.
1625 974 1676 1025 per
1701 956 1834 1010 effluxum

476 1042 564 1112 igitur
584 1041 612 1092 in
638 1045 706 1092 aete
736 1052 868 1105 praesens
897 1037 961 1087 erit
1003 1037 1060 1087 Nisi
1092 1037 1163 1089 torte
1193 1038 1318 1088 occultae
1349 1037 1541 1105 philosophiae
1570 1038 1711 1105 quippiam
1735 1038 1764 1089 in
1790 1038 1833 1090 his

475 1120 685 1174 admirabilibus
708 1119 778 1169 latet
793 1116 899 1167 verbis:
922 1118 993 1183 qnod
1008 1118 1115 1185 quidem
1131 1118 1281 1169 admiretur
1301 1118 1469 1186 incognitum
1484 1120 1526 1171 cui
1541 1118 1670 1172 lnhuerit.
1691 1118 1833 1169 doctrinae

475 1200 567 1269 cupidi
590 1199 681 1251 verbis
703 1196 830 1249 inanthus
851 1212 905 1246 non
928 1197 1075 1247 satiantur.
1112 1199 1190 1248 Adde
1204 1198 1276 1265 quod
1298 1200 1444 1249 secusdum
1465 1200 1654 1250 demonstrata
1675 1197 1727 1248 hoc
1740 1197 1833 1265 eapite

476 1281 569 1334 radius
591 1280 619 1331 in
640 1277 787 1347 perspicuo
809 1283 956 1344 {quatenns
984 1277 1169 1343 perspicuum·
1197 1294 1250 1327 non
1276 1291 1336 1329 est.
1366 1279 1412 1328 sed
1435 1277 1486 1330 fuit
1507 1280 1552 1330 rel
1578 1278 1657 1345 qussi
1678 1277 1739 1328 fuit.
1781 1277 1832 1329 Est

474 1376 540 1414 vero
561 1359 589 1412 in
609 1359 675 1411 solis
697 1373 786 1409 rerum
807 1355 944 1406 coloribus
966 1369 994 1406 et
1017 1357 1222 1423 superficiebus.

565 1440 610 1493 lta
630 1438 752 1508 quintam
773 1437 844 1486 omni
865 1449 993 1502 respectu
1016 1452 1098 1504 nego.
1127 1436 1190 1487 stre
1205 1438 1277 1488 enim
1291 1437 1406 1488 nominis
1427 1439 1520 1505 apices
1540 1447 1685 1497 sectamur,
1707 1436 1832 1504 equidem

475 1520 649 1589 perspicuum
670 1526 733 1569 actu
755 1533 809 1567 non
829 1529 874 1566 est
895 1514 945 1566 nisi
968 1531 1018 1582 per
1037 1517 1108 1584 quod
1130 1517 1179 1567 lux
1202 1517 1366 1568 transitione
1391 1517 1467 1568 facta
1489 1518 1516 1568 in
1537 1516 1672 1584 parietem
1694 1516 1831 1584 impingit.

473 1600 551 1654 Tunc
571 1599 659 1668 igitur
679 1598 729 1648 lux
750 1612 803 1647 non
825 1608 869 1646 est
890 1594 963 1646 illius
986 1595 1099 1646 habitus
1129 1597 1303 1663 praesentia.
1334 1598 1381 1647 sed
1403 1598 1507 1665 aliquid
1537 1596 1655 1664 amplius
1677 1596 1731 1647 hae
1751 1612 1832 1664 prae·

474 1679 574 1733 sentia.
615 1677 738 1730 Nominis
759 1674 831 1726 enim
852 1674 932 1743 origo
953 1692 1005 1726 non
1027 1691 1069 1726 est
1091 1691 1109 1727 a
1130 1676 1190 1727 luce
1212 1677 1282 1743 ipsa,
1305 1678 1352 1727 sed
1373 1692 1391 1728 a
1406 1691 1482 1728 motu
1503 1677 1570 1727 lucis
1592 1692 1762 1743 percorpus
1783 1683 1832 1728 aut

473 1759 546 1812 visus
568 1774 619 1826 per
639 1772 747 1823 corpus.
791 1754 845 1806 Seu
867 1755 956 1822 magis
978 1769 1081 1806 natura
1107 1756 1246 1823 perspicui
1267 1756 1376 1823 placet,
1399 1758 1469 1812 adeo
1496 1756 1627 1807 distimta
1648 1767 1712 1808 sunt
1734 1756 1784 1807 lux
1804 1762 1832 1807 et

473 1837 613 1908 perspicui
634 1836 731 1896 forma,
752 1846 784 1886 ut
805 1851 839 1885 ne
860 1835 967 1902 quidem
990 1835 1041 1887 suh
1062 1836 1185 1902 ejusdem
1199 1836 1310 1910 generis
1331 1836 1439 1904 physici
1460 1836 1607 1903 complexu
1627 1852 1690 1887 esse
1710 1835 1831 1903 possint:

473 1934 533 1970 cum
553 1919 588 1969 de
608 1915 755 1984 perspicuo
777 1925 897 1981 negetur
916 1915 1000 1968 color.
1022 1915 1074 1966 hoc
1095 1928 1138 1965 est
1160 1916 1313 1967 omnimoda
1336 1916 1404 1976 lux,
1428 1929 1546 1985 negetur
1566 1915 1738 1983 superficies,
1760 1930 1831 1983 quae

474 2014 528 2051 non
549 2003 671 2066 negatur
691 1995 726 2045 de
748 1993 821 2053 luce,
846 2003 965 2061 negetur
985 1995 1101 2063 denique
1123 1996 1261 2052 demitas,
1291 2011 1361 2064 quae
1383 1995 1445 2063 ipsa
1473 1996 1557 2046 etiam
1578 1996 1632 2047 luci
1658 1995 1833 2062 relinquitur.

562 2078 659 2144 Neque
681 2076 715 2126 de
736 2080 819 2125 sexta
839 2073 922 2124 aliter
942 2075 1031 2126 sentio
1057 2089 1139 2142 quam
1164 2074 1232 2134 hoc,
1262 2076 1332 2142 quod
1361 2076 1412 2126 snb
1433 2075 1606 2142 Empedoclis
1632 2089 1753 2142 persona
1772 2074 1834 2141 ipsa

473 2157 578 2210 veritas
601 2156 638 2207 sit
656 2143 767 2214 locuta,
794 2154 936 2204 dummodo
964 2154 1016 2204 hoc
1043 2153 1183 2221 excipias,
1212 2155 1299 2206 lucem
1327 2155 1366 2205 sie
1394 2167 1540 2206 extensam
1561 2171 1578 2205 a
1599 2153 1665 2206 Sole
1684 2155 1713 2206 in
1733 2153 1833 2206 Terras

472 2252 569 2306 usque,
591 2251 642 2303 pro
663 2232 796 2285 materiae
825 2232 972 2284 densitatis
993 2245 1022 2284 et
1044 2233 1191 2301 opacitatis
1218 2234 1394 2302 proportione
1416 2236 1444 2286 in
1464 2234 1625 2286 intermedio
1645 2235 1760 2294 adesse,
1781 2233 1833 2285 hoe

470 2316 562 2369 estin
584 2314 730 2383 perspicuo
761 2322 898 2382 quatenus
929 2313 1103 2381 perspicuum
1128 2330 1183 2366 non
1210 2316 1326 2365 adesse:
1354 2314 1481 2382 hancque
1511 2329 1623 2366 cansam
1653 2330 1716 2365 esse
1746 2329 1795 2364 cur
1815 2327 1834 2364 a

471 2395 550 2449 nobis
572 2412 626 2447 non
647 2392 879 2461 deprehendatur.

560 2474 686 2542 Septima
705 2481 735 2523 et
757 2483 858 2524 octava
878 2471 1060 2523 aestimentur
1080 2489 1118 2524 ex
1138 2472 1306 2541 praemissis.

559 2558 598 2607 at
618 2553 646 2605 in
667 2567 742 2605 nona
761 2569 815 2604 non
843 2552 904 2603 ideo
925 2552 1050 2620 sequitur
1070 2553 1169 2605 coloris
1191 2569 1284 2619 capax
1298 2569 1360 2605 esse
1380 2553 1564 2622 perspicuum.
1587 2553 1610 2605 si
1631 2552 1724 2605 colore
1745 2560 1832 2605 earet

471 2636 532 2688 Non
547 2633 619 2685 inest
633 2632 703 2684 enim
725 2632 878 2699 perspicuo,
901 2639 1037 2698 quatenus
1052 2630 1124 2683 hanc
1139 2648 1290 2700 corporeae
1305 2643 1423 2685 naturae
1437 2634 1556 2702 speciem
1571 2632 1683 2694 retinet,
1704 2632 1833 2700 potentia

472 2716 507 2767 ad
528 2712 712 2781 recipiendum
733 2710 865 2772 colorem,
892 2718 921 2762 et
942 2711 1000 2762 sine
1022 2711 1073 2762 tali
1094 2713 1223 2780 potentia
1243 2712 1362 2780 simplex
1384 2714 1498 2783 negatio
1524 2713 1580 2768 rei.
1611 2719 1642 2766 ut
1663 2719 1759 2765 notum
1779 2719 1832 2774 est,

471 2811 525 2847 non
546 2793 624 2862 ponit
644 2791 778 2844 habitum.
820 2792 876 2842 lmo
903 2790 1078 2858 perspicuum
1106 2809 1161 2860 quo
1189 2792 1278 2861 magis
1306 2794 1441 2862 contingit
1471 2793 1589 2846 colorari
1611 2799 1684 2858 (cum
1705 2791 1774 2845 nihil
1796 2792 1833 2844 sit

470 2873 598 2925 absolute
620 2867 805 2940 perspicuum)
827 2871 879 2921 hoc
899 2870 988 2922 minus
1009 2871 1062 2922 erit
1084 2872 1269 2940 perspicuum.
1588 2939 1592 2944 Ι

549 2952 666 3005 Decima
691 2952 773 3003 rebus
799 2950 827 3001 in
856 2950 977 3001 tenebris
1008 2951 1161 3003 latentibus
1192 2952 1298 3004 colores
1329 2952 1412 3019 plane
1444 2965 1540 3021 negat.
1587 2952 1705 3005 Rursum
1736 2953 1832 3004 eadem

470 3034 585 3103 querela
611 3040 655 3084 est
683 3047 754 3099 quae
780 3031 813 3081 de
848 3029 993 3098 perspicuo
1024 3030 1091 3091 suit,
1124 3032 1203 3099 quasi
1230 3032 1336 3084 colores
1358 3049 1410 3083 non
1441 3032 1496 3084 sint
1526 3032 1577 3084 nisi
1603 3048 1663 3085 cum
1694 3032 1831 3085 ridentur.

470 3113 579 3183 Vulgus
607 3112 668 3180 ipso
698 3111 805 3163 latente
835 3109 987 3168 Aristotele
1015 3110 1119 3162 dicendi
1150 3112 1286 3181 magister
1305 3125 1361 3173 est,
1393 3112 1493 3180 vulgus
1523 3112 1617 3181 itaque
1648 3112 1754 3164 colores
1778 3129 1832 3164 non

444 3181 526 3246 ’tam
549 3201 625 3246 arcte
654 3190 745 3243 sumit.
788 3191 865 3249 Quod
886 3189 908 3240 si
936 3189 1027 3252 dicas,
1059 3191 1147 3258 ipsum
1176 3192 1220 3243 hic
1250 3191 1435 3244 definitionem
1465 3191 1564 3243 coloris
1594 3191 1715 3243 noluisse
1746 3192 1831 3244 latius

469 3273 635 3333 extendere,
667 3286 747 3338 quain
774 3277 909 3337 quatenus
931 3271 966 3320 ad
987 3268 1074 3321 risum
1096 3270 1217 3323 iaciunt:
1249 3271 1309 3323 dico
1334 3288 1440 3323 rursum
1471 3273 1542 3339 qnod
1570 3281 1670 3332 antea,
1693 3271 1769 3339 prins
1790 3271 1832 3323 rei

471 3362 574 3405 natura
589 3353 615 3403 in
631 3367 693 3402 sese
714 3349 910 3409 consideretur,
933 3362 997 3401 tunc
1013 3350 1075 3418 quid
1091 3351 1141 3402 illa
1163 3351 1250 3419 possit
1266 3352 1292 3403 in
1307 3351 1373 3413 alia,
1395 3352 1546 3403 rectissime
1569 3351 1728 3420 inquinetur.
1760 3350 1832 3403 Nam

471 3431 524 3484 hoc
544 3443 627 3499 pacto
649 3428 755 3498 quidem
776 3430 978 3481 confunduntur
999 3440 1027 3480 et
1053 3430 1235 3482 obscurantur
1257 3448 1310 3483 res.
1352 3431 1434 3483 Color
1455 3431 1541 3500 igitur
1566 3432 1649 3483 rebus
1670 3431 1743 3482 inest
1764 3430 1833 3500 ipsis

469 3511 599 3572 realiter,
629 3510 682 3561 etsi
711 3526 765 3561 non
794 3508 983 3569 illustrentur,
1005 3510 1119 3576 proinde
1140 3527 1191 3561 nec
1220 3513 1326 3563 radient
1348 3529 1399 3563 uec
1426 3511 1580 3563 rideantur.
1623 3511 1680 3563 Nec
1700 3509 1833 3578 pellucidi

470 3591 623 3643 illustratio
646 3589 727 3649 facit,
760 3594 790 3640 ut
812 3590 917 3640 colores
940 3600 1067 3641 moveant
1094 3590 1272 3658 pellucidum,
1304 3593 1351 3642 sed
1373 3591 1493 3642 colorum
1516 3590 1666 3643 illustratio
1687 3590 1770 3653 facit,
1802 3598 1834 3642 ut

469 3679 630 3723 transeatur
652 3668 767 3720 medium
788 3667 949 3736 dicaturque
971 3685 1034 3720 tere
1056 3669 1231 3737 pellucidum.

560 3749 708 3801 Undecima
731 3748 904 3816 perspicuum
925 3749 1010 3799 etiam
1033 3750 1104 3801 inter
1125 3749 1245 3802 visibilia
1260 3749 1354 3809 habet,
1378 3765 1526 3817 quaesunt
1548 3749 1707 3818 conspicua.
1737 3749 1832 3818 Oppo-

400 3844 403 3848 ·
473 3839 574 3883 nuntur
595 3840 688 3882 autem
710 3828 857 3896 conspicua
878 3835 907 3879 et
928 3829 1088 3895 perspicua,
1119 3829 1160 3882 ita
1180 3830 1221 3882 ris
1243 3829 1360 3881 infertur
1386 3830 1496 3882 nomini.
1539 3830 1616 3890 Quod
1638 3845 1695 3881 retu
1717 3828 1831 3891 attinet,

471 3910 545 3962 oolor
567 3927 597 3962 se
613 3909 672 3977 ipso
694 3907 855 3975 conspicuus
870 3915 922 3969 est,
938 3908 1090 3960 Aristotele
1106 3920 1185 3965 teste.
1202 3911 1277 3961 color
1291 3925 1364 3970 vero,
1381 3916 1516 3976 quatenus
1530 3910 1554 3962 is
1569 3918 1634 3961 actu
1655 3908 1833 3977 conspicitur,

472 3997 517 4042 est
538 3989 663 4041 accidens
685 3987 847 4056 superficiei,
870 4005 923 4039 non
938 3988 1068 4055 corporis,
1092 3992 1163 4057 quod
1184 3991 1270 4041 eidem
1292 3990 1401 4056 placet:
1424 4007 1492 4060 ergo
1508 3989 1585 4042 solae
1603 3988 1761 4057 superficies
1782 4005 1835 4058 per

474 4069 591 4123 colorem
612 4070 682 4121 fiunt
703 4067 876 4134 conspicuae.
918 4067 1088 4120 Pellucidum
1110 4087 1174 4122 vero
1197 4086 1294 4137 corpus
1316 4081 1368 4129 est,
1391 4086 1444 4121 non
1466 4069 1642 4138 superficies:
1665 4068 1832 4136 pellucidum

471 4166 540 4218 ergo
562 4149 657 4216 nequit
678 4148 769 4200 colore
790 4146 965 4214 conspicuum
987 4148 1044 4200 fieri
1060 4167 1095 4200 ex
1118 4149 1258 4217 principiis
1272 4149 1467 4203 aristotelicis.
1497 4149 1557 4202 Nisi
1577 4148 1622 4202 hie
1641 4148 1699 4201 alia
1719 4148 1834 4201 notione

469 4244 563 4279 vocem
584 4229 682 4280 coloris
704 4243 804 4287 sumas,
828 4243 881 4295 quo
902 4234 985 4293 pacto
1007 4228 1125 4295 plurima
1146 4230 1249 4281 orietur
1271 4228 1449 4298 ambiguitas.

547 4307 609 4359 Jam
631 4308 658 4358 in
678 4307 837 4359 duodecima
858 4322 925 4358 sane
946 4321 1028 4375 quam
1049 4308 1168 4375 plurima
1189 4309 1335 4361 desideres.
1364 4308 1483 4360 Primum
1504 4306 1576 4360 enim
1590 4307 1613 4359 si
1627 4308 1662 4359 ad
1683 4306 1833 4361 motionem

408 4415 415 4427 ·
468 4402 519 4439 seu
540 4385 733 4439 alterationem
756 4386 930 4439 instrumenti
952 4386 1065 4439 sensorii
1080 4406 1133 4440 non
1148 4389 1211 4456 plus
1232 4388 1389 4458 requiritur,
1412 4404 1493 4460 quam
1507 4395 1539 4439 ut
1560 4386 1684 4456 quicquid
1699 4393 1745 4439 est
1758 4386 1834 4446 inter

469 4466 588 4520 colorem
609 4473 638 4518 et
660 4468 869 4519 instrumentum
890 4466 927 4517 sit
948 4473 1012 4517 actu
1041 4469 1230 4536 perspicuum,
1257 4470 1309 4521 hoc
1330 4477 1372 4520 est
1395 4480 1459 4520 actu
1482 4469 1509 4520 in
1534 4467 1660 4520 habitum
1680 4465 1751 4519 lutis
1773 4473 1833 4520 tra·

467 4548 595 4599 ductum:
617 4563 685 4617 ergo
707 4547 812 4599 colores
834 4546 918 4614 plane
940 4545 1008 4597 nihil
1030 4547 1163 4601 illustrati
1186 4549 1359 4600 videbuntur.
1395 4548 1424 4599 ld
1440 4554 1533 4600 autem
1553 4547 1633 4600 nulla
1653 4546 1854 4615 experientia.

467 4626 579 4695 probari
599 4632 707 4695 potest,
740 4637 770 4678 ut
792 4631 858 4678 aere
879 4626 996 4694 undique
1018 4627 1072 4680 luci
1100 4629 1211 4696 persio,
1243 4629 1334 4680 colore
1357 4644 1421 4678 sero
1443 4645 1497 4680 non
1526 4627 1668 4680 illustrato
1688 4626 1740 4681 fiat
1761 4626 1833 4680 risio

467 4705 574 4760 eoloris.
603 4707 695 4759 Datur
715 4706 785 4758 enim
807 4703 942 4770 casus*):
965 4707 1072 4761 Luoeat
1093 4709 1168 4761 solus
1183 4708 1229 4761 Sol
1252 4715 1409 4778 tangatque
1431 4707 1563 4760 anteriori
1584 4706 1710 4777 margins
1731 4722 1831 4776 super·

466 4786 561 4850 ficiem,
584 4786 682 4856 inqua
703 4787 794 4838 color:
816 4786 906 4856 sitque
928 4785 1032 4855 reliquo
1054 4805 1168 4856 corpore
1183 4789 1347 4856 postillam,
1370 4787 1392 4840 si
1414 4787 1578 4840 continuata
1597 4787 1730 4857 fingatur.
1768 4786 1832 4840 Non

466 4866 570 4935 poterit
590 4866 678 4936 igitur
697 4866 839 4919 illustrare
860 4865 1029 4934 superficiem
1045 4884 1126 4937 quam
1147 4869 1251 4921 extimo
1266 4868 1343 4921 radio
1365 4867 1446 4930 radit,
1469 4875 1499 4920 at
1513 4884 1620 4920 omnem
1641 4867 1834 4935 antepositum

555 5086 583 5151 ⁴)
601 5086 663 5138 Dari
682 5083 738 5138 ‹li'co
757 5101 842 5138 catum
854 5099 904 5135 non
917 5091 976 5134 actu
994 5099 1103 5150 unquam
1116 5086 1160 5136 ssd
1179 5086 1293 5144 fictioue;
1312 5088 1391 5150 posito
1410 5100 1501 5151 nempe
1515 5085 1580 5152 quod
1591 5085 1657 5136 solus
1670 5082 1714 5137 Sol
1732 5085 1830 5138 luceat-

466 5154 566 5214 Reteta
584 5160 650 5211 enim
667 5173 795 5224 uunquam
813 5158 914 5218 accidit,
933 5162 962 5206 ut
980 5155 1046 5207 solus
1060 5154 1100 5207 Sol
1119 5157 1213 5213 luceat,
1231 5171 1290 5209 nam
1308 5157 1416 5217 oollumt
1434 5159 1514 5209 onmis
1532 5162 1577 5210 adr
1594 5156 1831 5226 musteum
