4584 6192
923 573 979 609 cum
996 558 1094 610 Nuntio
1114 557 1225 610 Sidereo.
1346 567 1349 574 '
1684 561 1756 645 499,

385 731 667 882 δτοεαεθδοειτρεῐε,
701 743 735 795 ut
767 755 803 796 ea
835 736 950 799 minuta
977 737 1077 798 lucida
1108 756 1219 816 magna
1247 743 1378 815 putetur.
1430 736 1510 798 Vide
1542 736 1653 819 Optica
1681 760 1749 803 mea

385 818 485 882 fort
534 869 541 882 .

475 908 621 989 Sequitur
644 909 672 970 in
698 918 749 970 tuo
774 910 874 972 libello
901 916 951 976 fol.
981 912 1029 976 13.
1048 910 1088 985 ¹⁰)
1113 913 1270 991 ingeniosa
1299 923 1330 974 et
1359 912 1495 991 legitima
1529 914 1747 980 demonstratio

385 996 462 1076 ejus,
487 998 566 1077 quod
591 1019 609 1058 a
632 1018 678 1058 me
704 1017 818 1079 qnoque
844 1001 895 1062 rol.
921 1000 985 1065 286
1015 1003 1133 1082 passim
1165 1001 1276 1062 dictum
1312 1011 1373 1074 est,
1411 1003 1648 1064 demonstratum
1676 1023 1747 1068 vero

383 1085 525 1148 minime:
550 1097 668 1147 montes
683 1088 818 1148 Lunares
843 1091 936 1152 multo
960 1093 1089 1171 majores
1114 1111 1181 1151 esse
1206 1091 1355 1163 Terrenis,
1381 1091 1468 1169 idque
1493 1111 1550 1153 non
1576 1099 1693 1154 tantum
1715 1095 1746 1156 in

382 1176 576 1255 proportione
601 1195 720 1236 suorum
745 1177 909 1255 globorum,
937 1181 1013 1259 quod
1039 1199 1093 1257 ego
1119 1181 1263 1252 dixeram,
1290 1179 1343 1240 sed
1368 1180 1396 1240 in
1421 1182 1645 1257 comparatione
1669 1181 1745 1243 sim·

381 1263 464 1341 plici.
512 1263 637 1325 Scilicet
661 1266 890 1327 desiderabatur
914 1270 952 1329 ad
978 1269 1033 1329 hoc
1058 1269 1323 1329 demonstrandum
1347 1276 1430 1329 tuum
1453 1269 1665 1347 perspicillnm‚
1691 1276 1745 1332 tua

381 1351 412 1412 in
438 1352 628 1414 observando
655 1354 821 1432 diligentia.

472 1441 536 1502 Nec
570 1442 667 1502 minus
707 1444 860 1521 ingeniose
892 1453 922 1504 te
958 1445 1008 1506 fol.
1039 1440 1085 1504 14.
1123 1463 1280 1523 comparas
1313 1445 1351 1504 ad
1392 1443 1633 1505 observationem
1666 1446 1743 1507 disci

379 1528 529 1603 Lunaris,
554 1549 620 1592 curu
644 1532 670 1591 ei
695 1532 821 1610 primurn
843 1540 1024 1593 enascuntur
1048 1552 1173 1604 cornua,
1205 1533 1354 1613 docesque
1384 1551 1496 1592 cornua
1524 1533 1644 1611 objectu
1668 1534 1742 1594 tecti

379 1626 497 1697 tegere,
513 1619 687 1699 utreliquus
703 1620 803 1680 discus
819 1622 959 1682 emineat.
982 1622 1098 1683 Esthic
1109 1622 1180 1682 milri
1197 1623 1300 1682 modus
1316 1621 1495 1682 observandi
1511 1620 1741 1685 usitatissimus.

470 1705 557 1777 Quod
578 1727 647 1769 vero
665 1709 949 1771 demonstrationem
975 1711 1093 1784 attinet,
1120 1730 1195 1789 quae
1221 1711 1363 1783 ostendit,
1381 1710 1436 1769 hoc
1457 1710 1553 1770 lumen
1575 1730 1613 1770 ex
1635 1718 1742 1772 nostra

379 1795 500 1856 Tellure
525 1798 651 1869 effundi,
681 1817 717 1857 ea
737 1799 799 1876 jam
824 1820 842 1859 a
866 1797 908 1861 20
933 1799 1019 1859 annis
1044 1819 1138 1878 eoque
1172 1799 1299 1877 amplius
1328 1797 1385 1859 fuit
1416 1816 1510 1877 penes
1533 1798 1739 1874 Maestliunm,

379 1902 418 1943 ex
451 1885 535 1961 cujus
570 1879 707 1946 doctriua
740 1887 822 1947 illam
855 1887 997 1948 transtuli
1027 1888 1055 1948 in
1085 1907 1182 1949 meam
1206 1887 1420 1948 Astronomiae
1452 1893 1569 1964 partem
1598 1884 1740 1966 Opticam

379 1968 458 2050 Cap.
483 1973 539 2033 Vl.
572 1973 611 2035 N.
641 1972 690 2035 10.
725 1976 899 2052 plenissimo
932 1984 1081 2050 tractatu,
1116 1977 1164 2036 ubi
1190 1978 1311 2037 easdem
1341 1975 1432 2036 etiam
1466 1975 1621 2053 opiniones
1645 1975 1740 2055 (quod

382 2060 482 2120 lumen
506 2062 563 2121 hoc
587 2063 628 2123 sit
653 2084 671 2123 a
695 2062 766 2124 Sole
790 2064 838 2123 rel
863 2085 881 2123 a
905 2066 1041 2137 Venere)
1067 2073 1165 2125 tecum
1190 2066 1293 2125 eodem
1323 2064 1411 2125 modo
1434 2064 1546 2138 refuto,
1580 2063 1637 2123 nisi
1661 2063 1740 2143 quod

380 2148 460 2209 hano
485 2150 620 2210 ultimam
644 2152 750 2212 merito
776 2173 828 2212 suo
853 2155 942 2231 paulo
968 2173 1054 2233 quam
1079 2161 1111 2214 tu
1135 2154 1253 2214 mollius
1278 2153 1403 2232 excipio.

469 2237 565 2298 Putas
590 2238 642 2300 iol.
672 2238 721 2302 15.
747 2241 882 2302 ruborem
902 2243 984 2303 illurn
999 2243 1103 2303 Lunae
1128 2243 1287 2315 aheneum,
1314 2260 1401 2320 quem
1425 2239 1505 2301 circa
1528 2239 1739 2302 extremitates
1808 2253 1814 2266 ·

378 2325 502 2386 umbrae
527 2328 678 2388 Terreuae
703 2329 789 2390 Luna
813 2331 961 2408 eclipsata
990 2331 1116 2400 retinet,
1145 2331 1259 2410 reliquo
1287 2348 1410 2409 corpore
1435 2329 1520 2389 fusca
1544 2336 1575 2388 et
1598 2329 1737 2403 evanida,

375 2432 444 2474 esse
479 2434 517 2475 ex
552 2416 769 2478 illuminatione
802 2419 917 2479 vicinae
954 2420 1143 2480 substantiae
1178 2418 1341 2480 aetheriae.
1397 2417 1536 2495 Adjuvas
1569 2435 1667 2478 meam
1698 2417 1736 2478 de

373 2502 480 2564 eodem
513 2505 621 2566 rubore
652 2507 885 2586 disputationem
911 2509 961 2569 fol.
988 2506 1052 2569 300
1077 2507 1271 2587 Opticorum,
1306 2507 1356 2567 nbi
1385 2525 1451 2566 eam
1476 2525 1513 2565 ex
1542 2504 1681 2566 refractis
1704 2504 1735 2566 in

372 2598 476 2651 nostro
501 2600 571 2653 aere
596 2593 676 2654 Solis
701 2595 793 2654 radiis
819 2596 949 2667 deduco,
975 2606 1007 2657 et
1030 2597 1240 2658 accommodas
1265 2616 1315 2669 ea,
1341 2614 1416 2674 quae
1446 2593 1496 2655 sol.
1522 2590 1587 2656 319
1612 2591 1734 2669 adduxi,

372 2680 411 2739 ad
436 2680 582 2741 rationem
608 2683 774 2755 dicendam,
802 2704 853 2744 cur
877 2686 906 2745 in
930 2686 1020 2746 totali
1036 2685 1117 2746 Solis
1142 2684 1247 2764 eclipsi
1272 2704 1329 2745 non
1349 2702 1468 2761 semper
1487 2700 1546 2742 nox
1565 2683 1618 2742 fiat
1640 2700 1732 2755 mera,

372 2787 449 2847 quae
475 2768 503 2829 in
529 2770 603 2830 libro
629 2772 664 2830 de
685 2771 784 2832 Stella
802 2774 890 2834 Nova
913 2774 1030 2853 repetii.
1069 2775 1182 2836 Dubito
1204 2772 1353 2846 Galilaee,
1379 2791 1416 2831 an
1440 2770 1538 2850 possit
1560 2771 1634 2831 haec
1658 2788 1677 2829 a
1701 2777 1732 2830 te

372 2855 455 2917 dicta
480 2876 572 2918 causa
596 2859 663 2920 hnic
692 2862 828 2921 sufficere
861 2863 976 2923 rubori:
1006 2864 1082 2922 haec
1107 2863 1185 2922 enim
1209 2862 1251 2922 uti
1275 2863 1321 2922 vis
1350 2879 1457 2921 aurora
1480 2858 1599 2920 Lunare
1624 2876 1733 2937 corpus

369 2944 549 3007 circumstat
573 2949 666 3008 multo
691 2950 887 3029 aequabilius,
914 2971 1000 3030 quarn
1022 2960 1054 3011 ut
1073 2952 1162 3011 rubor
1181 2951 1239 3010 iste
1256 2949 1299 3010 sic
1323 2946 1553 3028 inaequabiliter
1568 2947 1597 3007 in
1612 2946 1732 3008 Lunam

370 3033 540 3108 derivetur,
566 3044 600 3096 ut
623 3038 786 3098 ostendunt
809 3058 876 3099 mea
900 3040 950 3100 fol.
977 3036 1041 3101 303
1072 3040 1167 3099 allata
1195 3038 1421 3117 experimenta:
1451 3054 1527 3116 quae
1551 3036 1601 3096 ubi
1625 3035 1730 3097 intuo

370 3130 539 3203 systemate
563 3126 665 3186 mnndi
688 3126 717 3186 in
743 3128 1011 3189 considerationem
1035 3128 1206 3202 adduxeris,
1232 3146 1319 3205 spero
1343 3135 1374 3187 te
1398 3126 1454 3186 hac
1479 3124 1506 3184 in
1531 3132 1617 3203 parte
1641 3129 1729 3185 tanto

371 3209 490 3272 felicius
515 3213 551 3273 de
581 3234 679 3275 rerum
712 3216 812 3275 causis
845 3217 1076 3295 disputaturum.
1096 3212 1137 3290 ¹¹)
1186 3216 1233 3275 Ad
1266 3216 1412 3295 pallorem
1446 3222 1545 3274 tamen
1569 3213 1673 3274 Lunae
1699 3211 1729 3273 in

372 3300 502 3361 mediam
523 3302 657 3363 umbram
678 3304 835 3365 immersae
855 3306 1051 3379 efficiendum,
1077 3306 1126 3365 ubi
1142 3313 1267 3366 cessant
1283 3303 1359 3366 radii
1375 3303 1457 3365 Solis
1481 3301 1613 3375 refracti,
1639 3300 1727 3362 facile

369 3388 487 3466 patior,
513 3398 546 3451 ut
571 3392 660 3469 juxta
690 3393 790 3453 sidera
814 3392 917 3456 Solem
950 3393 1193 3467 circumstantia,
1229 3394 1335 3473 quibus
1359 3411 1414 3471 ego
1439 3391 1489 3453 sol.
1514 3386 1727 3469 autpertum

371 3495 496 3538 cansam
521 3481 725 3561 transscripsi,
750 3481 824 3544 haec
849 3492 901 3543 tua
924 3503 1033 3544 aurora
1056 3492 1089 3543 ut
1111 3482 1210 3562 potior
1233 3502 1326 3543 causa
1349 3481 1525 3542 adducatur.

460 3566 589 3629 Absolvi
617 3571 744 3630 alterum
775 3571 868 3632 libelli
892 3573 935 3633 tui
959 3580 1069 3650 caput,
1102 3573 1137 3632 de
1163 3573 1268 3632 Luna:
1303 3578 1426 3631 transeo
1450 3569 1489 3629 ad
1519 3567 1659 3641 tertium,
1683 3566 1726 3627 de

369 3653 561 3717 sideribus
586 3659 736 3719 ceteris.
1071 3652 1084 3683 ⁸

458 3744 560 3805 Prima
590 3755 643 3807 tna
677 3747 848 3808 observatio
882 3756 930 3808 est
962 3746 1176 3827 magnitudinis
1207 3747 1356 3820 siderum,
1392 3764 1515 3825 quorum
1545 3744 1723 3823 corpuscula

369 3833 545 3912 perspicillo
569 3835 706 3914 inspecta
725 3837 753 3896 in
774 3836 966 3915 proportione
987 3839 1024 3898 ad
1040 3839 1143 3898 Lunae
1169 3835 1346 3895 diametrum
1366 3834 1411 3895 ais
1435 3833 1536 3895 minui.
1587 3832 1724 3894 Adducis

368 3926 400 3980 et
425 3922 486 3982 alia
509 3923 627 3999 similia,
653 3924 758 4003 quibus
783 3925 891 3985 stellae
915 3926 1094 3999 minuuntur,
1119 3924 1276 3985 verissima
1300 3932 1331 3985 et
1354 3922 1430 4004 mihi
1449 3922 1538 4000 longo
1561 3940 1617 3982 usn
1639 3940 1724 3983 com·

367 4017 466 4088 perta,
492 4013 710 4090 crepusculum,
736 4014 824 4087 diem,
851 4015 968 4082 nubem,
993 4015 1100 4088 velum,
1126 4014 1234 4074 vitrum
1259 4014 1434 4074 coloratum.

457 4099 515 4161 Hic
540 4110 607 4162 tuas
632 4103 750 4163 excutio
775 4102 951 4170 locutiones,
979 4104 1139 4181 „angulum
1164 4102 1305 4162 visorium
1328 4121 1386 4163 non
1410 4121 1429 4161 a
1450 4096 1590 4179 primario
1615 4097 1723 4160 stellae

366 4190 560 4267 corpusculo,
586 4191 638 4250 sed
663 4211 682 4250 a
706 4192 767 4251 late
788 4191 964 4252 circumfuso
990 4192 1148 4271 splendore
1178 4192 1375 4253 terminari“:
1407 4188 1498 4250 item:
1533 4186 1725 4267 ,perspicillo

364 4275 536 4338 adscititios
560 4280 821 4359 accidentalesque
846 4280 977 4359 fulgores
1000 4281 1097 4342 stellis
1122 4278 1242 4341 adimi.“

457 4363 609 4435 Quaerere
634 4368 716 4429 lubet
740 4389 777 4429 ex
801 4377 831 4429 te
856 4366 1005 4444 Galilaee,
1030 4389 1099 4431 num
1129 4369 1304 4449 acquiescas
1327 4367 1357 4429 in
1382 4366 1481 4428 causis
1505 4387 1523 4427 a
1547 4385 1594 4427 me
1619 4366 1722 4428 allatis

365 4452 454 4534 hujus
488 4456 547 4528 rei,
583 4456 631 4517 ubi
656 4458 691 4517 de
726 4457 813 4518 modo
846 4457 970 4518 visionis
1002 4458 1121 4536 disputo
1147 4459 1198 4518 fol.
1223 4453 1288 4519 266
1312 4476 1347 4518 ac
1376 4456 1554 4536 praesertim
1578 4455 1629 4516 sol.
1655 4450 1721 4518 268

364 4539 506 4621 Opticae.
554 4544 633 4606 b'am
658 4546 684 4606 si
708 4545 781 4606 nihil
806 4545 975 4619 desideras,
999 4546 1103 4608 licebit
1125 4547 1181 4607 tibi
1204 4564 1292 4625 porro
1315 4544 1434 4625 proprie
1458 4544 1547 4624 loqui,
1571 4542 1721 4604 luminosa

362 4640 478 4711 puncta
500 4651 591 4693 conos
617 4634 740 4695 fundere
765 4653 835 4694 suos
852 4636 881 4695 in
901 4635 1119 4717 crystallinum,
1143 4643 1175 4695 et
1193 4642 1263 4715 post
1278 4653 1343 4696 euru
1359 4633 1539 4695 refractione
1560 4632 1643 4692 iacta
1665 4648 1719 4692 eos

363 4736 482 4781 rursum
504 4721 534 4781 in
559 4731 700 4800 punctum
725 4723 919 4797 contrahere;
944 4723 1013 4802 quia
1036 4742 1107 4785 vero
1131 4724 1162 4784 id
1185 4732 1326 4802 punctum
1349 4741 1409 4784 non
1432 4719 1557 4798 attingit
1579 4720 1716 4795 retinam,

365 4806 546 4870 dilatatione
579 4829 658 4871 nova
692 4811 946 4890 superficieoulam
979 4812 1094 4872 retinae
1128 4819 1271 4891 occupat,
1304 4830 1370 4871 cum
1404 4807 1541 4872 debuerit
1569 4825 1717 4887 occupare

361 4904 525 4977 punctum:
550 4898 650 4979 itaque
674 4900 913 4980 perspicillornm
937 4901 1128 4979 operation,
1162 4910 1195 4961 ut
1219 4899 1280 4964 alia
1307 4899 1487 4961 refractione
1510 4896 1717 4959 intercedente

360 4991 505 5066 punctum
529 4986 655 5048 illudio
680 4989 862 5050 retiiormem
892 4996 1053 5067 competat.
1099 4988 1169 5051 Non
1193 4988 1284 5066 igitur
1315 4987 1407 5067 aliqui
1431 4986 1618 5048 descendunt
1638 4984 1717 5048 radii

359 5073 391 5136 in
416 5074 534 5137 oculum
557 5097 577 5136 a
599 5076 759 5157 splendore
789 5077 887 5138 stellis
912 5078 1044 5139 exterius
1058 5077 1267 5154 ,circumins03
1296 5077 1350 5138 sed
1373 5081 1489 5144 contre,
1514 5073 1565 5155 qni
1587 5073 1716 5147 deseen-

1442 5173 1556 5241 w.
