<?xml version="1.0" encoding="UTF-8"?>
<!DOCTYPE html PUBLIC "-//W3C//DTD XHTML 1.0 Transitional//EN"
    "http://www.w3.org/TR/xhtml1/DTD/xhtml1-transitional.dtd">
<html xmlns="http://www.w3.org/1999/xhtml" xml:lang="en" lang="en">
 <head>
  <title>
</title>
<meta http-equiv="Content-Type" content="text/html;charset=utf-8" />
  <meta name='ocr-system' content='tesseract 3.04.00' />
  <meta name='ocr-capabilities' content='ocr_page ocr_carea ocr_par ocr_line ocrx_word'/>
</head>
<body>
  <div class='ocr_page' id='page_1' title='image "./joanniskepleria02frisgoog_0504.png"; bbox 0 0 4584 6192; ppageno 0'>
   <div class='ocr_carea' id='block_1_1' title="bbox 896 585 1725 658">
    <p class='ocr_par' dir='ltr' id='par_1_1' title="bbox 896 585 1725 658">
     <span class='ocr_line' id='line_1_1' title="bbox 896 585 1725 658; baseline 0.022 -18"><span class='ocrx_word' id='word_1_1' title='bbox 896 604 951 641; x_wconf 87' lang='lat' dir='ltr'>eum</span> <span class='ocrx_word' id='word_1_2' title='bbox 969 588 1069 641; x_wconf 82' lang='lat' dir='ltr'>Nuncio</span> <span class='ocrx_word' id='word_1_3' title='bbox 1089 588 1197 641; x_wconf 77' lang='lat' dir='ltr'>sidereo.</span> <span class='ocrx_word' id='word_1_4' title='bbox 1660 585 1725 658; x_wconf 69' lang='grc'>493</span> 
     </span>
    </p>
   </div>
   <div class='ocr_carea' id='block_1_2' title="bbox 371 761 1739 5188">
    <p class='ocr_par' dir='ltr' id='par_1_2' title="bbox 371 761 1726 1023">
     <span class='ocr_line' id='line_1_2' title="bbox 372 761 1726 849; baseline 0.002 -22"><span class='ocrx_word' id='word_1_5' title='bbox 372 765 460 827; x_wconf 87' lang='lat' dir='ltr'>dibus</span> <span class='ocrx_word' id='word_1_6' title='bbox 494 772 527 826; x_wconf 87' lang='lat' dir='ltr'>at</span> <span class='ocrx_word' id='word_1_7' title='bbox 557 761 693 827; x_wconf 80' lang='lat' dir='ltr'>Columbi</span> <span class='ocrx_word' id='word_1_8' title='bbox 725 766 923 828; x_wconf 89' lang='lat' dir='ltr'>detectionem</span> <span class='ocrx_word' id='word_1_9' title='bbox 957 768 1025 828; x_wconf 90' lang='lat' dir='ltr'>novi</span> <span class='ocrx_word' id='word_1_10' title='bbox 1056 767 1151 835; x_wconf 90' lang='lat' dir='ltr'>orbis,</span> <span class='ocrx_word' id='word_1_11' title='bbox 1185 766 1319 845; x_wconf 85' lang='lat' dir='ltr'>adeoque</span> <span class='ocrx_word' id='word_1_12' title='bbox 1351 775 1383 827; x_wconf 88' lang='lat' dir='ltr'>et</span> <span class='ocrx_word' id='word_1_13' title='bbox 1414 767 1493 829; x_wconf 89' lang='lat' dir='ltr'>inter</span> <span class='ocrx_word' id='word_1_14' title='bbox 1520 768 1602 848; x_wconf 89' lang='lat' dir='ltr'>ipsos</span> <span class='ocrx_word' id='word_1_15' title='bbox 1637 769 1726 849; x_wconf 90' lang='lat' dir='ltr'>volgo</span> 
     </span>
     <span class='ocr_line' id='line_1_3' title="bbox 371 853 1725 936; baseline 0.003 -21"><span class='ocrx_word' id='word_1_16' title='bbox 371 854 565 917; x_wconf 88' lang='lat' dir='ltr'>circumlatos</span> <span class='ocrx_word' id='word_1_17' title='bbox 588 853 677 914; x_wconf 91' lang='lat' dir='ltr'>tubos</span> <span class='ocrx_word' id='word_1_18' title='bbox 711 855 857 927; x_wconf 91' lang='lat' dir='ltr'>bilentes‚</span> <span class='ocrx_word' id='word_1_19' title='bbox 881 865 911 917; x_wconf 91' lang='lat' dir='ltr'>et</span> <span class='ocrx_word' id='word_1_20' title='bbox 935 856 1014 917; x_wconf 88' lang='lat' dir='ltr'>inter</span> <span class='ocrx_word' id='word_1_21' title='bbox 1037 864 1119 917; x_wconf 92' lang='lat' dir='ltr'>tuam</span> <span class='ocrx_word' id='word_1_22' title='bbox 1144 853 1282 915; x_wconf 88' lang='lat' dir='ltr'>Galilaee</span> <span class='ocrx_word' id='word_1_23' title='bbox 1307 857 1492 929; x_wconf 90' lang='lat' dir='ltr'>machinam,</span> <span class='ocrx_word' id='word_1_24' title='bbox 1526 877 1586 936; x_wconf 89' lang='lat' dir='ltr'>qua</span> <span class='ocrx_word' id='word_1_25' title='bbox 1610 858 1725 919; x_wconf 90' lang='lat' dir='ltr'>coelum</span> 
     </span>
     <span class='ocr_line' id='line_1_4' title="bbox 372 942 1722 1023; baseline 0.001 -20"><span class='ocrx_word' id='word_1_26' title='bbox 372 943 471 1023; x_wconf 89' lang='lat' dir='ltr'>ipsum</span> <span class='ocrx_word' id='word_1_27' title='bbox 494 942 675 1004; x_wconf 87' lang='lat' dir='ltr'>terebrasti:</span> <span class='ocrx_word' id='word_1_28' title='bbox 710 945 762 1003; x_wconf 90' lang='lat' dir='ltr'>sed</span> <span class='ocrx_word' id='word_1_29' title='bbox 795 945 874 1005; x_wconf 91' lang='lat' dir='ltr'>nitor</span> <span class='ocrx_word' id='word_1_30' title='bbox 897 945 944 1005; x_wconf 92' lang='lat' dir='ltr'>hic</span> <span class='ocrx_word' id='word_1_31' title='bbox 968 946 1056 1006; x_wconf 87' lang='lat' dir='ltr'>tidem</span> <span class='ocrx_word' id='word_1_32' title='bbox 1080 943 1240 1005; x_wconf 84' lang='lat' dir='ltr'>incredulis</span> <span class='ocrx_word' id='word_1_33' title='bbox 1265 942 1363 1004; x_wconf 85' lang='lat' dir='ltr'>iacere</span> <span class='ocrx_word' id='word_1_34' title='bbox 1387 944 1577 1006; x_wconf 73' lang='lat' dir='ltr'>instrumenti</span> <span class='ocrx_word' id='word_1_35' title='bbox 1602 946 1654 1007; x_wconf 90' lang='lat' dir='ltr'>tui.</span> <span class='ocrx_word' id='word_1_36' title='bbox 1681 976 1722 989; x_wconf 89' lang='lat'><em>-</em></span> 
     </span>
    </p>

    <p class='ocr_par' dir='ltr' id='par_1_3' title="bbox 372 1031 1729 2704">
     <span class='ocr_line' id='line_1_5' title="bbox 459 1031 1727 1112; baseline 0.003 -20"><span class='ocrx_word' id='word_1_37' title='bbox 459 1031 630 1092; x_wconf 83' lang='lat' dir='ltr'>Fatendum</span> <span class='ocrx_word' id='word_1_38' title='bbox 645 1039 701 1104; x_wconf 89' lang='lat' dir='ltr'>est,</span> <span class='ocrx_word' id='word_1_39' title='bbox 727 1051 772 1092; x_wconf 89' lang='lat' dir='ltr'>me</span> <span class='ocrx_word' id='word_1_40' title='bbox 792 1052 829 1092; x_wconf 80' lang='lat' dir='ltr'>ex</span> <span class='ocrx_word' id='word_1_41' title='bbox 850 1052 884 1092; x_wconf 92' lang='lat' dir='ltr'>eo</span> <span class='ocrx_word' id='word_1_42' title='bbox 905 1042 1046 1111; x_wconf 91' lang='lat' dir='ltr'>tempore,</span> <span class='ocrx_word' id='word_1_43' title='bbox 1074 1052 1130 1112; x_wconf 90' lang='lat' dir='ltr'>qno</span> <span class='ocrx_word' id='word_1_44' title='bbox 1145 1031 1257 1110; x_wconf 90' lang='lat' dir='ltr'>Optica</span> <span class='ocrx_word' id='word_1_45' title='bbox 1280 1052 1344 1093; x_wconf 91' lang='lat' dir='ltr'>sum</span> <span class='ocrx_word' id='word_1_46' title='bbox 1359 1051 1529 1111; x_wconf 82' lang='lat' dir='ltr'>aggressus,</span> <span class='ocrx_word' id='word_1_47' title='bbox 1546 1035 1727 1096; x_wconf 87' lang='lat' dir='ltr'>creberrime</span> 
     </span>
     <span class='ocr_line' id='line_1_6' title="bbox 372 1118 1727 1200; baseline 0.002 -19"><span class='ocrx_word' id='word_1_48' title='bbox 372 1118 540 1183; x_wconf 85' lang='lat' dir='ltr'>aansare</span> <span class='ocrx_word' id='word_1_49' title='bbox 560 1127 697 1197; x_wconf 90' lang='lat' dir='ltr'>rogatum</span> <span class='ocrx_word' id='word_1_50' title='bbox 714 1120 749 1180; x_wconf 93' lang='lat' dir='ltr'>de</span> <span class='ocrx_word' id='word_1_51' title='bbox 765 1122 875 1181; x_wconf 89' lang='lat' dir='ltr'>Portae</span> <span class='ocrx_word' id='word_1_52' title='bbox 901 1122 1113 1200; x_wconf 85' lang='lat' dir='ltr'>suprascriptis</span> <span class='ocrx_word' id='word_1_53' title='bbox 1138 1120 1290 1191; x_wconf 87' lang='lat' dir='ltr'>artificiis,</span> <span class='ocrx_word' id='word_1_54' title='bbox 1324 1122 1411 1181; x_wconf 90' lang='lat' dir='ltr'>fidem</span> <span class='ocrx_word' id='word_1_55' title='bbox 1436 1122 1472 1182; x_wconf 91' lang='lat' dir='ltr'>iis</span> <span class='ocrx_word' id='word_1_56' title='bbox 1508 1131 1540 1182; x_wconf 94' lang='lat' dir='ltr'>nt</span> <span class='ocrx_word' id='word_1_57' title='bbox 1569 1124 1727 1200; x_wconf 89' lang='lat' dir='ltr'>plurimum</span> 
     </span>
     <span class='ocr_line' id='line_1_7' title="bbox 372 1208 1729 1288; baseline 0.002 -18"><span class='ocrx_word' id='word_1_58' title='bbox 372 1210 545 1288; x_wconf 83' lang='lat' dir='ltr'>derogasse.</span> <span class='ocrx_word' id='word_1_59' title='bbox 593 1209 656 1268; x_wconf 80' lang='lat' dir='ltr'>Nec</span> <span class='ocrx_word' id='word_1_60' title='bbox 681 1208 795 1282; x_wconf 88' lang='lat' dir='ltr'>mirum,</span> <span class='ocrx_word' id='word_1_61' title='bbox 820 1209 926 1270; x_wconf 90' lang='lat' dir='ltr'>miscet</span> <span class='ocrx_word' id='word_1_62' title='bbox 950 1211 1029 1271; x_wconf 92' lang='lat' dir='ltr'>enim</span> <span class='ocrx_word' id='word_1_63' title='bbox 1053 1210 1211 1286; x_wconf 86' lang='lat' dir='ltr'>manifeste</span> <span class='ocrx_word' id='word_1_64' title='bbox 1243 1209 1431 1270; x_wconf 89' lang='lat' dir='ltr'>incredibilia</span> <span class='ocrx_word' id='word_1_65' title='bbox 1454 1210 1670 1288; x_wconf 91' lang='lat' dir='ltr'>probabilibus,</span> <span class='ocrx_word' id='word_1_66' title='bbox 1697 1220 1729 1273; x_wconf 88' lang='lat' dir='ltr'>et</span> 
     </span>
     <span class='ocr_line' id='line_1_8' title="bbox 372 1296 1724 1378; baseline 0.001 -19"><span class='ocrx_word' id='word_1_67' title='bbox 372 1299 478 1359; x_wconf 89' lang='lat' dir='ltr'>titulus</span> <span class='ocrx_word' id='word_1_68' title='bbox 506 1297 616 1375; x_wconf 91' lang='lat' dir='ltr'>capitis</span> <span class='ocrx_word' id='word_1_69' title='bbox 646 1296 693 1357; x_wconf 88' lang='lat' dir='ltr'>ll.</span> <span class='ocrx_word' id='word_1_70' title='bbox 720 1298 837 1357; x_wconf 85' lang='lat' dir='ltr'>verbis:</span> <span class='ocrx_word' id='word_1_71' title='bbox 874 1298 992 1377; x_wconf 80' lang='lat' dir='ltr'>„Supra</span> <span class='ocrx_word' id='word_1_72' title='bbox 1015 1318 1130 1358; x_wconf 86' lang='lat' dir='ltr'>ornnem</span> <span class='ocrx_word' id='word_1_73' title='bbox 1156 1298 1319 1374; x_wconf 87' lang='lat' dir='ltr'>cogitatum</span> <span class='ocrx_word' id='word_1_74' title='bbox 1343 1316 1430 1377; x_wconf 87' lang='lat' dir='ltr'>quam</span> <span class='ocrx_word' id='word_1_75' title='bbox 1455 1299 1627 1377; x_wconf 84' lang='lat' dir='ltr'>longissime</span> <span class='ocrx_word' id='word_1_76' title='bbox 1651 1319 1724 1378; x_wconf 90' lang='lat' dir='ltr'>pre-</span> 
     </span>
     <span class='ocr_line' id='line_1_9' title="bbox 373 1385 1723 1465; baseline 0.001 -18"><span class='ocrx_word' id='word_1_77' title='bbox 373 1385 509 1465; x_wconf 85' lang='lat' dir='ltr'>spieere“</span> <span class='ocrx_word' id='word_1_78' title='bbox 539 1385 697 1445; x_wconf 87' lang='lat' dir='ltr'>videbatur</span> <span class='ocrx_word' id='word_1_79' title='bbox 721 1387 937 1447; x_wconf 90' lang='lat' dir='ltr'>absurditatem</span> <span class='ocrx_word' id='word_1_80' title='bbox 962 1388 1092 1465; x_wconf 91' lang='lat' dir='ltr'>opticam</span> <span class='ocrx_word' id='word_1_81' title='bbox 1117 1387 1287 1446; x_wconf 87' lang='lat' dir='ltr'>involvere:</span> <span class='ocrx_word' id='word_1_82' title='bbox 1320 1387 1405 1465; x_wconf 91' lang='lat' dir='ltr'>quasi</span> <span class='ocrx_word' id='word_1_83' title='bbox 1440 1386 1514 1446; x_wconf 87' lang='lat' dir='ltr'>visio</span> <span class='ocrx_word' id='word_1_84' title='bbox 1547 1387 1601 1446; x_wconf 87' lang='lat' dir='ltr'>fiat</span> <span class='ocrx_word' id='word_1_85' title='bbox 1633 1389 1723 1449; x_wconf 89' lang='lat' dir='ltr'>enrit-</span> 
     </span>
     <span class='ocr_line' id='line_1_10' title="bbox 374 1473 1729 1554; baseline 0.002 -19"><span class='ocrx_word' id='word_1_86' title='bbox 374 1475 467 1535; x_wconf 91' lang='lat' dir='ltr'>tendo</span> <span class='ocrx_word' id='word_1_87' title='bbox 489 1483 521 1534; x_wconf 89' lang='lat' dir='ltr'>et</span> <span class='ocrx_word' id='word_1_88' title='bbox 543 1473 714 1551; x_wconf 89' lang='lat' dir='ltr'>perspicilla</span> <span class='ocrx_word' id='word_1_89' title='bbox 737 1484 846 1534; x_wconf 89' lang='lat' dir='ltr'>acuant</span> <span class='ocrx_word' id='word_1_90' title='bbox 870 1476 946 1535; x_wconf 87' lang='lat' dir='ltr'>oculi</span> <span class='ocrx_word' id='word_1_91' title='bbox 966 1477 1104 1553; x_wconf 89' lang='lat' dir='ltr'>jaculos,</span> <span class='ocrx_word' id='word_1_92' title='bbox 1129 1484 1162 1534; x_wconf 91' lang='lat' dir='ltr'>ut</span> <span class='ocrx_word' id='word_1_93' title='bbox 1186 1476 1224 1534; x_wconf 90' lang='lat' dir='ltr'>ad</span> <span class='ocrx_word' id='word_1_94' title='bbox 1248 1475 1408 1535; x_wconf 86' lang='lat' dir='ltr'>remotiora</span> <span class='ocrx_word' id='word_1_95' title='bbox 1437 1484 1613 1553; x_wconf 89' lang='lat' dir='ltr'>penetrent,</span> <span class='ocrx_word' id='word_1_96' title='bbox 1639 1495 1729 1554; x_wconf 90' lang='lat' dir='ltr'>quam</span> 
     </span>
     <span class='ocr_line' id='line_1_11' title="bbox 374 1562 1727 1640; baseline 0.001 -18"><span class='ocrx_word' id='word_1_97' title='bbox 374 1564 399 1623; x_wconf 90' lang='lat' dir='ltr'>si</span> <span class='ocrx_word' id='word_1_98' title='bbox 424 1562 506 1623; x_wconf 88' lang='lat' dir='ltr'>nulla</span> <span class='ocrx_word' id='word_1_99' title='bbox 528 1562 685 1640; x_wconf 90' lang='lat' dir='ltr'>perpicilla</span> <span class='ocrx_word' id='word_1_100' title='bbox 709 1563 940 1623; x_wconf 87' lang='lat' dir='ltr'>adhiberentur:</span> <span class='ocrx_word' id='word_1_101' title='bbox 975 1572 1027 1624; x_wconf 90' lang='lat' dir='ltr'>ant</span> <span class='ocrx_word' id='word_1_102' title='bbox 1051 1564 1094 1637; x_wconf 89' lang='lat' dir='ltr'>si,</span> <span class='ocrx_word' id='word_1_103' title='bbox 1119 1572 1151 1623; x_wconf 91' lang='lat' dir='ltr'>ut</span> <span class='ocrx_word' id='word_1_104' title='bbox 1176 1563 1313 1640; x_wconf 89' lang='lat' dir='ltr'>agnoseit</span> <span class='ocrx_word' id='word_1_105' title='bbox 1335 1563 1446 1635; x_wconf 87' lang='lat' dir='ltr'>Porta,</span> <span class='ocrx_word' id='word_1_106' title='bbox 1480 1563 1556 1623; x_wconf 92' lang='lat' dir='ltr'>visio</span> <span class='ocrx_word' id='word_1_107' title='bbox 1590 1564 1624 1624; x_wconf 90' lang='lat' dir='ltr'>fit</span> <span class='ocrx_word' id='word_1_108' title='bbox 1647 1565 1727 1626; x_wconf 90' lang='lat' dir='ltr'>reci-</span> 
     </span>
     <span class='ocr_line' id='line_1_12' title="bbox 373 1650 1728 1730; baseline 0.002 -19"><span class='ocrx_word' id='word_1_109' title='bbox 373 1652 501 1730; x_wconf 91' lang='lat' dir='ltr'>piendo,</span> <span class='ocrx_word' id='word_1_110' title='bbox 536 1650 622 1729; x_wconf 90' lang='lat' dir='ltr'>qnasi</span> <span class='ocrx_word' id='word_1_111' title='bbox 655 1659 724 1710; x_wconf 91' lang='lat' dir='ltr'>tunc</span> <span class='ocrx_word' id='word_1_112' title='bbox 756 1653 881 1729; x_wconf 89' lang='lat' dir='ltr'>specilla</span> <span class='ocrx_word' id='word_1_113' title='bbox 905 1653 993 1712; x_wconf 92' lang='lat' dir='ltr'>rebus</span> <span class='ocrx_word' id='word_1_114' title='bbox 1017 1652 1154 1712; x_wconf 92' lang='lat' dir='ltr'>videndis</span> <span class='ocrx_word' id='word_1_115' title='bbox 1186 1652 1280 1711; x_wconf 90' lang='lat' dir='ltr'>lucem</span> <span class='ocrx_word' id='word_1_116' title='bbox 1314 1652 1473 1712; x_wconf 90' lang='lat' dir='ltr'>concilient</span> <span class='ocrx_word' id='word_1_117' title='bbox 1505 1652 1553 1711; x_wconf 92' lang='lat' dir='ltr'>vel</span> <span class='ocrx_word' id='word_1_118' title='bbox 1587 1662 1728 1730; x_wconf 83' lang='lat' dir='ltr'>augeant,</span> 
     </span>
     <span class='ocr_line' id='line_1_13' title="bbox 375 1739 1729 1819; baseline 0.001 -19"><span class='ocrx_word' id='word_1_119' title='bbox 375 1758 442 1800; x_wconf 86' lang='lat' dir='ltr'>curn</span> <span class='ocrx_word' id='word_1_120' title='bbox 465 1739 521 1800; x_wconf 91' lang='lat' dir='ltr'>hoc</span> <span class='ocrx_word' id='word_1_121' title='bbox 548 1739 647 1817; x_wconf 89' lang='lat' dir='ltr'>potius</span> <span class='ocrx_word' id='word_1_122' title='bbox 670 1758 772 1799; x_wconf 90' lang='lat' dir='ltr'>verum</span> <span class='ocrx_word' id='word_1_123' title='bbox 796 1740 853 1813; x_wconf 89' lang='lat' dir='ltr'>sit,</span> <span class='ocrx_word' id='word_1_124' title='bbox 889 1760 964 1819; x_wconf 88' lang='lat' dir='ltr'>quae</span> <span class='ocrx_word' id='word_1_125' title='bbox 995 1759 1052 1801; x_wconf 95' lang='lat' dir='ltr'>non</span> <span class='ocrx_word' id='word_1_126' title='bbox 1077 1741 1156 1801; x_wconf 92' lang='lat' dir='ltr'>ultro</span> <span class='ocrx_word' id='word_1_127' title='bbox 1180 1740 1217 1800; x_wconf 88' lang='lat' dir='ltr'>ad</span> <span class='ocrx_word' id='word_1_128' title='bbox 1251 1748 1370 1799; x_wconf 90' lang='lat' dir='ltr'>nostros</span> <span class='ocrx_word' id='word_1_129' title='bbox 1404 1740 1507 1801; x_wconf 91' lang='lat' dir='ltr'>oculos</span> <span class='ocrx_word' id='word_1_130' title='bbox 1544 1741 1729 1819; x_wconf 89' lang='lat' dir='ltr'>ejaculantur</span> 
     </span>
     <span class='ocr_line' id='line_1_14' title="bbox 377 1828 1728 1908; baseline 0.001 -20"><span class='ocrx_word' id='word_1_131' title='bbox 377 1828 507 1907; x_wconf 84' lang='lat' dir='ltr'>aliquam</span> <span class='ocrx_word' id='word_1_132' title='bbox 533 1828 678 1900; x_wconf 89' lang='lat' dir='ltr'>luculam,</span> <span class='ocrx_word' id='word_1_133' title='bbox 709 1847 767 1908; x_wconf 91' lang='lat' dir='ltr'>qua</span> <span class='ocrx_word' id='word_1_134' title='bbox 792 1830 940 1889; x_wconf 89' lang='lat' dir='ltr'>mediante</span> <span class='ocrx_word' id='word_1_135' title='bbox 962 1830 1201 1908; x_wconf 86' lang='lat' dir='ltr'>conspiciantur,</span> <span class='ocrx_word' id='word_1_136' title='bbox 1225 1847 1375 1908; x_wconf 87' lang='lat' dir='ltr'>nunquam</span> <span class='ocrx_word' id='word_1_137' title='bbox 1399 1828 1452 1889; x_wconf 92' lang='lat' dir='ltr'>illa</span> <span class='ocrx_word' id='word_1_138' title='bbox 1475 1829 1534 1889; x_wconf 91' lang='lat' dir='ltr'>ullo</span> <span class='ocrx_word' id='word_1_139' title='bbox 1559 1830 1728 1908; x_wconf 90' lang='lat' dir='ltr'>perspicillo</span> 
     </span>
     <span class='ocr_line' id='line_1_15' title="bbox 375 1916 1726 1995; baseline 0.001 -19"><span class='ocrx_word' id='word_1_140' title='bbox 375 1916 476 1995; x_wconf 89' lang='lat' dir='ltr'>detegi</span> <span class='ocrx_word' id='word_1_141' title='bbox 491 1935 591 1995; x_wconf 91' lang='lat' dir='ltr'>posse.</span> <span class='ocrx_word' id='word_1_142' title='bbox 617 1917 781 1978; x_wconf 89' lang='lat' dir='ltr'>Praeterea</span> <span class='ocrx_word' id='word_1_143' title='bbox 804 1918 963 1978; x_wconf 90' lang='lat' dir='ltr'>credebam</span> <span class='ocrx_word' id='word_1_144' title='bbox 985 1938 1043 1978; x_wconf 92' lang='lat' dir='ltr'>non</span> <span class='ocrx_word' id='word_1_145' title='bbox 1068 1925 1184 1977; x_wconf 88' lang='lat' dir='ltr'>tantum</span> <span class='ocrx_word' id='word_1_146' title='bbox 1201 1923 1299 1977; x_wconf 69' lang='lat' dir='ltr'>aerem</span> <span class='ocrx_word' id='word_1_147' title='bbox 1324 1935 1392 1977; x_wconf 91' lang='lat' dir='ltr'>esse</span> <span class='ocrx_word' id='word_1_148' title='bbox 1416 1936 1549 1978; x_wconf 88' lang='lat' dir='ltr'>erassum</span> <span class='ocrx_word' id='word_1_149' title='bbox 1572 1927 1603 1977; x_wconf 89' lang='lat' dir='ltr'>et</span> <span class='ocrx_word' id='word_1_150' title='bbox 1626 1919 1726 1978; x_wconf 88' lang='lat' dir='ltr'>colore</span> 
     </span>
     <span class='ocr_line' id='line_1_16' title="bbox 376 2004 1726 2084; baseline 0.001 -19"><span class='ocrx_word' id='word_1_151' title='bbox 376 2004 534 2079; x_wconf 89' lang='lat' dir='ltr'>caeruleo,</span> <span class='ocrx_word' id='word_1_152' title='bbox 569 2023 626 2083; x_wconf 91' lang='lat' dir='ltr'>quo</span> <span class='ocrx_word' id='word_1_153' title='bbox 664 2005 823 2066; x_wconf 85' lang='lat' dir='ltr'>visibilium</span> <span class='ocrx_word' id='word_1_154' title='bbox 847 2014 949 2084; x_wconf 90' lang='lat' dir='ltr'>partes</span> <span class='ocrx_word' id='word_1_155' title='bbox 973 2007 1104 2067; x_wconf 91' lang='lat' dir='ltr'>minutae</span> <span class='ocrx_word' id='word_1_156' title='bbox 1129 2005 1242 2066; x_wconf 90' lang='lat' dir='ltr'>eminus</span> <span class='ocrx_word' id='word_1_157' title='bbox 1267 2006 1480 2084; x_wconf 88' lang='lat' dir='ltr'>obtegerentur</span> <span class='ocrx_word' id='word_1_158' title='bbox 1504 2015 1536 2067; x_wconf 91' lang='lat' dir='ltr'>et</span> <span class='ocrx_word' id='word_1_159' title='bbox 1558 2008 1726 2067; x_wconf 84' lang='lat' dir='ltr'>confunde-</span> 
     </span>
     <span class='ocr_line' id='line_1_17' title="bbox 375 2094 1726 2174; baseline 0.001 -20"><span class='ocrx_word' id='word_1_160' title='bbox 375 2100 497 2166; x_wconf 82' lang='lat' dir='ltr'>rentur3</span> <span class='ocrx_word' id='word_1_161' title='bbox 521 2094 684 2171; x_wconf 90' lang='lat' dir='ltr'>quodcum</span> <span class='ocrx_word' id='word_1_162' title='bbox 708 2112 760 2172; x_wconf 93' lang='lat' dir='ltr'>per</span> <span class='ocrx_word' id='word_1_163' title='bbox 785 2115 816 2154; x_wconf 93' lang='lat' dir='ltr'>se</span> <span class='ocrx_word' id='word_1_164' title='bbox 841 2104 954 2155; x_wconf 88' lang='lat' dir='ltr'>certum</span> <span class='ocrx_word' id='word_1_165' title='bbox 978 2096 1026 2166; x_wconf 91' lang='lat' dir='ltr'>sit,</span> <span class='ocrx_word' id='word_1_166' title='bbox 1051 2095 1164 2155; x_wconf 88' lang='lat' dir='ltr'>trustra</span> <span class='ocrx_word' id='word_1_167' title='bbox 1187 2094 1327 2155; x_wconf 90' lang='lat' dir='ltr'>videbam</span> <span class='ocrx_word' id='word_1_168' title='bbox 1342 2094 1495 2173; x_wconf 81' lang='lat' dir='ltr'>expectari</span> <span class='ocrx_word' id='word_1_169' title='bbox 1511 2115 1529 2154; x_wconf 94' lang='lat' dir='ltr'>a</span> <span class='ocrx_word' id='word_1_170' title='bbox 1543 2095 1726 2174; x_wconf 89' lang='lat' dir='ltr'>perspicillo,</span> 
     </span>
     <span class='ocr_line' id='line_1_18' title="bbox 376 2181 1727 2261; baseline 0.001 -19"><span class='ocrx_word' id='word_1_171' title='bbox 376 2191 409 2243; x_wconf 93' lang='lat' dir='ltr'>ut</span> <span class='ocrx_word' id='word_1_172' title='bbox 432 2182 512 2242; x_wconf 88' lang='lat' dir='ltr'>hanc</span> <span class='ocrx_word' id='word_1_173' title='bbox 536 2183 616 2242; x_wconf 70' lang='lat' dir='ltr'>aeris</span> <span class='ocrx_word' id='word_1_174' title='bbox 639 2181 777 2243; x_wconf 87' lang='lat' dir='ltr'>interfusi</span> <span class='ocrx_word' id='word_1_175' title='bbox 801 2183 1000 2243; x_wconf 86' lang='lat' dir='ltr'>substantiam</span> <span class='ocrx_word' id='word_1_176' title='bbox 1017 2183 1219 2244; x_wconf 86' lang='lat' dir='ltr'>avisibilibus</span> <span class='ocrx_word' id='word_1_177' title='bbox 1235 2184 1390 2260; x_wconf 83' lang='lat' dir='ltr'>detergat:</span> <span class='ocrx_word' id='word_1_178' title='bbox 1415 2184 1468 2244; x_wconf 90' lang='lat' dir='ltr'>sed</span> <span class='ocrx_word' id='word_1_179' title='bbox 1493 2184 1529 2243; x_wconf 90' lang='lat' dir='ltr'>de</span> <span class='ocrx_word' id='word_1_180' title='bbox 1554 2184 1621 2261; x_wconf 88' lang='lat' dir='ltr'>ipsa</span> <span class='ocrx_word' id='word_1_181' title='bbox 1636 2184 1727 2244; x_wconf 88' lang='lat' dir='ltr'>etiam</span> 
     </span>
     <span class='ocr_line' id='line_1_19' title="bbox 375 2262 1728 2350; baseline 0 -19"><span class='ocrx_word' id='word_1_182' title='bbox 375 2271 502 2331; x_wconf 85' lang='lat' dir='ltr'>coelesti</span> <span class='ocrx_word' id='word_1_183' title='bbox 526 2270 661 2330; x_wconf 87' lang='lat' dir='ltr'>essentia</span> <span class='ocrx_word' id='word_1_184' title='bbox 686 2272 746 2331; x_wconf 85' lang='lat' dir='ltr'>tale</span> <span class='ocrx_word' id='word_1_185' title='bbox 771 2262 882 2349; x_wconf 88' lang='lat' dir='ltr'>aliquid</span> <span class='ocrx_word' id='word_1_186' title='bbox 907 2272 1076 2350; x_wconf 86' lang='lat' dir='ltr'>suspicatus</span> <span class='ocrx_word' id='word_1_187' title='bbox 1101 2290 1184 2344; x_wconf 92' lang='lat' dir='ltr'>sum,</span> <span class='ocrx_word' id='word_1_188' title='bbox 1219 2272 1296 2350; x_wconf 90' lang='lat' dir='ltr'>quod</span> <span class='ocrx_word' id='word_1_189' title='bbox 1320 2289 1388 2343; x_wconf 87' lang='lat' dir='ltr'>nos,</span> <span class='ocrx_word' id='word_1_190' title='bbox 1421 2272 1447 2343; x_wconf 86' lang='lat' dir='ltr'>si</span> <span class='ocrx_word' id='word_1_191' title='bbox 1471 2271 1599 2332; x_wconf 82' lang='lat' dir='ltr'>maxime</span> <span class='ocrx_word' id='word_1_192' title='bbox 1623 2272 1728 2332; x_wconf 88' lang='lat' dir='ltr'>Lunae</span> 
     </span>
     <span class='ocr_line' id='line_1_20' title="bbox 375 2359 1729 2440; baseline 0 -21"><span class='ocrx_word' id='word_1_193' title='bbox 375 2377 485 2438; x_wconf 92' lang='lat' dir='ltr'>corpus</span> <span class='ocrx_word' id='word_1_194' title='bbox 508 2359 537 2419; x_wconf 95' lang='lat' dir='ltr'>in</span> <span class='ocrx_word' id='word_1_195' title='bbox 562 2359 736 2419; x_wconf 82' lang='lat' dir='ltr'>immensum</span> <span class='ocrx_word' id='word_1_196' title='bbox 765 2379 944 2437; x_wconf 89' lang='lat' dir='ltr'>augeamus,</span> <span class='ocrx_word' id='word_1_197' title='bbox 983 2361 1126 2439; x_wconf 90' lang='lat' dir='ltr'>impedire</span> <span class='ocrx_word' id='word_1_198' title='bbox 1160 2361 1257 2440; x_wconf 90' lang='lat' dir='ltr'>possit</span> <span class='ocrx_word' id='word_1_199' title='bbox 1288 2378 1344 2438; x_wconf 91' lang='lat' dir='ltr'>quo</span> <span class='ocrx_word' id='word_1_200' title='bbox 1377 2360 1473 2420; x_wconf 91' lang='lat' dir='ltr'>minus</span> <span class='ocrx_word' id='word_1_201' title='bbox 1507 2361 1632 2439; x_wconf 88' lang='lat' dir='ltr'>exiguas</span> <span class='ocrx_word' id='word_1_202' title='bbox 1664 2361 1729 2438; x_wconf 88' lang='lat' dir='ltr'>ejus</span> 
     </span>
     <span class='ocr_line' id='line_1_21' title="bbox 374 2447 1727 2527; baseline 0.001 -21"><span class='ocrx_word' id='word_1_203' title='bbox 374 2448 541 2525; x_wconf 90' lang='lat' dir='ltr'>particulas</span> <span class='ocrx_word' id='word_1_204' title='bbox 566 2447 595 2507; x_wconf 90' lang='lat' dir='ltr'>in</span> <span class='ocrx_word' id='word_1_205' title='bbox 629 2468 683 2508; x_wconf 89' lang='lat' dir='ltr'>sua</span> <span class='ocrx_word' id='word_1_206' title='bbox 709 2449 841 2526; x_wconf 88' lang='lat' dir='ltr'>puritate</span> <span class='ocrx_word' id='word_1_207' title='bbox 865 2450 989 2509; x_wconf 87' lang='lat' dir='ltr'>seorsim</span> <span class='ocrx_word' id='word_1_208' title='bbox 1015 2470 1033 2509; x_wconf 94' lang='lat' dir='ltr'>a</span> <span class='ocrx_word' id='word_1_209' title='bbox 1057 2449 1182 2510; x_wconf 90' lang='lat' dir='ltr'>coelesti</span> <span class='ocrx_word' id='word_1_210' title='bbox 1206 2449 1333 2509; x_wconf 87' lang='lat' dir='ltr'>materia</span> <span class='ocrx_word' id='word_1_211' title='bbox 1355 2448 1588 2527; x_wconf 87' lang='lat' dir='ltr'>profundissima</span> <span class='ocrx_word' id='word_1_212' title='bbox 1613 2468 1727 2527; x_wconf 91' lang='lat' dir='ltr'>agnos·</span> 
     </span>
     <span class='ocr_line' id='line_1_22' title="bbox 376 2536 1728 2614; baseline 0.001 -17"><span class='ocrx_word' id='word_1_213' title='bbox 376 2555 445 2597; x_wconf 85' lang='lat' dir='ltr'>cere</span> <span class='ocrx_word' id='word_1_214' title='bbox 469 2536 626 2614; x_wconf 90' lang='lat' dir='ltr'>possimus.</span> <span class='ocrx_word' id='word_1_215' title='bbox 668 2537 733 2596; x_wconf 89' lang='lat' dir='ltr'>Has</span> <span class='ocrx_word' id='word_1_216' title='bbox 752 2537 843 2614; x_wconf 90' lang='lat' dir='ltr'>igitur</span> <span class='ocrx_word' id='word_1_217' title='bbox 858 2539 895 2597; x_wconf 92' lang='lat' dir='ltr'>ob</span> <span class='ocrx_word' id='word_1_218' title='bbox 910 2557 1018 2598; x_wconf 89' lang='lat' dir='ltr'>causas</span> <span class='ocrx_word' id='word_1_219' title='bbox 1034 2537 1163 2598; x_wconf 90' lang='lat' dir='ltr'>abstinui</span> <span class='ocrx_word' id='word_1_220' title='bbox 1189 2559 1206 2598; x_wconf 92' lang='lat' dir='ltr'>a</span> <span class='ocrx_word' id='word_1_221' title='bbox 1230 2537 1377 2598; x_wconf 90' lang='lat' dir='ltr'>tentanda</span> <span class='ocrx_word' id='word_1_222' title='bbox 1391 2537 1573 2610; x_wconf 89' lang='lat' dir='ltr'>mechanica,</span> <span class='ocrx_word' id='word_1_223' title='bbox 1600 2555 1728 2598; x_wconf 90' lang='lat' dir='ltr'>concur-</span> 
     </span>
     <span class='ocr_line' id='line_1_23' title="bbox 375 2624 1117 2704; baseline 0.005 -20"><span class='ocrx_word' id='word_1_224' title='bbox 375 2624 513 2685; x_wconf 86' lang='lat' dir='ltr'>rentibus</span> <span class='ocrx_word' id='word_1_225' title='bbox 537 2625 657 2702; x_wconf 91' lang='lat' dir='ltr'>insnper</span> <span class='ocrx_word' id='word_1_226' title='bbox 681 2626 747 2685; x_wconf 90' lang='lat' dir='ltr'>aliis</span> <span class='ocrx_word' id='word_1_227' title='bbox 772 2626 862 2686; x_wconf 89' lang='lat' dir='ltr'>etiam</span> <span class='ocrx_word' id='word_1_228' title='bbox 888 2627 1117 2704; x_wconf 89' lang='lat' dir='ltr'>impedimentis.</span> 
     </span>
    </p>

    <p class='ocr_par' dir='ltr' id='par_1_4' title="bbox 376 2712 1730 3128">
     <span class='ocr_line' id='line_1_24' title="bbox 467 2712 1730 2788; baseline -0.001 -14"><span class='ocrx_word' id='word_1_229' title='bbox 467 2713 513 2774; x_wconf 84' lang='lat' dir='ltr'>At</span> <span class='ocrx_word' id='word_1_230' title='bbox 535 2733 612 2774; x_wconf 87' lang='lat' dir='ltr'>nunc</span> <span class='ocrx_word' id='word_1_231' title='bbox 635 2714 740 2773; x_wconf 90' lang='lat' dir='ltr'>merito</span> <span class='ocrx_word' id='word_1_232' title='bbox 765 2723 825 2788; x_wconf 92' lang='lat' dir='ltr'>tuo,</span> <span class='ocrx_word' id='word_1_233' title='bbox 852 2712 990 2775; x_wconf 89' lang='lat' dir='ltr'>Galilaee</span> <span class='ocrx_word' id='word_1_234' title='bbox 1014 2714 1220 2782; x_wconf 85' lang='lat' dir='ltr'>solertissime,</span> <span class='ocrx_word' id='word_1_235' title='bbox 1245 2713 1418 2775; x_wconf 90' lang='lat' dir='ltr'>commendo</span> <span class='ocrx_word' id='word_1_236' title='bbox 1442 2713 1624 2774; x_wconf 83' lang='lat' dir='ltr'>indefessam</span> <span class='ocrx_word' id='word_1_237' title='bbox 1649 2721 1730 2773; x_wconf 90' lang='lat' dir='ltr'>tuam</span> 
     </span>
     <span class='ocr_line' id='line_1_25' title="bbox 376 2801 1729 2882; baseline -0.001 -20"><span class='ocrx_word' id='word_1_238' title='bbox 376 2801 573 2874; x_wconf 87' lang='lat' dir='ltr'>industriam,</span> <span class='ocrx_word' id='word_1_239' title='bbox 609 2802 658 2880; x_wconf 92' lang='lat' dir='ltr'>qui</span> <span class='ocrx_word' id='word_1_240' title='bbox 688 2802 855 2862; x_wconf 84' lang='lat' dir='ltr'>diffidentia</span> <span class='ocrx_word' id='word_1_241' title='bbox 878 2804 955 2863; x_wconf 91' lang='lat' dir='ltr'>omni</span> <span class='ocrx_word' id='word_1_242' title='bbox 984 2803 1160 2882; x_wconf 90' lang='lat' dir='ltr'>posthabita</span> <span class='ocrx_word' id='word_1_243' title='bbox 1201 2810 1285 2864; x_wconf 92' lang='lat' dir='ltr'>recta</span> <span class='ocrx_word' id='word_1_244' title='bbox 1317 2810 1346 2862; x_wconf 90' lang='lat' dir='ltr'>te</span> <span class='ocrx_word' id='word_1_245' title='bbox 1371 2802 1409 2861; x_wconf 88' lang='lat' dir='ltr'>ad</span> <span class='ocrx_word' id='word_1_246' title='bbox 1434 2802 1585 2862; x_wconf 90' lang='lat' dir='ltr'>oculorum</span> <span class='ocrx_word' id='word_1_247' title='bbox 1610 2802 1729 2879; x_wconf 79' lang='lat' dir='ltr'>experi-</span> 
     </span>
     <span class='ocr_line' id='line_1_26' title="bbox 376 2888 1728 2970; baseline -0.001 -19"><span class='ocrx_word' id='word_1_248' title='bbox 376 2896 480 2951; x_wconf 88' lang='lat' dir='ltr'>menta</span> <span class='ocrx_word' id='word_1_249' title='bbox 506 2890 679 2958; x_wconf 90' lang='lat' dir='ltr'>contulisti,</span> <span class='ocrx_word' id='word_1_250' title='bbox 699 2891 820 2968; x_wconf 86' lang='lat' dir='ltr'>jamque</span> <span class='ocrx_word' id='word_1_251' title='bbox 844 2899 910 2951; x_wconf 93' lang='lat' dir='ltr'>orto</span> <span class='ocrx_word' id='word_1_252' title='bbox 934 2901 1063 2970; x_wconf 87' lang='lat' dir='ltr'>pertua</span> <span class='ocrx_word' id='word_1_253' title='bbox 1087 2892 1209 2952; x_wconf 89' lang='lat' dir='ltr'>inventa</span> <span class='ocrx_word' id='word_1_254' title='bbox 1241 2890 1379 2951; x_wconf 88' lang='lat' dir='ltr'>veritatis</span> <span class='ocrx_word' id='word_1_255' title='bbox 1404 2888 1475 2950; x_wconf 91' lang='lat' dir='ltr'>Sole</span> <span class='ocrx_word' id='word_1_256' title='bbox 1520 2908 1624 2950; x_wconf 91' lang='lat' dir='ltr'>omnes</span> <span class='ocrx_word' id='word_1_257' title='bbox 1653 2891 1728 2951; x_wconf 82' lang='lat' dir='ltr'>istas</span> 
     </span>
     <span class='ocr_line' id='line_1_27' title="bbox 376 2978 1729 3058; baseline -0.001 -18"><span class='ocrx_word' id='word_1_258' title='bbox 376 2978 591 3040; x_wconf 89' lang='lat' dir='ltr'>titubationnm</span> <span class='ocrx_word' id='word_1_259' title='bbox 616 2979 716 3039; x_wconf 87' lang='lat' dir='ltr'>larvas</span> <span class='ocrx_word' id='word_1_260' title='bbox 741 2999 806 3039; x_wconf 77' lang='lat' dir='ltr'>curu</span> <span class='ocrx_word' id='word_1_261' title='bbox 831 2987 917 3040; x_wconf 91' lang='lat' dir='ltr'>nocte</span> <span class='ocrx_word' id='word_1_262' title='bbox 942 2988 1037 3041; x_wconf 87' lang='lat' dir='ltr'>matre</span> <span class='ocrx_word' id='word_1_263' title='bbox 1070 2980 1230 3058; x_wconf 89' lang='lat' dir='ltr'>dispulisti,</span> <span class='ocrx_word' id='word_1_264' title='bbox 1264 2979 1391 3058; x_wconf 89' lang='lat' dir='ltr'>quidque</span> <span class='ocrx_word' id='word_1_265' title='bbox 1415 2978 1477 3040; x_wconf 83' lang='lat' dir='ltr'>fieri</span> <span class='ocrx_word' id='word_1_266' title='bbox 1509 2987 1615 3057; x_wconf 89' lang='lat' dir='ltr'>posset</span> <span class='ocrx_word' id='word_1_267' title='bbox 1647 2978 1729 3039; x_wconf 84' lang='lat' dir='ltr'>lacto</span> 
     </span>
     <span class='ocr_line' id='line_1_28' title="bbox 377 3066 603 3128; baseline -0.004 0"><span class='ocrx_word' id='word_1_268' title='bbox 377 3066 603 3128; x_wconf 85' lang='lat' dir='ltr'>demonstrasti.</span> 
     </span>
    </p>

    <p class='ocr_par' dir='ltr' id='par_1_5' title="bbox 376 3153 1733 4033">
     <span class='ocr_line' id='line_1_29' title="bbox 468 3153 1729 3232; baseline -0.002 -16"><span class='ocrx_word' id='word_1_269' title='bbox 468 3156 511 3216; x_wconf 91' lang='lat' dir='ltr'>Te</span> <span class='ocrx_word' id='word_1_270' title='bbox 535 3163 720 3215; x_wconf 87' lang='lat' dir='ltr'>monstrante</span> <span class='ocrx_word' id='word_1_271' title='bbox 746 3173 877 3232; x_wconf 89' lang='lat' dir='ltr'>agnosco</span> <span class='ocrx_word' id='word_1_272' title='bbox 906 3157 1097 3217; x_wconf 89' lang='lat' dir='ltr'>substantiae</span> <span class='ocrx_word' id='word_1_273' title='bbox 1129 3156 1270 3216; x_wconf 87' lang='lat' dir='ltr'>eoelestis</span> <span class='ocrx_word' id='word_1_274' title='bbox 1301 3153 1506 3215; x_wconf 89' lang='lat' dir='ltr'>incredibilem</span> <span class='ocrx_word' id='word_1_275' title='bbox 1540 3154 1729 3228; x_wconf 84' lang='lat' dir='ltr'>tenuitatem,</span> 
     </span>
     <span class='ocr_line' id='line_1_30' title="bbox 377 3241 1730 3324; baseline -0.002 -19"><span class='ocrx_word' id='word_1_276' title='bbox 377 3263 455 3324; x_wconf 89' lang='lat' dir='ltr'>quae</span> <span class='ocrx_word' id='word_1_277' title='bbox 480 3244 597 3323; x_wconf 92' lang='lat' dir='ltr'>quidem</span> <span class='ocrx_word' id='word_1_278' title='bbox 621 3263 658 3304; x_wconf 85' lang='lat' dir='ltr'>ex</span> <span class='ocrx_word' id='word_1_279' title='bbox 682 3242 801 3321; x_wconf 88' lang='lat' dir='ltr'>Opticis</span> <span class='ocrx_word' id='word_1_280' title='bbox 826 3245 899 3304; x_wconf 89' lang='lat' dir='ltr'>meis</span> <span class='ocrx_word' id='word_1_281' title='bbox 924 3245 989 3317; x_wconf 86' lang='lat' dir='ltr'>(iol.</span> <span class='ocrx_word' id='word_1_282' title='bbox 1013 3243 1093 3316; x_wconf 79' lang='lat'>206)</span> <span class='ocrx_word' id='word_1_283' title='bbox 1117 3254 1221 3323; x_wconf 88' lang='lat' dir='ltr'>patet,</span> <span class='ocrx_word' id='word_1_284' title='bbox 1256 3243 1281 3302; x_wconf 93' lang='lat' dir='ltr'>si</span> <span class='ocrx_word' id='word_1_285' title='bbox 1314 3243 1537 3322; x_wconf 90' lang='lat' dir='ltr'>proportionem</span> <span class='ocrx_word' id='word_1_286' title='bbox 1568 3241 1730 3303; x_wconf 88' lang='lat' dir='ltr'>densitatis</span> 
     </span>
     <span class='ocr_line' id='line_1_31' title="bbox 379 3332 1729 3412; baseline 0 -19"><span class='ocrx_word' id='word_1_287' title='bbox 379 3333 461 3395; x_wconf 70' lang='lat' dir='ltr'>aeris</span> <span class='ocrx_word' id='word_1_288' title='bbox 486 3333 524 3392; x_wconf 92' lang='lat' dir='ltr'>ad</span> <span class='ocrx_word' id='word_1_289' title='bbox 557 3352 663 3412; x_wconf 89' lang='lat' dir='ltr'>aquam</span> <span class='ocrx_word' id='word_1_290' title='bbox 698 3334 835 3392; x_wconf 88' lang='lat' dir='ltr'>eout&#39;eras</span> <span class='ocrx_word' id='word_1_291' title='bbox 868 3353 932 3394; x_wconf 91' lang='lat' dir='ltr'>cum</span> <span class='ocrx_word' id='word_1_292' title='bbox 966 3334 1158 3412; x_wconf 91' lang='lat' dir='ltr'>proportione</span> <span class='ocrx_word' id='word_1_293' title='bbox 1196 3333 1357 3392; x_wconf 88' lang='lat' dir='ltr'>densitatis</span> <span class='ocrx_word' id='word_1_294' title='bbox 1391 3332 1522 3393; x_wconf 90' lang='lat' dir='ltr'>aetheris</span> <span class='ocrx_word' id='word_1_295' title='bbox 1556 3332 1595 3391; x_wconf 87' lang='lat' dir='ltr'>ad</span> <span class='ocrx_word' id='word_1_296' title='bbox 1628 3337 1729 3393; x_wconf 75' lang='lat' dir='ltr'>aerem</span> 
     </span>
     <span class='ocr_line' id='line_1_32' title="bbox 376 3420 1733 3501; baseline -0.002 -19"><span class='ocrx_word' id='word_1_297' title='bbox 376 3422 481 3501; x_wconf 92' lang='lat' dir='ltr'>procul</span> <span class='ocrx_word' id='word_1_298' title='bbox 497 3421 585 3482; x_wconf 91' lang='lat' dir='ltr'>dubie</span> <span class='ocrx_word' id='word_1_299' title='bbox 601 3422 693 3481; x_wconf 92' lang='lat' dir='ltr'>multo</span> <span class='ocrx_word' id='word_1_300' title='bbox 709 3421 831 3499; x_wconf 89' lang='lat' dir='ltr'>majori:</span> <span class='ocrx_word' id='word_1_301' title='bbox 857 3441 932 3501; x_wconf 92' lang='lat' dir='ltr'>quae</span> <span class='ocrx_word' id='word_1_302' title='bbox 948 3424 1049 3492; x_wconf 85' lang='lat' dir='ltr'>efficit,</span> <span class='ocrx_word' id='word_1_303' title='bbox 1064 3432 1098 3484; x_wconf 93' lang='lat' dir='ltr'>nt</span> <span class='ocrx_word' id='word_1_304' title='bbox 1113 3442 1148 3481; x_wconf 95' lang='lat' dir='ltr'>ne</span> <span class='ocrx_word' id='word_1_305' title='bbox 1165 3421 1365 3482; x_wconf 87' lang='lat' dir='ltr'>minutissima</span> <span class='ocrx_word' id='word_1_306' title='bbox 1380 3421 1497 3500; x_wconf 92' lang='lat' dir='ltr'>quidem</span> <span class='ocrx_word' id='word_1_307' title='bbox 1518 3420 1634 3481; x_wconf 91' lang='lat' dir='ltr'>stellati</span> <span class='ocrx_word' id='word_1_308' title='bbox 1652 3420 1733 3480; x_wconf 88' lang='lat' dir='ltr'>orbis</span> 
     </span>
     <span class='ocr_line' id='line_1_33' title="bbox 379 3506 1730 3593; baseline -0.002 -24"><span class='ocrx_word' id='word_1_309' title='bbox 379 3506 505 3591; x_wconf 90' lang='lat' dir='ltr'>(nedum</span> <span class='ocrx_word' id='word_1_310' title='bbox 529 3510 658 3569; x_wconf 91' lang='lat' dir='ltr'>Lunaris</span> <span class='ocrx_word' id='word_1_311' title='bbox 688 3510 840 3587; x_wconf 88' lang='lat' dir='ltr'>corporis,</span> <span class='ocrx_word' id='word_1_312' title='bbox 881 3511 1036 3572; x_wconf 87' lang='lat' dir='ltr'>stellarum</span> <span class='ocrx_word' id='word_1_313' title='bbox 1059 3511 1255 3582; x_wconf 88' lang='lat' dir='ltr'>humillimae)</span> <span class='ocrx_word' id='word_1_314' title='bbox 1293 3510 1441 3593; x_wconf 73' lang='lat' dir='ltr'>particula</span> <span class='ocrx_word' id='word_1_315' title='bbox 1474 3517 1594 3569; x_wconf 90' lang='lat' dir='ltr'>nostros</span> <span class='ocrx_word' id='word_1_316' title='bbox 1627 3508 1730 3567; x_wconf 89' lang='lat' dir='ltr'>oeulos</span> 
     </span>
     <span class='ocr_line' id='line_1_34' title="bbox 378 3595 1729 3678; baseline -0.003 -20"><span class='ocrx_word' id='word_1_317' title='bbox 378 3598 505 3676; x_wconf 79' lang='lat' dir='ltr'>effugiat</span> <span class='ocrx_word' id='word_1_318' title='bbox 527 3607 579 3658; x_wconf 91' lang='lat' dir='ltr'>tuo</span> <span class='ocrx_word' id='word_1_319' title='bbox 604 3598 800 3658; x_wconf 90' lang='lat' dir='ltr'>instrumento</span> <span class='ocrx_word' id='word_1_320' title='bbox 825 3599 1001 3674; x_wconf 88' lang='lat' dir='ltr'>instructos,</span> <span class='ocrx_word' id='word_1_321' title='bbox 1027 3601 1177 3678; x_wconf 85' lang='lat' dir='ltr'>multoque</span> <span class='ocrx_word' id='word_1_322' title='bbox 1201 3601 1269 3677; x_wconf 80' lang='lat' dir='ltr'>plus</span> <span class='ocrx_word' id='word_1_323' title='bbox 1293 3597 1437 3657; x_wconf 88' lang='lat' dir='ltr'>materiae</span> <span class='ocrx_word' id='word_1_324' title='bbox 1463 3597 1526 3670; x_wconf 84' lang='lat' dir='ltr'>(vel</span> <span class='ocrx_word' id='word_1_325' title='bbox 1550 3595 1729 3674; x_wconf 88' lang='lat' dir='ltr'>opacitatis)</span> 
     </span>
     <span class='ocr_line' id='line_1_35' title="bbox 379 3683 1731 3766; baseline -0.004 -19"><span class='ocrx_word' id='word_1_326' title='bbox 379 3687 409 3747; x_wconf 91' lang='lat' dir='ltr'>in</span> <span class='ocrx_word' id='word_1_327' title='bbox 433 3705 492 3747; x_wconf 93' lang='lat' dir='ltr'>uno</span> <span class='ocrx_word' id='word_1_328' title='bbox 516 3687 631 3764; x_wconf 87' lang='lat' dir='ltr'>specilli</span> <span class='ocrx_word' id='word_1_329' title='bbox 656 3688 830 3764; x_wconf 84' lang='lat' dir='ltr'>corpusculo</span> <span class='ocrx_word' id='word_1_330' title='bbox 855 3687 1060 3766; x_wconf 91' lang='lat' dir='ltr'>interponatur</span> <span class='ocrx_word' id='word_1_331' title='bbox 1083 3689 1162 3748; x_wconf 90' lang='lat' dir='ltr'>inter</span> <span class='ocrx_word' id='word_1_332' title='bbox 1185 3687 1301 3747; x_wconf 91' lang='lat' dir='ltr'>oculum</span> <span class='ocrx_word' id='word_1_333' title='bbox 1326 3694 1357 3743; x_wconf 89' lang='lat' dir='ltr'>et</span> <span class='ocrx_word' id='word_1_334' title='bbox 1380 3703 1442 3744; x_wconf 89' lang='lat' dir='ltr'>rem</span> <span class='ocrx_word' id='word_1_335' title='bbox 1456 3685 1563 3755; x_wconf 90' lang='lat' dir='ltr'>visam,</span> <span class='ocrx_word' id='word_1_336' title='bbox 1588 3702 1677 3761; x_wconf 88' lang='lat' dir='ltr'>qnam</span> <span class='ocrx_word' id='word_1_337' title='bbox 1703 3683 1731 3742; x_wconf 92' lang='lat' dir='ltr'>iu</span> 
     </span>
     <span class='ocr_line' id='line_1_36' title="bbox 377 3770 1730 3855; baseline -0.004 -19"><span class='ocrx_word' id='word_1_338' title='bbox 377 3782 446 3836; x_wconf 79' lang='lat' dir='ltr'>toto</span> <span class='ocrx_word' id='word_1_339' title='bbox 469 3774 521 3835; x_wconf 94' lang='lat' dir='ltr'>illo</span> <span class='ocrx_word' id='word_1_340' title='bbox 546 3775 688 3834; x_wconf 88' lang='lat' dir='ltr'>immenso</span> <span class='ocrx_word' id='word_1_341' title='bbox 713 3776 844 3836; x_wconf 87' lang='lat' dir='ltr'>aetheris</span> <span class='ocrx_word' id='word_1_342' title='bbox 868 3785 985 3836; x_wconf 89' lang='lat' dir='ltr'>tractu:</span> <span class='ocrx_word' id='word_1_343' title='bbox 1010 3776 1079 3855; x_wconf 89' lang='lat' dir='ltr'>quia</span> <span class='ocrx_word' id='word_1_344' title='bbox 1103 3796 1139 3836; x_wconf 83' lang='lat' dir='ltr'>ex</span> <span class='ocrx_word' id='word_1_345' title='bbox 1163 3777 1214 3836; x_wconf 92' lang='lat' dir='ltr'>illo</span> <span class='ocrx_word' id='word_1_346' title='bbox 1239 3773 1426 3851; x_wconf 88' lang='lat' dir='ltr'>aliquantula</span> <span class='ocrx_word' id='word_1_347' title='bbox 1449 3773 1577 3833; x_wconf 91' lang='lat' dir='ltr'>resultat</span> <span class='ocrx_word' id='word_1_348' title='bbox 1594 3770 1730 3831; x_wconf 90' lang='lat' dir='ltr'>obscuri-</span> 
     </span>
     <span class='ocr_line' id='line_1_37' title="bbox 379 3860 1732 3942; baseline -0.004 -18"><span class='ocrx_word' id='word_1_349' title='bbox 379 3872 440 3936; x_wconf 88' lang='lat' dir='ltr'>tas,</span> <span class='ocrx_word' id='word_1_350' title='bbox 466 3881 503 3923; x_wconf 88' lang='lat' dir='ltr'>ex</span> <span class='ocrx_word' id='word_1_351' title='bbox 526 3863 582 3923; x_wconf 90' lang='lat' dir='ltr'>hoe</span> <span class='ocrx_word' id='word_1_352' title='bbox 606 3864 706 3924; x_wconf 88' lang='lat' dir='ltr'>nulla:</span> <span class='ocrx_word' id='word_1_353' title='bbox 744 3873 777 3924; x_wconf 93' lang='lat' dir='ltr'>ut</span> <span class='ocrx_word' id='word_1_354' title='bbox 800 3884 875 3942; x_wconf 91' lang='lat' dir='ltr'>pene</span> <span class='ocrx_word' id='word_1_355' title='bbox 900 3866 1121 3926; x_wconf 89' lang='lat' dir='ltr'>concedendum</span> <span class='ocrx_word' id='word_1_356' title='bbox 1150 3865 1307 3935; x_wconf 89' lang='lat' dir='ltr'>videatur,</span> <span class='ocrx_word' id='word_1_357' title='bbox 1344 3869 1438 3921; x_wconf 91' lang='lat' dir='ltr'>totum</span> <span class='ocrx_word' id='word_1_358' title='bbox 1461 3861 1534 3922; x_wconf 94' lang='lat' dir='ltr'>illud</span> <span class='ocrx_word' id='word_1_359' title='bbox 1559 3860 1732 3920; x_wconf 89' lang='lat' dir='ltr'>immensum</span> 
     </span>
     <span class='ocr_line' id='line_1_38' title="bbox 380 3952 762 4033; baseline 0.003 -22"><span class='ocrx_word' id='word_1_360' title='bbox 380 3952 512 4033; x_wconf 89' lang='lat' dir='ltr'>spatium</span> <span class='ocrx_word' id='word_1_361' title='bbox 536 3962 661 4011; x_wconf 77' lang='lat' dir='ltr'>vacuum</span> <span class='ocrx_word' id='word_1_362' title='bbox 686 3971 762 4013; x_wconf 89' lang='lat' dir='ltr'>esse.</span> 
     </span>
    </p>

    <p class='ocr_par' dir='ltr' id='par_1_6' title="bbox 378 4036 1739 5188">
     <span class='ocr_line' id='line_1_39' title="bbox 468 4036 1735 4117; baseline -0.004 -16"><span class='ocrx_word' id='word_1_363' title='bbox 468 4040 537 4101; x_wconf 86' lang='lat' dir='ltr'>Etsi</span> <span class='ocrx_word' id='word_1_364' title='bbox 567 4039 657 4116; x_wconf 90' lang='lat' dir='ltr'>igitur</span> <span class='ocrx_word' id='word_1_365' title='bbox 680 4041 766 4100; x_wconf 88' lang='lat' dir='ltr'>avide</span> <span class='ocrx_word' id='word_1_366' title='bbox 790 4048 873 4101; x_wconf 92' lang='lat' dir='ltr'>tuum</span> <span class='ocrx_word' id='word_1_367' title='bbox 898 4040 1035 4101; x_wconf 88' lang='lat' dir='ltr'>Galilaee</span> <span class='ocrx_word' id='word_1_368' title='bbox 1059 4042 1290 4103; x_wconf 84' lang='lat' dir='ltr'>instrumentum</span> <span class='ocrx_word' id='word_1_369' title='bbox 1314 4046 1451 4117; x_wconf 83' lang='lat' dir='ltr'>expecto,</span> <span class='ocrx_word' id='word_1_370' title='bbox 1481 4047 1591 4107; x_wconf 91' lang='lat' dir='ltr'>tamen,</span> <span class='ocrx_word' id='word_1_371' title='bbox 1625 4036 1735 4115; x_wconf 89' lang='lat' dir='ltr'>siqua</span> 
     </span>
     <span class='ocr_line' id='line_1_40' title="bbox 379 4128 1732 4207; baseline -0.004 -17"><span class='ocrx_word' id='word_1_372' title='bbox 379 4129 452 4190; x_wconf 89' lang='lat' dir='ltr'>mibi</span> <span class='ocrx_word' id='word_1_373' title='bbox 476 4148 542 4188; x_wconf 90' lang='lat' dir='ltr'>sors</span> <span class='ocrx_word' id='word_1_374' title='bbox 566 4129 731 4207; x_wconf 75' lang='lat' dir='ltr'>effulgebit,</span> <span class='ocrx_word' id='word_1_375' title='bbox 756 4137 788 4189; x_wconf 92' lang='lat' dir='ltr'>ut</span> <span class='ocrx_word' id='word_1_376' title='bbox 812 4131 986 4190; x_wconf 88' lang='lat' dir='ltr'>mechanica</span> <span class='ocrx_word' id='word_1_377' title='bbox 1010 4131 1131 4190; x_wconf 88' lang='lat' dir='ltr'>remotis</span> <span class='ocrx_word' id='word_1_378' title='bbox 1147 4129 1311 4189; x_wconf 85' lang='lat' dir='ltr'>obstaculis</span> <span class='ocrx_word' id='word_1_379' title='bbox 1331 4137 1449 4187; x_wconf 91' lang='lat' dir='ltr'>tentare</span> <span class='ocrx_word' id='word_1_380' title='bbox 1464 4128 1586 4206; x_wconf 90' lang='lat' dir='ltr'>possim,</span> <span class='ocrx_word' id='word_1_381' title='bbox 1613 4134 1732 4185; x_wconf 86' lang='lat' dir='ltr'>strenue</span> 
     </span>
     <span class='ocr_line' id='line_1_41' title="bbox 379 4216 1734 4296; baseline -0.003 -17"><span class='ocrx_word' id='word_1_382' title='bbox 379 4237 427 4279; x_wconf 90' lang='lat' dir='ltr'>me</span> <span class='ocrx_word' id='word_1_383' title='bbox 454 4216 481 4276; x_wconf 91' lang='lat' dir='ltr'>in</span> <span class='ocrx_word' id='word_1_384' title='bbox 507 4217 544 4277; x_wconf 87' lang='lat' dir='ltr'>iis</span> <span class='ocrx_word' id='word_1_385' title='bbox 568 4218 731 4290; x_wconf 78' lang='lat' dir='ltr'>exercebo,</span> <span class='ocrx_word' id='word_1_386' title='bbox 763 4218 850 4296; x_wconf 86' lang='lat' dir='ltr'>idque</span> <span class='ocrx_word' id='word_1_387' title='bbox 875 4219 996 4296; x_wconf 88' lang='lat' dir='ltr'>gemina</span> <span class='ocrx_word' id='word_1_388' title='bbox 1018 4219 1077 4278; x_wconf 90' lang='lat' dir='ltr'>via.</span> <span class='ocrx_word' id='word_1_389' title='bbox 1124 4220 1203 4278; x_wconf 78' lang='lat' dir='ltr'>Nam</span> <span class='ocrx_word' id='word_1_390' title='bbox 1233 4219 1279 4278; x_wconf 92' lang='lat' dir='ltr'>vel</span> <span class='ocrx_word' id='word_1_391' title='bbox 1311 4217 1516 4294; x_wconf 90' lang='lat' dir='ltr'>multiplicabo</span> <span class='ocrx_word' id='word_1_392' title='bbox 1542 4216 1639 4275; x_wconf 90' lang='lat' dir='ltr'>lentes</span> <span class='ocrx_word' id='word_1_393' title='bbox 1663 4234 1734 4292; x_wconf 90' lang='lat' dir='ltr'>per-</span> 
     </span>
     <span class='ocr_line' id='line_1_42' title="bbox 379 4304 1732 4384; baseline -0.004 -17"><span class='ocrx_word' id='word_1_394' title='bbox 379 4308 528 4367; x_wconf 76' lang='lat' dir='ltr'>fectarum</span> <span class='ocrx_word' id='word_1_395' title='bbox 553 4306 775 4383; x_wconf 86' lang='lat' dir='ltr'>sphaericamm</span> <span class='ocrx_word' id='word_1_396' title='bbox 800 4307 959 4367; x_wconf 90' lang='lat' dir='ltr'>hincinde</span> <span class='ocrx_word' id='word_1_397' title='bbox 984 4308 1204 4384; x_wconf 88' lang='lat' dir='ltr'>superficierum</span> <span class='ocrx_word' id='word_1_398' title='bbox 1228 4306 1379 4366; x_wconf 86' lang='lat' dir='ltr'>lenissime</span> <span class='ocrx_word' id='word_1_399' title='bbox 1404 4304 1634 4384; x_wconf 87' lang='lat' dir='ltr'>assurgentium,</span> <span class='ocrx_word' id='word_1_400' title='bbox 1661 4322 1732 4363; x_wconf 88' lang='lat' dir='ltr'>eas·</span> 
     </span>
     <span class='ocr_line' id='line_1_43' title="bbox 379 4392 1737 4475; baseline -0.003 -19"><span class='ocrx_word' id='word_1_401' title='bbox 379 4414 437 4475; x_wconf 89' lang='lat' dir='ltr'>que</span> <span class='ocrx_word' id='word_1_402' title='bbox 464 4395 555 4455; x_wconf 89' lang='lat' dir='ltr'>certis</span> <span class='ocrx_word' id='word_1_403' title='bbox 580 4395 749 4459; x_wconf 82' lang='lat' dir='ltr'>intervallis</span> <span class='ocrx_word' id='word_1_404' title='bbox 774 4394 800 4453; x_wconf 90' lang='lat' dir='ltr'>iu</span> <span class='ocrx_word' id='word_1_405' title='bbox 826 4397 970 4456; x_wconf 91' lang='lat' dir='ltr'>arundine</span> <span class='ocrx_word' id='word_1_406' title='bbox 1002 4396 1173 4475; x_wconf 84' lang='lat' dir='ltr'>disponam,</span> <span class='ocrx_word' id='word_1_407' title='bbox 1208 4396 1373 4455; x_wconf 84' lang='lat' dir='ltr'>exteriores</span> <span class='ocrx_word' id='word_1_408' title='bbox 1401 4395 1490 4472; x_wconf 92' lang='lat' dir='ltr'>paulo</span> <span class='ocrx_word' id='word_1_409' title='bbox 1526 4392 1668 4466; x_wconf 89' lang='lat' dir='ltr'>latiores,</span> <span class='ocrx_word' id='word_1_410' title='bbox 1703 4400 1737 4453; x_wconf 89' lang='lat' dir='ltr'>ut</span> 
     </span>
     <span class='ocr_line' id='line_1_44' title="bbox 378 4480 1737 4563; baseline -0.004 -18"><span class='ocrx_word' id='word_1_411' title='bbox 378 4493 482 4545; x_wconf 90' lang='lat' dir='ltr'>tamen</span> <span class='ocrx_word' id='word_1_412' title='bbox 517 4484 618 4544; x_wconf 88' lang='lat' dir='ltr'>oculus</span> <span class='ocrx_word' id='word_1_413' title='bbox 653 4484 731 4544; x_wconf 88' lang='lat' dir='ltr'>intra</span> <span class='ocrx_word' id='word_1_414' title='bbox 762 4485 918 4544; x_wconf 85' lang='lat' dir='ltr'>terminum</span> <span class='ocrx_word' id='word_1_415' title='bbox 951 4484 1172 4545; x_wconf 82' lang='lat' dir='ltr'>intersectionis</span> <span class='ocrx_word' id='word_1_416' title='bbox 1207 4484 1417 4563; x_wconf 84' lang='lat' dir='ltr'>parallelorum</span> <span class='ocrx_word' id='word_1_417' title='bbox 1450 4482 1578 4543; x_wconf 87' lang='lat' dir='ltr'>omnium</span> <span class='ocrx_word' id='word_1_418' title='bbox 1611 4480 1737 4541; x_wconf 90' lang='lat' dir='ltr'>lentium</span> 
     </span>
     <span class='ocr_line' id='line_1_45' title="bbox 379 4567 1738 4651; baseline -0.004 -18"><span class='ocrx_word' id='word_1_419' title='bbox 379 4571 601 4633; x_wconf 86' lang='lat' dir='ltr'>constituatur:</span> <span class='ocrx_word' id='word_1_420' title='bbox 651 4574 687 4631; x_wconf 93' lang='lat' dir='ltr'>de</span> <span class='ocrx_word' id='word_1_421' title='bbox 724 4572 831 4651; x_wconf 87' lang='lat' dir='ltr'>quibus</span> <span class='ocrx_word' id='word_1_422' title='bbox 865 4574 1000 4636; x_wconf 87' lang='lat' dir='ltr'>torminis</span> <span class='ocrx_word' id='word_1_423' title='bbox 1032 4574 1099 4634; x_wconf 91' lang='lat' dir='ltr'>vide</span> <span class='ocrx_word' id='word_1_424' title='bbox 1138 4572 1250 4651; x_wconf 88' lang='lat' dir='ltr'>Optica</span> <span class='ocrx_word' id='word_1_425' title='bbox 1291 4592 1356 4632; x_wconf 88' lang='lat' dir='ltr'>mea</span> <span class='ocrx_word' id='word_1_426' title='bbox 1403 4574 1446 4649; x_wconf 95' lang='lat' dir='ltr'>(p.</span> <span class='ocrx_word' id='word_1_427' title='bbox 1482 4567 1579 4643; x_wconf 50' lang='lat'><strong>2116„</strong></span> <span class='ocrx_word' id='word_1_428' title='bbox 1616 4570 1663 4629; x_wconf 90' lang='lat' dir='ltr'>vel</span> <span class='ocrx_word' id='word_1_429' title='bbox 1704 4576 1738 4628; x_wconf 92' lang='lat' dir='ltr'>ut</span> 
     </span>
     <span class='ocr_line' id='line_1_46' title="bbox 379 4659 1736 4740; baseline -0.004 -19"><span class='ocrx_word' id='word_1_430' title='bbox 379 4662 409 4722; x_wconf 89' lang='lat' dir='ltr'>iu</span> <span class='ocrx_word' id='word_1_431' title='bbox 435 4660 524 4721; x_wconf 88' lang='lat' dir='ltr'>unica</span> <span class='ocrx_word' id='word_1_432' title='bbox 552 4660 707 4738; x_wconf 85' lang='lat' dir='ltr'>superficie</span> <span class='ocrx_word' id='word_1_433' title='bbox 732 4680 862 4721; x_wconf 88' lang='lat' dir='ltr'>errorem</span> <span class='ocrx_word' id='word_1_434' title='bbox 888 4663 927 4732; x_wconf 83' lang='lat' dir='ltr'>(si</span> <span class='ocrx_word' id='word_1_435' title='bbox 953 4664 1018 4740; x_wconf 87' lang='lat' dir='ltr'>quis</span> <span class='ocrx_word' id='word_1_436' title='bbox 1044 4665 1141 4734; x_wconf 86' lang='lat' dir='ltr'>esset)</span> <span class='ocrx_word' id='word_1_437' title='bbox 1168 4662 1283 4723; x_wconf 88' lang='lat' dir='ltr'>facilius</span> <span class='ocrx_word' id='word_1_438' title='bbox 1307 4661 1456 4738; x_wconf 85' lang='lat' dir='ltr'>corrigere</span> <span class='ocrx_word' id='word_1_439' title='bbox 1480 4659 1612 4740; x_wconf 91' lang='lat' dir='ltr'>possim,</span> <span class='ocrx_word' id='word_1_440' title='bbox 1647 4676 1736 4719; x_wconf 89' lang='lat' dir='ltr'>unam</span> 
     </span>
     <span class='ocr_line' id='line_1_47' title="bbox 380 4747 1737 4830; baseline -0.004 -20"><span class='ocrx_word' id='word_1_441' title='bbox 380 4751 476 4810; x_wconf 89' lang='lat' dir='ltr'>solam</span> <span class='ocrx_word' id='word_1_442' title='bbox 500 4749 610 4809; x_wconf 87' lang='lat' dir='ltr'>lentem</span> <span class='ocrx_word' id='word_1_443' title='bbox 635 4769 689 4809; x_wconf 88' lang='lat' dir='ltr'>sen</span> <span class='ocrx_word' id='word_1_444' title='bbox 712 4750 868 4809; x_wconf 87' lang='lat' dir='ltr'>umbonem</span> <span class='ocrx_word' id='word_1_445' title='bbox 893 4750 1042 4829; x_wconf 86' lang='lat' dir='ltr'>effigiabo,</span> <span class='ocrx_word' id='word_1_446' title='bbox 1067 4753 1164 4811; x_wconf 84' lang='lat' dir='ltr'>altera</span> <span class='ocrx_word' id='word_1_447' title='bbox 1180 4750 1335 4830; x_wconf 86' lang='lat' dir='ltr'>superficie</span> <span class='ocrx_word' id='word_1_448' title='bbox 1350 4749 1484 4827; x_wconf 84' lang='lat' dir='ltr'>proxime</span> <span class='ocrx_word' id='word_1_449' title='bbox 1503 4749 1604 4827; x_wconf 91' lang='lat' dir='ltr'>plana,</span> <span class='ocrx_word' id='word_1_450' title='bbox 1630 4747 1737 4826; x_wconf 86' lang='lat' dir='ltr'>quippe</span> 
     </span>
     <span class='ocr_line' id='line_1_48' title="bbox 380 4832 1739 4918; baseline -0.004 -19"><span class='ocrx_word' id='word_1_451' title='bbox 380 4839 410 4899; x_wconf 90' lang='lat' dir='ltr'>in</span> <span class='ocrx_word' id='word_1_452' title='bbox 433 4838 658 4900; x_wconf 81' lang='lat' dir='ltr'>convexitatem</span> <span class='ocrx_word' id='word_1_453' title='bbox 674 4839 862 4916; x_wconf 87' lang='lat' dir='ltr'>sphaericam</span> <span class='ocrx_word' id='word_1_454' title='bbox 878 4839 970 4899; x_wconf 87' lang='lat' dir='ltr'>solius</span> <span class='ocrx_word' id='word_1_455' title='bbox 995 4840 1108 4900; x_wconf 88' lang='lat' dir='ltr'>dimidii</span> <span class='ocrx_word' id='word_1_456' title='bbox 1132 4840 1242 4918; x_wconf 83' lang='lat' dir='ltr'>gradus</span> <span class='ocrx_word' id='word_1_457' title='bbox 1267 4858 1320 4899; x_wconf 87' lang='lat' dir='ltr'>sou</span> <span class='ocrx_word' id='word_1_458' title='bbox 1336 4832 1390 4900; x_wconf 70' lang='lat'>34‘</span> <span class='ocrx_word' id='word_1_459' title='bbox 1410 4844 1597 4916; x_wconf 87' lang='lat' dir='ltr'>assurgente,</span> <span class='ocrx_word' id='word_1_460' title='bbox 1623 4834 1739 4913; x_wconf 82' lang='lat' dir='ltr'>reliqua</span> 
     </span>
     <span class='ocr_line' id='line_1_49' title="bbox 380 4922 1737 5007; baseline -0.003 -20"><span class='ocrx_word' id='word_1_461' title='bbox 380 4945 440 4987; x_wconf 90' lang='lat' dir='ltr'>non</span> <span class='ocrx_word' id='word_1_462' title='bbox 466 4925 633 5005; x_wconf 85' lang='lat' dir='ltr'>sphaerica,</span> <span class='ocrx_word' id='word_1_463' title='bbox 660 4946 735 5005; x_wconf 88' lang='lat' dir='ltr'>quae</span> <span class='ocrx_word' id='word_1_464' title='bbox 761 4928 798 4987; x_wconf 91' lang='lat' dir='ltr'>ad</span> <span class='ocrx_word' id='word_1_465' title='bbox 824 4928 939 4987; x_wconf 88' lang='lat' dir='ltr'>oculum</span> <span class='ocrx_word' id='word_1_466' title='bbox 964 4929 1075 5007; x_wconf 90' lang='lat' dir='ltr'>vergit,</span> <span class='ocrx_word' id='word_1_467' title='bbox 1101 4948 1137 4987; x_wconf 91' lang='lat' dir='ltr'>ne</span> <span class='ocrx_word' id='word_1_468' title='bbox 1162 4928 1233 4987; x_wconf 93' lang='lat' dir='ltr'>mihi</span> <span class='ocrx_word' id='word_1_469' title='bbox 1257 4928 1422 5005; x_wconf 89' lang='lat' dir='ltr'>contingat,</span> <span class='ocrx_word' id='word_1_470' title='bbox 1449 4926 1527 5007; x_wconf 86' lang='lat' dir='ltr'>quod</span> <span class='ocrx_word' id='word_1_471' title='bbox 1551 4925 1594 4995; x_wconf 82' lang='lat' dir='ltr'>(in</span> <span class='ocrx_word' id='word_1_472' title='bbox 1611 4922 1737 5003; x_wconf 91' lang='lat' dir='ltr'>Optica)</span> 
     </span>
     <span class='ocr_line' id='line_1_50' title="bbox 380 5013 1738 5096; baseline -0.003 -20"><span class='ocrx_word' id='word_1_473' title='bbox 380 5015 518 5076; x_wconf 87' lang='lat' dir='ltr'>ostendit</span> <span class='ocrx_word' id='word_1_474' title='bbox 537 5015 659 5075; x_wconf 88' lang='lat' dir='ltr'>schema</span> <span class='ocrx_word' id='word_1_475' title='bbox 677 5013 730 5078; x_wconf 88' lang='grc'>81.</span> <span class='ocrx_word' id='word_1_476' title='bbox 748 5017 798 5077; x_wconf 87' lang='lat' dir='ltr'>fol.</span> <span class='ocrx_word' id='word_1_477' title='bbox 816 5015 887 5078; x_wconf 82' lang='lat'><strong>251.</strong></span> <span class='ocrx_word' id='word_1_478' title='bbox 905 5017 1015 5096; x_wconf 86' lang='lat' dir='ltr'>fiatque</span> <span class='ocrx_word' id='word_1_479' title='bbox 1030 5016 1158 5095; x_wconf 90' lang='lat' dir='ltr'>partium</span> <span class='ocrx_word' id='word_1_480' title='bbox 1174 5016 1214 5076; x_wconf 90' lang='lat' dir='ltr'>rei</span> <span class='ocrx_word' id='word_1_481' title='bbox 1232 5016 1313 5076; x_wconf 90' lang='lat' dir='ltr'>visae</span> <span class='ocrx_word' id='word_1_482' title='bbox 1330 5016 1469 5077; x_wconf 87' lang='lat' dir='ltr'>distortio</span> <span class='ocrx_word' id='word_1_483' title='bbox 1488 5022 1520 5074; x_wconf 88' lang='lat' dir='ltr'>et</span> <span class='ocrx_word' id='word_1_484' title='bbox 1535 5013 1669 5075; x_wconf 86' lang='lat' dir='ltr'>conlusio</span> <span class='ocrx_word' id='word_1_485' title='bbox 1686 5013 1738 5083; x_wconf 89' lang='lat' dir='ltr'>(de</span> 
     </span>
     <span class='ocr_line' id='line_1_51' title="bbox 379 5100 1739 5188; baseline -0.004 -22"><span class='ocrx_word' id='word_1_486' title='bbox 379 5123 442 5188; x_wconf 80' lang='lat' dir='ltr'>qua</span> <span class='ocrx_word' id='word_1_487' title='bbox 462 5111 510 5165; x_wconf 79' lang='lat' dir='ltr'>est</span> <span class='ocrx_word' id='word_1_488' title='bbox 525 5121 610 5183; x_wconf 91' lang='lat' dir='ltr'>prop.</span> <span class='ocrx_word' id='word_1_489' title='bbox 631 5102 695 5179; x_wconf 76' lang='lat'>¹8),</span> <span class='ocrx_word' id='word_1_490' title='bbox 720 5105 775 5165; x_wconf 89' lang='lat' dir='ltr'>sed</span> <span class='ocrx_word' id='word_1_491' title='bbox 793 5105 823 5166; x_wconf 92' lang='lat' dir='ltr'>iu</span> <span class='ocrx_word' id='word_1_492' title='bbox 841 5104 997 5168; x_wconf 88' lang='lat' dir='ltr'>umbonem</span> <span class='ocrx_word' id='word_1_493' title='bbox 1012 5112 1200 5185; x_wconf 77' lang='lat' dir='ltr'>assurgente,</span> <span class='ocrx_word' id='word_1_494' title='bbox 1221 5113 1255 5166; x_wconf 89' lang='lat' dir='ltr'>ut</span> <span class='ocrx_word' id='word_1_495' title='bbox 1269 5113 1317 5166; x_wconf 91' lang='lat' dir='ltr'>est</span> <span class='ocrx_word' id='word_1_496' title='bbox 1331 5104 1359 5166; x_wconf 89' lang='lat' dir='ltr'>io</span> <span class='ocrx_word' id='word_1_497' title='bbox 1375 5104 1528 5167; x_wconf 86' lang='lat' dir='ltr'>schemata</span> <span class='ocrx_word' id='word_1_498' title='bbox 1543 5100 1596 5167; x_wconf 83' lang='lat'>83.</span> <span class='ocrx_word' id='word_1_499' title='bbox 1613 5103 1739 5164; x_wconf 90' lang='lat' dir='ltr'>demon-</span> 
     </span>
    </p>
   </div>
   <div class='ocr_carea' id='block_1_3' title="bbox 0 0 2308 6192">
    <p class='ocr_par' dir='ltr' id='par_1_7' title="bbox 0 0 2308 6192">
     <span class='ocr_line' id='line_1_52' title="bbox 0 0 2308 6192; baseline 0 0"><span class='ocrx_word' id='word_1_500' title='bbox 0 0 2308 6192; x_wconf 95' lang='lat' dir='ltr'> </span> 
     </span>
    </p>
   </div>
  </div>
 </body>
</html>
