4584 6192
535 610 608 681 ‚mo
1032 607 1207 660 ameum
1222 607 1286 662 sm
1304 607 1407 675 opaea.

539 788 668 853 &calos
692 791 746 846 aut
770 783 941 845 accedendo
965 783 1173 848 recedendove
1196 805 1214 845 a
1234 785 1390 855 foramine,
1414 785 1510 846 donec
1532 785 1589 847 hoc
1611 785 1787 848 lieret.''1d
1809 804 1905 866 argu-

535 883 674 948 ,mentum
698 880 774 942 erat,
799 891 905 934 conum
930 873 1108 940 radiationis
1130 874 1421 953 perpendiculariter
1438 894 1458 935 a
1475 892 1591 957 papyro
1608 882 1738 937 sectum.
1775 874 1905 937 Diamo-

539 973 621 1031 tmm
642 981 715 1027 vero
738 962 960 1041 interpunctam
985 963 1181 1026 conversione
1204 963 1310 1044 papyri
1333 963 1500 1042 dirigebat,
1526 971 1560 1026 ut
1582 969 1693 1026 cornua
1711 960 1797 1026 Solis
1820 964 1906 1026 bise-

540 1061 635 1118 ea'ret.
681 1052 764 1113 'lianc
787 1050 890 1132 itaque
915 1071 1003 1114 arcus
1026 1052 1153 1114 interior
1176 1052 1254 1113 radii
1277 1052 1459 1126 deliciantis,
1484 1072 1544 1134 qua
1572 1054 1752 1115 diametrum
1774 1053 1907 1114 divisam

542 1142 678 1217 secabat,
703 1140 815 1220 digitos
835 1142 1017 1204 ostendebat
1037 1142 1204 1221 eclipticoe.
1242 1142 1330 1203 lianc
1349 1141 1517 1204 doctrinam
1536 1163 1556 1204 a
1569 1141 1739 1204 Iteinboldo
1758 1142 1906 1204 traditam

536 1230 776 1296 fflonitionem
813 1231 945 1292 auctoris
983 1238 1106 1292 secutus
1145 1229 1321 1309 diligentius
1364 1231 1504 1292 excoluit.
1559 1232 1640 1294 Nam
1677 1231 1905 1311 proportionem

535 1321 756 1385 diametrorum
785 1318 875 1380 simul
907 1320 1049 1382 eliciebat
1075 1320 1106 1381 in
1139 1320 1217 1381 huno
1250 1320 1380 1381 modum.
1428 1318 1558 1390 Quando
1589 1320 1741 1400 margines
1772 1319 1852 1382 radii
1874 1320 1906 1382 in

539 1409 685 1473 eireulnm
707 1408 845 1489 praecise
869 1409 1095 1482 coincidebant,
1130 1407 1227 1469 tribus
1252 1408 1301 1469 vel
1324 1416 1453 1489 quatuor
1481 1410 1601 1489 punctis
1629 1409 1805 1472 interiorem
1827 1409 1908 1471 r'adii

541 1497 812 1562 circumferentiam
835 1498 946 1577 raptim
968 1497 1120 1577 signabat.
1159 1497 1234 1557 Inde
1258 1499 1451 1560 continuatus
1470 1517 1525 1578 per
1542 1498 1618 1560 haec
1636 1506 1751 1578 puncta
1774 1499 1906 1562 circulus

449 1598 456 1613 ‘
540 1588 630 1653 facile
643 1585 834 1662 ostendebat,
846 1588 943 1668 quain
958 1586 1152 1667 proportione
1162 1592 1247 1647 esset
1256 1586 1296 1647 ad
1309 1586 1449 1667 priorem,
1461 1588 1511 1668 qui
1522 1586 1624 1650 Solem
1637 1588 1904 1666 repraesentabat.

922 1674 972 1738 Sit
993 1673 1110 1739 ABGD
1133 1673 1236 1737 radius
1250 1673 1333 1737 Solis
1353 1675 1521 1738 deficientis
1539 1677 1664 1759 ejusque
1681 1695 1757 1738 rara
1774 1677 1904 1756 species,

835 1765 862 1825 is
884 1767 1014 1846 quadret
1037 1765 1180 1826 exteriori
1214 1765 1370 1844 superficie
1393 1762 1479 1828 ABG
1503 1766 1532 1826 in
1566 1766 1713 1828 circulum
1734 1766 1825 1828 exE
1848 1766 1905 1828 de-

836 1854 990 1935 scriptum.
1038 1852 1203 1932 Signantnr
1229 1871 1301 1915 vero
1323 1854 1354 1915 iu
1385 1853 1520 1916 interiori
1553 1855 1795 1929 circumferentia
1815 1852 1904 1916 Anc

834 1943 895 2005 tria
907 1950 1020 2023 puncta
1033 1960 1236 2023 quaecunque,
1251 1942 1314 2004 siut
1327 1943 1367 2014 A,
1381 1943 1421 2017 D,
1437 1942 1473 2006 C.
1511 1944 1609 2023 Igitur
1627 1944 1679 2018 (E.
1694 1945 1751 2019 III,
1767 1940 1828 2018 24)
1850 1961 1906 2023 per

834 2030 921 2094 ADc
954 2031 1144 2093 continuetur
1175 2031 1304 2093 circulus
1334 2041 1446 2094 centro.
1461 2034 1495 2095 F.
1541 2034 1583 2096 Et
1610 2035 1681 2114 qnia
1712 2032 1851 2095 delectus
1873 2032 1905 2093 in

678 2120 682 2150 ⁵
793 2127 795 2136 “
835 2119 907 2183 Sole
926 2140 1020 2183 cauea
1033 2140 1091 2182 non
1111 2127 1160 2182 est
1178 2119 1249 2193 alia,
1270 2139 1359 2201 quam
1377 2120 1573 2203 interpositus
1586 2122 1692 2184 Lunae
1705 2120 1905 2185 inter'Solem

836 2217 868 2271 et
890 2210 1004 2285 visum,
1038 2217 1086 2271 est
1108 2209 1202 2288 igitur
1231 2208 1357 2272 interior
1389 2230 1477 2273 arcus
1509 2211 1686 2273 corniculati
1709 2210 1792 2273 Solis
1814 2206 1904 2273 ADC

813 2292 984 2378 *particula
1006 2298 1109 2360 circuli
1132 2317 1190 2379 qno
1213 2298 1300 2361 Luna
1322 2308 1488 2379 spectatur.
1525 2297 1628 2370 Quare
1650 2300 1779 2362 circulus
1802 2297 1902 2373 ADO,

835 2394 939 2449 centro
961 2389 1001 2461 F,
1030 2394 1242 2467 repraesentat
1267 2389 1388 2451 Lauare
1420 2408 1547 2469 corpus,
1580 2397 1613 2452 et
1643 2409 1720 2472 quae
1751 2388 1905 2453 invenitur

835 2477 1006 2538 mechanica
1037 2475 1191 2556 proportio
1224 2476 1304 2539 inter
1326 2478 1380 2539 FD
1403 2486 1436 2541 et
1457 2479 1526 2549 ΕΒ,
1550 2496 1589 2541 ea
1611 2483 1663 2543 est'
1681 2478 1811 2541 visibilia
1834 2478 1904 2541 dia-

542 2567 633 2632 metri
655 2566 761 2628 Lnnae
785 2566 823 2626 ad
847 2565 996 2628 visibilem
1020 2564 1202 2627 diametmm
1225 2564 1317 2628 Solis.

631 2652 773 2717 Ceterum
798 2655 854 2716 hoc
877 2661 966 2734 pacto
990 2652 1156 2715 observata
1179 2655 1284 2716 Lunae
1308 2655 1457 2716 diameter
1485 2655 1659 2738 plemmqne
1682 2657 1779 2719 minor
1801 2656 1905 2719 Solari

541 2742 720 2827 apparebat.
767 2743 826 2804 Per
852 2741 903 2804 ll.
926 2760 998 2802 vero
1029 2741 1152 2802 secundi
1185 2744 1295 2821 capitis
1328 2751 1434 2823 patet,
1469 2744 1528 2806 nisi
1551 2746 1640 2823 plane
1672 2745 1906 2808 minutissimum

542 2834 584 2896 sit
607 2833 751 2905 foramen,
776 2831 878 2912 puncti
897 2830 1004 2905 instar,
1030 2848 1150 2910 semper
1166 2832 1392 2911 proportionem
1410 2832 1625 2894 diametrorum
1648 2833 1751 2896 vitiari
1765 2833 1903 2896 Lunam·

540 2942 598 3005 que
616 2922 701 3001 justo
724 2922 868 2984 minorem
891 2937 1047 3000 apparere,
1071 2927 1104 2980 et
1122 2919 1192 2998 (per
1209 2919 1264 2995 12)
1288 2920 1403 2999 digitos
1425 2921 1584 3001 pauciores
1607 2942 1763 3004 apparere.
1799 2920 1904 2993 Quare

540 3012 649 3076 infidus
672 3017 721 3073 est
742 3011 791 3073 hic
821 3009 925 3072 modus
952 3009 998 3070 ita
1029 3007 1208 3087 simpliciter
1237 3009 1476 3072 administratus.
1523 3011 1614 3074 Adde
1647 3013 1726 3092 quod
1757 3012 1903 3074 titubatio

540 3119 681 3165 meum
696 3106 728 3162 et
741 3099 864 3180 rapidus
879 3097 961 3160 Solis
977 3104 1075 3160 motus
1088 3106 1265 3176 punctorum
1281 3099 1537 3179 consignationem
1551 3101 1713 3181 plurimum
1727 3102 1843 3164 turbat.
1857 3097 1904 3176 ”)

540 3190 623 3271 Ergo
647 3190 686 3251 ad
709 3208 808 3251 meum
830 3188 1073 3250 instmmentum.
1842 3242 1844 3246 ,

628 3278 825 3339 Problema
848 3277 937 3338 VIII.
985 3274 1153 3355 Speciem
1185 3274 1264 3336 sive
1296 3276 1437 3338 radium
1460 3274 1563 3340 Solis
1597 3278 1835 3353 deficientis,
1866 3288 1905 3340 ut

541 3367 575 3430 ie
598 3365 784 3446 liguratur
805 3366 840 3426 in
864 3366 1126 3441 instrumento,
1150 3365 1297 3444 punctis
1321 3366 1502 3445 excipere.
1541 3367 1593 3428 Fit
1610 3367 1687 3429 otiu
1707 3369 1904 3430 antecedenti

542 3463 577 3518 et
592 3456 682 3535 paulo
705 3454 809 3534 majori
833 3454 1021 3517 certitudine.
1057 3454 1139 3516 Nam
1162 3454 1391 3516 iustrumentnrn
1415 3463 1562 3534 praestat,
1588 3475 1624 3517 ne
1643 3455 1716 3518 mihi
1734 3457 1903 3519 mutatione

542 3543 719 3608 circulorum
750 3563 824 3624 opus
848 3544 904 3619 sit,
929 3562 1004 3605 neve
1028 3561 1155 3604 accessu
1178 3561 1368 3624 recessuque.
1414 3544 1536 3607 Etenim
1566 3546 1697 3626 quadie
1729 3546 1832 3609 lutura
1855 3556 1904 3609 est

460 3688 462 3692 ,
542 3632 674 3714 eclipsis,
709 3633 863 3713 quantitas
895 3632 971 3694 radii
995 3631 1077 3695 Solis
1106 3632 1137 3693 iu
1170 3630 1369 3694 instrumento
1401 3642 1525 3696 notatur
1561 3642 1701 3696 accurate
1735 3642 1903 3717 tantaeque

615 1730 670 1795 rig.
690 1726 750 1778 112.

432 3764 435 3768 -
542 3722 720 3805 quantitatis
745 3722 871 3785 circulus
895 3721 1082 3794 describitur,
1109 3720 1158 3800 qui
1182 3722 1315 3782 tabellae
1340 3723 1510 3803 applicatus
1533 3726 1786 3802 circumgestatur
1809 3727 1901 3788 undi-

542 3832 608 3894 que,
635 3830 810 3893 semperque
829 3818 894 3873 teto
913 3811 966 3873 illo
987 3810 1035 3871 die
1058 3809 1174 3870 radmm
1191 3808 1272 3871 Solis
1290 3819 1374 3873 certo
1392 3821 1512 3892 aequat.
1551 3816 1584 3875 In
1609 3812 1779 3892 signatione
1797 3822 1901 3878 tamen

540 3909 716 3984 puuctomm
741 3902 844 3962 eadem
870 3900 991 3980 querela
1014 3917 1089 3978 quae
1113 3898 1207 3977 prius.
1254 3899 1335 3962 Nam
1359 3902 1397 3962 ad
1421 3903 1521 3963 omnia
1543 3910 1695 3964 momenta
1717 3904 1903 3966 transfertur

539 3990 621 4055 Solis
645 3991 757 4064 radius,
780 3991 882 4070 itaque
905 3998 938 4051 et
960 3995 1125 4051 transtrum
1144 3994 1176 4048 et
1198 3989 1302 4067 regula
1320 3990 1350 4051 in
1375 3999 1506 4053 transtro
1530 4011 1590 4053 una
1612 3991 1828 4055 transferenda
1853 4001 1902 4055 est

538 4080 619 4143 inter
641 4080 887 4160 consignandum.
926 4078 1021 4139 Utere
1046 4084 1147 4138 tamen
1165 4076 1222 4137 hac
1246 4079 1405 4142 cautione:
1428 4087 1571 4160 puuctum
1595 4080 1684 4160 signa
1706 4099 1807 4156 unum,
1833 4102 1901 4145 oum

540 4167 670 4232 exterior
702 4169 779 4230 radii
810 4166 1051 4230 circumferentia
1081 4174 1189 4226 exacte
1227 4168 1357 4245 quadrat
1386 4171 1415 4231 in
1450 4170 1608 4246 olsculum3
1645 4170 1714 4231 inde
1747 4172 1900 4234 translato

539 4257 737 4320 instrumento
758 4257 873 4320 radium
892 4255 1089 4337 praevenias:
1113 4255 1232 4316 interea
1250 4256 1319 4318 dum
1341 4259 1444 4321 radius
1467 4267 1619 4339 sequatur,
1643 4266 1676 4320 tu
1695 4258 1795 4322 locum
1810 4260 1901 4323 alteri

539 4353 650 4425 puncto
674 4346 821 4427 signando
844 4346 966 4408 notabis
989 4344 1093 4406 oculis.
1139 4343 1182 4405 Et
1205 4346 1340 4423 proderit
1370 4354 1573 4428 spectatorem
1607 4349 1729 4422 adesse,
1763 4350 1814 4428 qui
1842 4349 1901 4412 tibi

539 4433 657 4498 intento
679 4435 709 4496 in
734 4437 862 4498 alterum
896 4435 1017 4496 limburn
1049 4432 1211 4512 significet,
1242 4437 1359 4513 quando
1388 4456 1426 4498 ex
1457 4437 1555 4498 altera
1586 4437 1727 4518 partein
1754 4446 1899 4518 punctum

534 4523 599 4603 jam
625 4524 776 4605 signatum
808 4524 917 4586 limbus
950 4541 1066 4585 rursum
1095 4521 1220 4583 incidat.
1267 4524 1342 4587 Inde
1374 4528 1481 4588 iterum
1510 4526 1677 4607 applicabis
1708 4526 1899 4606 probationis

539 4630 642 4688 eausa,
669 4622 701 4675 et
724 4615 784 4676 cito
806 4614 980 4694 priusquam
1004 4618 1122 4674 crescat
1146 4611 1283 4673 delectus
1307 4622 1360 4676 ant
1383 4616 1542 4678 decrescat
1564 4613 1757 4679 sensibiliter.
1802 4614 1899 4680 Cete-

541 4720 606 4767 mm
629 4703 705 4764 baec
728 4702 846 4782 species
870 4703 1044 4764 adulterata
1067 4709 1123 4762 est.
1169 4699 1313 4781 Sequitur
1336 4723 1407 4785 ergo

626 4790 818 4854 Problema
841 4791 896 4854 IX.
943 4791 996 4852 Ex
1018 4789 1147 4869 specie
1175 4789 1414 4855 instrumenti
1438 4812 1502 4854 eeu
1529 4792 1631 4853 radio
1660 4793 1898 4872 quantumvis

539 4880 753 4942 adulterato
783 4898 904 4941 ueram
932 4876 1031 4941 Solis
1060 4877 1281 4940 deficientis
1312 4883 1470 4963 speciem
1502 4881 1649 4943 elicere.
1697 4879 1899 4966 Conticuetur

540 4969 616 5031 enim
640 4968 781 5044 circulus,
811 4969 841 5030 in
866 4987 923 5048 quo
946 4967 1007 5030 tria
1029 4974 1142 5047 puncta
1165 4965 1288 5046 signata
1311 4980 1393 5046 sunt,
1419 4970 1538 5033 scilicet
1560 4970 1600 5044 H,
1622 4969 1659 5046 B,
1684 4971 1718 5045 F,
1743 4974 1810 5045 (rig.
1833 4976 1898 5041 tot)

539 5059 704 5121 constituto
728 5057 793 5136 ejus
817 5064 920 5119 centro
944 5057 980 5120 L.
1026 5055 1063 5115 Id
1087 5054 1146 5115 erit
1168 5054 1297 5121 Lunarie
1325 5061 1459 5141 corporis
1487 5067 1632 5121 centrum.
1678 5058 1754 5120 Inde
1778 5059 1819 5122 ad
1842 5059 1898 5121 LB

539 5153 707 5227 apponatur
729 5145 787 5208 BA
810 5144 1031 5208 semidiameter
1063 5143 1232 5217 fenestrae,
1264 5156 1296 5210 et
1318 5158 1421 5213 centro
1443 5147 1471 5210 L
1494 5147 1642 5211 distantia
1663 5146 1724 5211 LA
1745 5148 1899 5212 scribatur
