<?xml version="1.0" encoding="UTF-8"?>
<!DOCTYPE html PUBLIC "-//W3C//DTD XHTML 1.0 Transitional//EN"
    "http://www.w3.org/TR/xhtml1/DTD/xhtml1-transitional.dtd">
<html xmlns="http://www.w3.org/1999/xhtml" xml:lang="en" lang="en">
 <head>
  <title>
</title>
<meta http-equiv="Content-Type" content="text/html;charset=utf-8" />
  <meta name='ocr-system' content='tesseract 3.04.00' />
  <meta name='ocr-capabilities' content='ocr_page ocr_carea ocr_par ocr_line ocrx_word'/>
</head>
<body>
  <div class='ocr_page' id='page_1' title='image "./joanniskepleria02frisgoog_0286.png"; bbox 0 0 4584 6192; ppageno 0'>
   <div class='ocr_carea' id='block_1_1' title="bbox 968 555 1741 642">
    <p class='ocr_par' dir='ltr' id='par_1_1' title="bbox 968 555 1741 642">
     <span class='ocr_line' id='line_1_1' title="bbox 968 555 1741 642; baseline -0.006 -19"><span class='ocrx_word' id='word_1_1' title='bbox 968 571 1050 637; x_wconf 67' lang='lat' dir='ltr'>capue</span> <span class='ocrx_word' id='word_1_2' title='bbox 1068 570 1112 622; x_wconf 88' lang='lat' dir='ltr'>vr.</span> <span class='ocrx_word' id='word_1_3' title='bbox 1132 571 1156 623; x_wconf 83' lang='lat' dir='ltr'>a.</span> <span class='ocrx_word' id='word_1_4' title='bbox 1675 555 1741 642; x_wconf 63' lang='lat'>2³73</span> 
     </span>
    </p>
   </div>
   <div class='ocr_carea' id='block_1_2' title="bbox 381 743 1741 3684">
    <p class='ocr_par' dir='ltr' id='par_1_2' title="bbox 385 743 1740 917">
     <span class='ocr_line' id='line_1_2' title="bbox 385 743 1740 834; baseline 0.008 -29"><span class='ocrx_word' id='word_1_5' title='bbox 385 759 456 806; x_wconf 82' lang='lat' dir='ltr'>rem</span> <span class='ocrx_word' id='word_1_6' title='bbox 478 743 658 814; x_wconf 67' lang='lat' dir='ltr'>verteretur,</span> <span class='ocrx_word' id='word_1_7' title='bbox 683 746 894 809; x_wconf 87' lang='lat' dir='ltr'>meostmatim</span> <span class='ocrx_word' id='word_1_8' title='bbox 918 747 957 810; x_wconf 90' lang='lat' dir='ltr'>ad</span> <span class='ocrx_word' id='word_1_9' title='bbox 981 746 1082 811; x_wconf 86' lang='lat' dir='ltr'>Solem</span> <span class='ocrx_word' id='word_1_10' title='bbox 1106 769 1233 812; x_wconf 90' lang='lat' dir='ltr'>assans:</span> <span class='ocrx_word' id='word_1_11' title='bbox 1265 769 1300 811; x_wconf 91' lang='lat' dir='ltr'>eo</span> <span class='ocrx_word' id='word_1_12' title='bbox 1324 750 1386 811; x_wconf 88' lang='lat' dir='ltr'>fere</span> <span class='ocrx_word' id='word_1_13' title='bbox 1411 751 1513 827; x_wconf 90' lang='lat' dir='ltr'>modo,</span> <span class='ocrx_word' id='word_1_14' title='bbox 1539 772 1596 833; x_wconf 92' lang='lat' dir='ltr'>quo</span> <span class='ocrx_word' id='word_1_15' title='bbox 1621 750 1740 834; x_wconf 78' lang='lat' dir='ltr'>coper-</span> 
     </span>
     <span class='ocr_line' id='line_1_3' title="bbox 385 833 1663 917; baseline 0.005 -23"><span class='ocrx_word' id='word_1_16' title='bbox 385 834 467 895; x_wconf 88' lang='lat' dir='ltr'>nicus</span> <span class='ocrx_word' id='word_1_17' title='bbox 490 834 617 895; x_wconf 81' lang='lat' dir='ltr'>Terram</span> <span class='ocrx_word' id='word_1_18' title='bbox 640 833 679 894; x_wconf 90' lang='lat' dir='ltr'>nd</span> <span class='ocrx_word' id='word_1_19' title='bbox 703 833 814 906; x_wconf 89' lang='lat' dir='ltr'>Solem,</span> <span class='ocrx_word' id='word_1_20' title='bbox 841 856 894 897; x_wconf 92' lang='lat' dir='ltr'>cen</span> <span class='ocrx_word' id='word_1_21' title='bbox 919 838 956 898; x_wconf 92' lang='lat' dir='ltr'>ad</span> <span class='ocrx_word' id='word_1_22' title='bbox 981 838 1088 917; x_wconf 85' lang='lat' dir='ltr'>ignem,</span> <span class='ocrx_word' id='word_1_23' title='bbox 1115 838 1219 900; x_wconf 88' lang='lat' dir='ltr'>dietim</span> <span class='ocrx_word' id='word_1_24' title='bbox 1243 838 1378 901; x_wconf 87' lang='lat' dir='ltr'>converti</span> <span class='ocrx_word' id='word_1_25' title='bbox 1402 847 1433 900; x_wconf 94' lang='lat' dir='ltr'>et</span> <span class='ocrx_word' id='word_1_26' title='bbox 1456 841 1553 902; x_wconf 89' lang='lat' dir='ltr'>assari</span> <span class='ocrx_word' id='word_1_27' title='bbox 1578 841 1663 904; x_wconf 81' lang='lat' dir='ltr'>dixit.</span> 
     </span>
    </p>

    <p class='ocr_par' dir='ltr' id='par_1_3' title="bbox 381 922 1741 2339">
     <span class='ocr_line' id='line_1_4' title="bbox 469 922 1741 1011; baseline 0.008 -28"><span class='ocrx_word' id='word_1_28' title='bbox 469 922 557 984; x_wconf 86' lang='lat' dir='ltr'>Haec</span> <span class='ocrx_word' id='word_1_29' title='bbox 581 924 618 983; x_wconf 89' lang='lat' dir='ltr'>de</span> <span class='ocrx_word' id='word_1_30' title='bbox 642 922 858 985; x_wconf 77' lang='lat' dir='ltr'>illuminatione</span> <span class='ocrx_word' id='word_1_31' title='bbox 882 925 985 987; x_wconf 85' lang='lat' dir='ltr'>Lunae</span> <span class='ocrx_word' id='word_1_32' title='bbox 1010 927 1180 996; x_wconf 89' lang='lat' dir='ltr'>sententia,</span> <span class='ocrx_word' id='word_1_33' title='bbox 1206 928 1249 987; x_wconf 94' lang='lat' dir='ltr'>uti</span> <span class='ocrx_word' id='word_1_34' title='bbox 1274 936 1358 989; x_wconf 89' lang='lat' dir='ltr'>certa</span> <span class='ocrx_word' id='word_1_35' title='bbox 1382 936 1431 988; x_wconf 93' lang='lat' dir='ltr'>est</span> <span class='ocrx_word' id='word_1_36' title='bbox 1454 937 1598 1011; x_wconf 84' lang='lat' dir='ltr'>extraque</span> <span class='ocrx_word' id='word_1_37' title='bbox 1623 950 1741 993; x_wconf 91' lang='lat' dir='ltr'>omnem</span> 
     </span>
     <span class='ocr_line' id='line_1_5' title="bbox 384 1010 1738 1097; baseline 0.007 -26"><span class='ocrx_word' id='word_1_38' title='bbox 384 1010 578 1073; x_wconf 91' lang='lat' dir='ltr'>dubitationis</span> <span class='ocrx_word' id='word_1_39' title='bbox 593 1013 700 1084; x_wconf 89' lang='lat' dir='ltr'>aleam,</span> <span class='ocrx_word' id='word_1_40' title='bbox 725 1013 769 1074; x_wconf 91' lang='lat' dir='ltr'>ita</span> <span class='ocrx_word' id='word_1_41' title='bbox 784 1033 841 1075; x_wconf 91' lang='lat' dir='ltr'>nou</span> <span class='ocrx_word' id='word_1_42' title='bbox 858 1014 1025 1090; x_wconf 90' lang='lat' dir='ltr'>defuerunt,</span> <span class='ocrx_word' id='word_1_43' title='bbox 1052 1015 1101 1096; x_wconf 94' lang='lat' dir='ltr'>qui</span> <span class='ocrx_word' id='word_1_44' title='bbox 1117 1016 1226 1095; x_wconf 91' lang='lat' dir='ltr'>opticis</span> <span class='ocrx_word' id='word_1_45' title='bbox 1243 1017 1409 1078; x_wconf 89' lang='lat' dir='ltr'>rationibus</span> <span class='ocrx_word' id='word_1_46' title='bbox 1426 1018 1661 1097; x_wconf 90' lang='lat' dir='ltr'>impugnandam</span> <span class='ocrx_word' id='word_1_47' title='bbox 1680 1019 1738 1082; x_wconf 89' lang='lat' dir='ltr'>sibi</span> 
     </span>
     <span class='ocr_line' id='line_1_6' title="bbox 383 1098 1740 1183; baseline 0.007 -23"><span class='ocrx_word' id='word_1_48' title='bbox 383 1107 544 1162; x_wconf 79' lang='lat' dir='ltr'>sumerent.</span> <span class='ocrx_word' id='word_1_49' title='bbox 582 1098 715 1171; x_wconf 85' lang='lat' dir='ltr'>Quorum</span> <span class='ocrx_word' id='word_1_50' title='bbox 740 1103 892 1163; x_wconf 88' lang='lat' dir='ltr'>sententia</span> <span class='ocrx_word' id='word_1_51' title='bbox 915 1103 1001 1182; x_wconf 93' lang='lat' dir='ltr'>plene</span> <span class='ocrx_word' id='word_1_52' title='bbox 1026 1105 1182 1182; x_wconf 89' lang='lat' dir='ltr'>disputata</span> <span class='ocrx_word' id='word_1_53' title='bbox 1206 1113 1253 1165; x_wconf 91' lang='lat' dir='ltr'>est</span> <span class='ocrx_word' id='word_1_54' title='bbox 1282 1106 1361 1183; x_wconf 90' lang='lat' dir='ltr'>apud</span> <span class='ocrx_word' id='word_1_55' title='bbox 1383 1105 1576 1168; x_wconf 83' lang='lat' dir='ltr'>Plutarchum</span> <span class='ocrx_word' id='word_1_56' title='bbox 1601 1109 1638 1168; x_wconf 90' lang='lat' dir='ltr'>de</span> <span class='ocrx_word' id='word_1_57' title='bbox 1662 1108 1740 1169; x_wconf 91' lang='lat' dir='ltr'>facie</span> 
     </span>
     <span class='ocr_line' id='line_1_7' title="bbox 383 1188 1739 1273; baseline 0.006 -24"><span class='ocrx_word' id='word_1_58' title='bbox 383 1189 496 1264; x_wconf 87' lang='lat' dir='ltr'>Lunae,</span> <span class='ocrx_word' id='word_1_59' title='bbox 522 1196 554 1250; x_wconf 88' lang='lat' dir='ltr'>et</span> <span class='ocrx_word' id='word_1_60' title='bbox 577 1190 708 1268; x_wconf 91' lang='lat' dir='ltr'>repetita</span> <span class='ocrx_word' id='word_1_61' title='bbox 723 1210 741 1250; x_wconf 92' lang='lat' dir='ltr'>a</span> <span class='ocrx_word' id='word_1_62' title='bbox 756 1188 918 1252; x_wconf 83' lang='lat' dir='ltr'>Cleomede</span> <span class='ocrx_word' id='word_1_63' title='bbox 934 1192 984 1253; x_wconf 89' lang='lat' dir='ltr'>lib.</span> <span class='ocrx_word' id='word_1_64' title='bbox 1001 1192 1042 1254; x_wconf 89' lang='lat'>11.</span> <span class='ocrx_word' id='word_1_65' title='bbox 1063 1194 1215 1273; x_wconf 90' lang='lat' dir='ltr'>(quamvis</span> <span class='ocrx_word' id='word_1_66' title='bbox 1230 1194 1367 1272; x_wconf 84' lang='lat' dir='ltr'>Scaliger</span> <span class='ocrx_word' id='word_1_67' title='bbox 1386 1193 1462 1255; x_wconf 88' lang='lat' dir='ltr'>hanc</span> <span class='ocrx_word' id='word_1_68' title='bbox 1478 1196 1603 1257; x_wconf 91' lang='lat' dir='ltr'>eandem</span> <span class='ocrx_word' id='word_1_69' title='bbox 1618 1197 1739 1257; x_wconf 91' lang='lat' dir='ltr'>instan-</span> 
     </span>
     <span class='ocr_line' id='line_1_8' title="bbox 383 1277 1737 1362; baseline 0.008 -25"><span class='ocrx_word' id='word_1_70' title='bbox 383 1277 455 1338; x_wconf 87' lang='lat' dir='ltr'>tiam</span> <span class='ocrx_word' id='word_1_71' title='bbox 471 1277 570 1338; x_wconf 89' lang='lat' dir='ltr'>Arabi</span> <span class='ocrx_word' id='word_1_72' title='bbox 585 1277 712 1353; x_wconf 89' lang='lat' dir='ltr'>cuidam,</span> <span class='ocrx_word' id='word_1_73' title='bbox 733 1279 792 1340; x_wconf 89' lang='lat' dir='ltr'>filio</span> <span class='ocrx_word' id='word_1_74' title='bbox 808 1281 934 1341; x_wconf 86' lang='lat' dir='ltr'>Amram</span> <span class='ocrx_word' id='word_1_75' title='bbox 950 1281 1088 1353; x_wconf 86' lang='lat' dir='ltr'>tribuat).</span> <span class='ocrx_word' id='word_1_76' title='bbox 1114 1281 1146 1342; x_wconf 92' lang='lat' dir='ltr'>Si</span> <span class='ocrx_word' id='word_1_77' title='bbox 1163 1280 1229 1354; x_wconf 87' lang='lat' dir='ltr'>Sol,</span> <span class='ocrx_word' id='word_1_78' title='bbox 1256 1281 1399 1362; x_wconf 90' lang='lat' dir='ltr'>inquiunt,</span> <span class='ocrx_word' id='word_1_79' title='bbox 1415 1282 1519 1344; x_wconf 87' lang='lat' dir='ltr'>Lunae</span> <span class='ocrx_word' id='word_1_80' title='bbox 1543 1304 1629 1347; x_wconf 91' lang='lat' dir='ltr'>suam</span> <span class='ocrx_word' id='word_1_81' title='bbox 1653 1304 1737 1348; x_wconf 91' lang='lat' dir='ltr'>com-</span> 
     </span>
     <span class='ocr_line' id='line_1_9' title="bbox 382 1366 1738 1448; baseline 0.007 -21"><span class='ocrx_word' id='word_1_82' title='bbox 382 1366 513 1428; x_wconf 89' lang='lat' dir='ltr'>municat</span> <span class='ocrx_word' id='word_1_83' title='bbox 527 1366 632 1441; x_wconf 90' lang='lat' dir='ltr'>lucem,</span> <span class='ocrx_word' id='word_1_84' title='bbox 663 1366 693 1427; x_wconf 92' lang='lat' dir='ltr'>id</span> <span class='ocrx_word' id='word_1_85' title='bbox 717 1386 771 1446; x_wconf 93' lang='lat' dir='ltr'>per</span> <span class='ocrx_word' id='word_1_86' title='bbox 793 1387 1000 1448; x_wconf 87' lang='lat' dir='ltr'>repercussum</span> <span class='ocrx_word' id='word_1_87' title='bbox 1025 1371 1064 1430; x_wconf 92' lang='lat' dir='ltr'>ad</span> <span class='ocrx_word' id='word_1_88' title='bbox 1087 1390 1141 1431; x_wconf 91' lang='lat' dir='ltr'>nos</span> <span class='ocrx_word' id='word_1_89' title='bbox 1162 1370 1353 1444; x_wconf 79' lang='lat' dir='ltr'>derivabitur,</span> <span class='ocrx_word' id='word_1_90' title='bbox 1378 1379 1412 1431; x_wconf 92' lang='lat' dir='ltr'>ut</span> <span class='ocrx_word' id='word_1_91' title='bbox 1435 1390 1493 1432; x_wconf 94' lang='lat' dir='ltr'>non</span> <span class='ocrx_word' id='word_1_92' title='bbox 1510 1373 1613 1434; x_wconf 90' lang='lat' dir='ltr'>Lunae</span> <span class='ocrx_word' id='word_1_93' title='bbox 1638 1375 1738 1436; x_wconf 91' lang='lat' dir='ltr'>lumen</span> 
     </span>
     <span class='ocr_line' id='line_1_10' title="bbox 382 1454 1736 1539; baseline 0.007 -23"><span class='ocrx_word' id='word_1_94' title='bbox 382 1474 547 1530; x_wconf 86' lang='lat' dir='ltr'>cemamns,</span> <span class='ocrx_word' id='word_1_95' title='bbox 572 1456 628 1516; x_wconf 88' lang='lat' dir='ltr'>sed</span> <span class='ocrx_word' id='word_1_96' title='bbox 651 1454 680 1515; x_wconf 89' lang='lat' dir='ltr'>ln</span> <span class='ocrx_word' id='word_1_97' title='bbox 696 1456 812 1517; x_wconf 89' lang='lat' dir='ltr'>Lunam</span> <span class='ocrx_word' id='word_1_98' title='bbox 836 1457 958 1520; x_wconf 90' lang='lat' dir='ltr'>directis</span> <span class='ocrx_word' id='word_1_99' title='bbox 982 1459 1075 1520; x_wconf 91' lang='lat' dir='ltr'>oculis</span> <span class='ocrx_word' id='word_1_100' title='bbox 1092 1457 1173 1520; x_wconf 87' lang='lat' dir='ltr'>Solis</span> <span class='ocrx_word' id='word_1_101' title='bbox 1198 1460 1291 1538; x_wconf 90' lang='lat' dir='ltr'>ipsius</span> <span class='ocrx_word' id='word_1_102' title='bbox 1315 1460 1416 1520; x_wconf 91' lang='lat' dir='ltr'>radios</span> <span class='ocrx_word' id='word_1_103' title='bbox 1436 1461 1629 1539; x_wconf 88' lang='lat' dir='ltr'>excipiamus.</span> <span class='ocrx_word' id='word_1_104' title='bbox 1669 1460 1736 1532; x_wconf 84' lang='lat' dir='ltr'>Quo</span> 
     </span>
     <span class='ocr_line' id='line_1_11' title="bbox 382 1545 1736 1627; baseline 0.005 -22"><span class='ocrx_word' id='word_1_105' title='bbox 382 1562 525 1606; x_wconf 88' lang='lat' dir='ltr'>concesso</span> <span class='ocrx_word' id='word_1_106' title='bbox 550 1553 705 1625; x_wconf 89' lang='lat' dir='ltr'>sequetur,</span> <span class='ocrx_word' id='word_1_107' title='bbox 735 1545 852 1607; x_wconf 91' lang='lat' dir='ltr'>Lunam</span> <span class='ocrx_word' id='word_1_108' title='bbox 875 1567 943 1608; x_wconf 88' lang='lat' dir='ltr'>esse</span> <span class='ocrx_word' id='word_1_109' title='bbox 967 1548 1118 1627; x_wconf 91' lang='lat' dir='ltr'>speculum</span> <span class='ocrx_word' id='word_1_110' title='bbox 1142 1566 1316 1610; x_wconf 87' lang='lat' dir='ltr'>convexum.</span> <span class='ocrx_word' id='word_1_111' title='bbox 1366 1546 1466 1618; x_wconf 85' lang='lat' dir='ltr'>Quare</span> <span class='ocrx_word' id='word_1_112' title='bbox 1490 1550 1519 1609; x_wconf 92' lang='lat' dir='ltr'>in</span> <span class='ocrx_word' id='word_1_113' title='bbox 1544 1550 1630 1611; x_wconf 89' lang='lat' dir='ltr'>Luna</span> <span class='ocrx_word' id='word_1_114' title='bbox 1653 1549 1736 1612; x_wconf 88' lang='lat' dir='ltr'>Solis</span> 
     </span>
     <span class='ocr_line' id='line_1_12' title="bbox 383 1633 1734 1715; baseline 0.005 -23"><span class='ocrx_word' id='word_1_115' title='bbox 383 1633 541 1713; x_wconf 81' lang='lat' dir='ltr'>imaginem</span> <span class='ocrx_word' id='word_1_116' title='bbox 559 1650 724 1694; x_wconf 87' lang='lat' dir='ltr'>cernemus.</span> <span class='ocrx_word' id='word_1_117' title='bbox 749 1634 913 1696; x_wconf 91' lang='lat' dir='ltr'>Praeterea</span> <span class='ocrx_word' id='word_1_118' title='bbox 936 1655 994 1696; x_wconf 92' lang='lat' dir='ltr'>non</span> <span class='ocrx_word' id='word_1_119' title='bbox 1019 1636 1075 1697; x_wconf 92' lang='lat' dir='ltr'>erit</span> <span class='ocrx_word' id='word_1_120' title='bbox 1093 1636 1246 1715; x_wconf 92' lang='lat' dir='ltr'>possibile,</span> <span class='ocrx_word' id='word_1_121' title='bbox 1272 1644 1306 1698; x_wconf 95' lang='lat' dir='ltr'>ut</span> <span class='ocrx_word' id='word_1_122' title='bbox 1327 1637 1376 1696; x_wconf 88' lang='lat' dir='ltr'>vel</span> <span class='ocrx_word' id='word_1_123' title='bbox 1399 1636 1429 1697; x_wconf 93' lang='lat' dir='ltr'>in</span> <span class='ocrx_word' id='word_1_124' title='bbox 1452 1645 1517 1698; x_wconf 90' lang='lat' dir='ltr'>toto</span> <span class='ocrx_word' id='word_1_125' title='bbox 1539 1639 1587 1699; x_wconf 95' lang='lat' dir='ltr'>vel</span> <span class='ocrx_word' id='word_1_126' title='bbox 1609 1638 1639 1700; x_wconf 94' lang='lat' dir='ltr'>in</span> <span class='ocrx_word' id='word_1_127' title='bbox 1655 1638 1734 1699; x_wconf 91' lang='lat' dir='ltr'>divi-</span> 
     </span>
     <span class='ocr_line' id='line_1_13' title="bbox 382 1721 1733 1802; baseline 0.005 -21"><span class='ocrx_word' id='word_1_128' title='bbox 382 1722 457 1782; x_wconf 90' lang='lat' dir='ltr'>duae</span> <span class='ocrx_word' id='word_1_129' title='bbox 471 1721 577 1783; x_wconf 90' lang='lat' dir='ltr'>Lunae</span> <span class='ocrx_word' id='word_1_130' title='bbox 602 1722 758 1783; x_wconf 90' lang='lat' dir='ltr'>dimidiato</span> <span class='ocrx_word' id='word_1_131' title='bbox 782 1741 904 1802; x_wconf 91' lang='lat' dir='ltr'>corpore</span> <span class='ocrx_word' id='word_1_132' title='bbox 920 1724 1001 1786; x_wconf 91' lang='lat' dir='ltr'>Solis</span> <span class='ocrx_word' id='word_1_133' title='bbox 1025 1726 1126 1786; x_wconf 88' lang='lat' dir='ltr'>radios</span> <span class='ocrx_word' id='word_1_134' title='bbox 1151 1725 1343 1786; x_wconf 81' lang='lat' dir='ltr'>circumcirca</span> <span class='ocrx_word' id='word_1_135' title='bbox 1366 1744 1530 1787; x_wconf 89' lang='lat' dir='ltr'>cernamus.</span> <span class='ocrx_word' id='word_1_136' title='bbox 1565 1726 1632 1788; x_wconf 87' lang='lat' dir='ltr'>Lex</span> <span class='ocrx_word' id='word_1_137' title='bbox 1655 1728 1733 1788; x_wconf 91' lang='lat' dir='ltr'>enim</span> 
     </span>
     <span class='ocr_line' id='line_1_14' title="bbox 381 1810 1733 1896; baseline 0.003 -24"><span class='ocrx_word' id='word_1_138' title='bbox 381 1829 574 1892; x_wconf 85' lang='lat' dir='ltr'>repercussus</span> <span class='ocrx_word' id='word_1_139' title='bbox 597 1810 672 1871; x_wconf 90' lang='lat' dir='ltr'>haec</span> <span class='ocrx_word' id='word_1_140' title='bbox 696 1819 752 1885; x_wconf 91' lang='lat' dir='ltr'>est,</span> <span class='ocrx_word' id='word_1_141' title='bbox 778 1820 811 1872; x_wconf 93' lang='lat' dir='ltr'>ut</span> <span class='ocrx_word' id='word_1_142' title='bbox 835 1813 871 1873; x_wconf 90' lang='lat' dir='ltr'>ab</span> <span class='ocrx_word' id='word_1_143' title='bbox 895 1813 946 1874; x_wconf 91' lang='lat' dir='ltr'>illo</span> <span class='ocrx_word' id='word_1_144' title='bbox 971 1814 1056 1873; x_wconf 90' lang='lat' dir='ltr'>unico</span> <span class='ocrx_word' id='word_1_145' title='bbox 1079 1821 1191 1893; x_wconf 90' lang='lat' dir='ltr'>puncto</span> <span class='ocrx_word' id='word_1_146' title='bbox 1215 1814 1347 1893; x_wconf 90' lang='lat' dir='ltr'>corporis</span> <span class='ocrx_word' id='word_1_147' title='bbox 1371 1815 1433 1888; x_wconf 86' lang='lat' dir='ltr'>fiat,</span> <span class='ocrx_word' id='word_1_148' title='bbox 1458 1814 1508 1876; x_wconf 91' lang='lat' dir='ltr'>ubi</span> <span class='ocrx_word' id='word_1_149' title='bbox 1524 1814 1633 1895; x_wconf 91' lang='lat' dir='ltr'>anguli,</span> <span class='ocrx_word' id='word_1_150' title='bbox 1659 1834 1733 1896; x_wconf 89' lang='lat' dir='ltr'>quos</span> 
     </span>
     <span class='ocr_line' id='line_1_15' title="bbox 382 1899 1732 1985; baseline 0.004 -24"><span class='ocrx_word' id='word_1_151' title='bbox 382 1899 455 1961; x_wconf 89' lang='lat' dir='ltr'>radii</span> <span class='ocrx_word' id='word_1_152' title='bbox 480 1909 514 1962; x_wconf 90' lang='lat' dir='ltr'>et</span> <span class='ocrx_word' id='word_1_153' title='bbox 535 1901 662 1979; x_wconf 87' lang='lat' dir='ltr'>illapsus</span> <span class='ocrx_word' id='word_1_154' title='bbox 687 1908 717 1961; x_wconf 90' lang='lat' dir='ltr'>et</span> <span class='ocrx_word' id='word_1_155' title='bbox 740 1919 932 1978; x_wconf 88' lang='lat' dir='ltr'>repercussus</span> <span class='ocrx_word' id='word_1_156' title='bbox 957 1920 1022 1962; x_wconf 89' lang='lat' dir='ltr'>cum</span> <span class='ocrx_word' id='word_1_157' title='bbox 1046 1904 1177 1982; x_wconf 87' lang='lat' dir='ltr'>sphaera</span> <span class='ocrx_word' id='word_1_158' title='bbox 1200 1903 1323 1975; x_wconf 91' lang='lat' dir='ltr'>faciunt,</span> <span class='ocrx_word' id='word_1_159' title='bbox 1348 1912 1475 1982; x_wconf 91' lang='lat' dir='ltr'>possunt</span> <span class='ocrx_word' id='word_1_160' title='bbox 1498 1923 1565 1964; x_wconf 90' lang='lat' dir='ltr'>esse</span> <span class='ocrx_word' id='word_1_161' title='bbox 1580 1906 1732 1985; x_wconf 78' lang='lat' dir='ltr'>aequales.</span> 
     </span>
     <span class='ocr_line' id='line_1_16' title="bbox 382 1987 1733 2071; baseline 0 -18"><span class='ocrx_word' id='word_1_162' title='bbox 382 1987 456 2053; x_wconf 85' lang='lat' dir='ltr'>Cum</span> <span class='ocrx_word' id='word_1_163' title='bbox 479 1990 582 2070; x_wconf 88' lang='lat' dir='ltr'>itaque</span> <span class='ocrx_word' id='word_1_164' title='bbox 606 2008 701 2070; x_wconf 89' lang='lat' dir='ltr'>neque</span> <span class='ocrx_word' id='word_1_165' title='bbox 726 1987 807 2051; x_wconf 88' lang='lat' dir='ltr'>Solis</span> <span class='ocrx_word' id='word_1_166' title='bbox 832 1990 990 2070; x_wconf 82' lang='lat' dir='ltr'>imaginem</span> <span class='ocrx_word' id='word_1_167' title='bbox 1013 1992 1041 2051; x_wconf 93' lang='lat' dir='ltr'>in</span> <span class='ocrx_word' id='word_1_168' title='bbox 1067 1992 1154 2052; x_wconf 92' lang='lat' dir='ltr'>Luna</span> <span class='ocrx_word' id='word_1_169' title='bbox 1177 2010 1346 2063; x_wconf 86' lang='lat' dir='ltr'>cernamus,</span> <span class='ocrx_word' id='word_1_170' title='bbox 1377 2010 1470 2071; x_wconf 91' lang='lat' dir='ltr'>neque</span> <span class='ocrx_word' id='word_1_171' title='bbox 1494 1992 1547 2053; x_wconf 89' lang='lat' dir='ltr'>illa</span> <span class='ocrx_word' id='word_1_172' title='bbox 1570 2012 1626 2054; x_wconf 93' lang='lat' dir='ltr'>uno</span> <span class='ocrx_word' id='word_1_173' title='bbox 1651 2000 1733 2055; x_wconf 91' lang='lat' dir='ltr'>certo</span> 
     </span>
     <span class='ocr_line' id='line_1_17' title="bbox 382 2080 1733 2160; baseline 0.001 -19"><span class='ocrx_word' id='word_1_174' title='bbox 382 2082 454 2148; x_wconf 86' lang='lat' dir='ltr'>loco,</span> <span class='ocrx_word' id='word_1_175' title='bbox 479 2080 510 2140; x_wconf 93' lang='lat' dir='ltr'>in</span> <span class='ocrx_word' id='word_1_176' title='bbox 534 2098 592 2159; x_wconf 93' lang='lat' dir='ltr'>quo</span> <span class='ocrx_word' id='word_1_177' title='bbox 610 2086 715 2158; x_wconf 90' lang='lat' dir='ltr'>potest</span> <span class='ocrx_word' id='word_1_178' title='bbox 738 2096 804 2139; x_wconf 90' lang='lat' dir='ltr'>esse</span> <span class='ocrx_word' id='word_1_179' title='bbox 825 2081 999 2159; x_wconf 91' lang='lat' dir='ltr'>angulomm</span> <span class='ocrx_word' id='word_1_180' title='bbox 1015 2081 1193 2160; x_wconf 85' lang='lat' dir='ltr'>aequalitas,</span> <span class='ocrx_word' id='word_1_181' title='bbox 1217 2080 1392 2152; x_wconf 85' lang='lat' dir='ltr'>illustretur,</span> <span class='ocrx_word' id='word_1_182' title='bbox 1418 2080 1471 2141; x_wconf 93' lang='lat' dir='ltr'>sed</span> <span class='ocrx_word' id='word_1_183' title='bbox 1495 2080 1644 2143; x_wconf 89' lang='lat' dir='ltr'>interdum</span> <span class='ocrx_word' id='word_1_184' title='bbox 1667 2089 1733 2142; x_wconf 92' lang='lat' dir='ltr'>toto</span> 
     </span>
     <span class='ocr_line' id='line_1_18' title="bbox 381 2168 1736 2249; baseline 0.001 -19"><span class='ocrx_word' id='word_1_185' title='bbox 381 2187 525 2249; x_wconf 89' lang='lat' dir='ltr'>corpore,</span> <span class='ocrx_word' id='word_1_186' title='bbox 549 2168 697 2229; x_wconf 89' lang='lat' dir='ltr'>interdum</span> <span class='ocrx_word' id='word_1_187' title='bbox 731 2168 904 2239; x_wconf 89' lang='lat' dir='ltr'>dimidiata,</span> <span class='ocrx_word' id='word_1_188' title='bbox 934 2169 1083 2229; x_wconf 90' lang='lat' dir='ltr'>interdum</span> <span class='ocrx_word' id='word_1_189' title='bbox 1115 2177 1146 2229; x_wconf 91' lang='lat' dir='ltr'>et</span> <span class='ocrx_word' id='word_1_190' title='bbox 1179 2168 1207 2229; x_wconf 91' lang='lat' dir='ltr'>in</span> <span class='ocrx_word' id='word_1_191' title='bbox 1238 2168 1380 2229; x_wconf 83' lang='lat' dir='ltr'>extremis</span> <span class='ocrx_word' id='word_1_192' title='bbox 1414 2168 1596 2248; x_wconf 84' lang='lat' dir='ltr'>marginibus</span> <span class='ocrx_word' id='word_1_193' title='bbox 1621 2170 1736 2231; x_wconf 85' lang='lat' dir='ltr'>falcata</span> 
     </span>
     <span class='ocr_line' id='line_1_19' title="bbox 382 2255 1733 2339; baseline 0.002 -21"><span class='ocrx_word' id='word_1_194' title='bbox 382 2264 546 2339; x_wconf 86' lang='lat' dir='ltr'>appareat,</span> <span class='ocrx_word' id='word_1_195' title='bbox 581 2257 665 2337; x_wconf 90' lang='lat' dir='ltr'>sequi</span> <span class='ocrx_word' id='word_1_196' title='bbox 690 2256 884 2330; x_wconf 84' lang='lat' dir='ltr'>existimant,</span> <span class='ocrx_word' id='word_1_197' title='bbox 909 2266 942 2319; x_wconf 92' lang='lat' dir='ltr'>ut</span> <span class='ocrx_word' id='word_1_198' title='bbox 965 2258 1052 2318; x_wconf 90' lang='lat' dir='ltr'>Luna</span> <span class='ocrx_word' id='word_1_199' title='bbox 1075 2277 1131 2318; x_wconf 91' lang='lat' dir='ltr'>non</span> <span class='ocrx_word' id='word_1_200' title='bbox 1157 2258 1257 2318; x_wconf 91' lang='lat' dir='ltr'>luceat</span> <span class='ocrx_word' id='word_1_201' title='bbox 1279 2257 1372 2317; x_wconf 89' lang='lat' dir='ltr'>radiis</span> <span class='ocrx_word' id='word_1_202' title='bbox 1397 2277 1415 2317; x_wconf 92' lang='lat' dir='ltr'>a</span> <span class='ocrx_word' id='word_1_203' title='bbox 1439 2255 1510 2318; x_wconf 90' lang='lat' dir='ltr'>Sole</span> <span class='ocrx_word' id='word_1_204' title='bbox 1534 2257 1733 2321; x_wconf 90' lang='lat' dir='ltr'>venientibus.</span> 
     </span>
    </p>

    <p class='ocr_par' dir='ltr' id='par_1_4' title="bbox 383 2344 1740 2955">
     <span class='ocr_line' id='line_1_20' title="bbox 468 2344 1735 2425; baseline 0 -17"><span class='ocrx_word' id='word_1_205' title='bbox 468 2344 589 2408; x_wconf 88' lang='lat' dir='ltr'>Poterit</span> <span class='ocrx_word' id='word_1_206' title='bbox 612 2346 686 2407; x_wconf 87' lang='lat' dir='ltr'>haec</span> <span class='ocrx_word' id='word_1_207' title='bbox 710 2345 855 2406; x_wconf 91' lang='lat' dir='ltr'>instantia</span> <span class='ocrx_word' id='word_1_208' title='bbox 879 2346 1031 2425; x_wconf 85' lang='lat' dir='ltr'>negotium</span> <span class='ocrx_word' id='word_1_209' title='bbox 1054 2346 1097 2406; x_wconf 94' lang='lat' dir='ltr'>illi</span> <span class='ocrx_word' id='word_1_210' title='bbox 1113 2347 1274 2419; x_wconf 88' lang='lat' dir='ltr'>facessere,</span> <span class='ocrx_word' id='word_1_211' title='bbox 1299 2345 1349 2425; x_wconf 94' lang='lat' dir='ltr'>qui</span> <span class='ocrx_word' id='word_1_212' title='bbox 1372 2364 1489 2408; x_wconf 90' lang='lat' dir='ltr'>omnem</span> <span class='ocrx_word' id='word_1_213' title='bbox 1504 2346 1623 2408; x_wconf 91' lang='lat' dir='ltr'>omniuo</span> <span class='ocrx_word' id='word_1_214' title='bbox 1637 2348 1735 2409; x_wconf 91' lang='lat' dir='ltr'>lucem</span> 
     </span>
     <span class='ocr_line' id='line_1_21' title="bbox 383 2434 1735 2516; baseline 0.002 -21"><span class='ocrx_word' id='word_1_215' title='bbox 383 2436 409 2497; x_wconf 89' lang='lat' dir='ltr'>iu</span> <span class='ocrx_word' id='word_1_216' title='bbox 432 2435 594 2508; x_wconf 86' lang='lat' dir='ltr'>directam,</span> <span class='ocrx_word' id='word_1_217' title='bbox 627 2452 835 2513; x_wconf 87' lang='lat' dir='ltr'>repercussam</span> <span class='ocrx_word' id='word_1_218' title='bbox 870 2445 900 2495; x_wconf 91' lang='lat' dir='ltr'>et</span> <span class='ocrx_word' id='word_1_219' title='bbox 932 2436 1094 2496; x_wconf 87' lang='lat' dir='ltr'>refractam</span> <span class='ocrx_word' id='word_1_220' title='bbox 1120 2434 1286 2507; x_wconf 88' lang='lat' dir='ltr'>distribuit,</span> <span class='ocrx_word' id='word_1_221' title='bbox 1323 2444 1460 2514; x_wconf 88' lang='lat' dir='ltr'>quartam</span> <span class='ocrx_word' id='word_1_222' title='bbox 1494 2455 1553 2496; x_wconf 92' lang='lat' dir='ltr'>non</span> <span class='ocrx_word' id='word_1_223' title='bbox 1586 2435 1735 2516; x_wconf 88' lang='lat' dir='ltr'>agnoscit.</span> 
     </span>
     <span class='ocr_line' id='line_1_22' title="bbox 385 2521 1736 2605; baseline -0.002 -15"><span class='ocrx_word' id='word_1_224' title='bbox 385 2529 453 2590; x_wconf 87' lang='lat' dir='ltr'>lude</span> <span class='ocrx_word' id='word_1_225' title='bbox 468 2534 527 2601; x_wconf 88' lang='lat' dir='ltr'>est,</span> <span class='ocrx_word' id='word_1_226' title='bbox 553 2524 631 2605; x_wconf 94' lang='lat' dir='ltr'>qnod</span> <span class='ocrx_word' id='word_1_227' title='bbox 647 2521 824 2586; x_wconf 85' lang='lat' dir='ltr'>Cleomedes</span> <span class='ocrx_word' id='word_1_228' title='bbox 848 2532 991 2603; x_wconf 90' lang='lat' dir='ltr'>tanquam</span> <span class='ocrx_word' id='word_1_229' title='bbox 1014 2524 1043 2584; x_wconf 94' lang='lat' dir='ltr'>in</span> <span class='ocrx_word' id='word_1_230' title='bbox 1068 2523 1225 2602; x_wconf 87' lang='lat' dir='ltr'>augustius</span> <span class='ocrx_word' id='word_1_231' title='bbox 1249 2524 1388 2584; x_wconf 88' lang='lat' dir='ltr'>redactus</span> <span class='ocrx_word' id='word_1_232' title='bbox 1403 2524 1554 2585; x_wconf 89' lang='lat' dir='ltr'>concludit</span> <span class='ocrx_word' id='word_1_233' title='bbox 1567 2543 1736 2605; x_wconf 86' lang='lat' dir='ltr'>perperam,</span> 
     </span>
     <span class='ocr_line' id='line_1_23' title="bbox 384 2611 1736 2694; baseline -0.004 -14"><span class='ocrx_word' id='word_1_234' title='bbox 384 2618 491 2679; x_wconf 89' lang='lat' dir='ltr'>habere</span> <span class='ocrx_word' id='word_1_235' title='bbox 515 2615 636 2676; x_wconf 91' lang='lat' dir='ltr'>Lunam</span> <span class='ocrx_word' id='word_1_236' title='bbox 659 2612 750 2674; x_wconf 90' lang='lat' dir='ltr'>etiam</span> <span class='ocrx_word' id='word_1_237' title='bbox 773 2612 924 2693; x_wconf 91' lang='lat' dir='ltr'>proprium</span> <span class='ocrx_word' id='word_1_238' title='bbox 948 2613 1057 2685; x_wconf 92' lang='lat' dir='ltr'>lumen,</span> <span class='ocrx_word' id='word_1_239' title='bbox 1083 2614 1160 2693; x_wconf 94' lang='lat' dir='ltr'>quod</span> <span class='ocrx_word' id='word_1_240' title='bbox 1185 2612 1332 2673; x_wconf 81' lang='lat' dir='ltr'>excitetur</span> <span class='ocrx_word' id='word_1_241' title='bbox 1356 2611 1503 2686; x_wconf 86' lang='lat' dir='ltr'>aSolari,</span> <span class='ocrx_word' id='word_1_242' title='bbox 1528 2632 1588 2694; x_wconf 90' lang='lat' dir='ltr'>qua</span> <span class='ocrx_word' id='word_1_243' title='bbox 1612 2634 1647 2677; x_wconf 94' lang='lat' dir='ltr'>eo</span> <span class='ocrx_word' id='word_1_244' title='bbox 1662 2633 1736 2676; x_wconf 88' lang='lat' dir='ltr'>con·-</span> 
     </span>
     <span class='ocr_line' id='line_1_24' title="bbox 385 2701 1740 2787; baseline -0.004 -19"><span class='ocrx_word' id='word_1_245' title='bbox 385 2706 517 2787; x_wconf 90' lang='lat' dir='ltr'>tingitnr.</span> <span class='ocrx_word' id='word_1_246' title='bbox 570 2702 750 2765; x_wconf 87' lang='lat' dir='ltr'>Plutarchus</span> <span class='ocrx_word' id='word_1_247' title='bbox 782 2721 852 2763; x_wconf 90' lang='lat' dir='ltr'>vero</span> <span class='ocrx_word' id='word_1_248' title='bbox 886 2702 947 2762; x_wconf 92' lang='lat' dir='ltr'>alia</span> <span class='ocrx_word' id='word_1_249' title='bbox 976 2701 1133 2780; x_wconf 90' lang='lat' dir='ltr'>illegitima</span> <span class='ocrx_word' id='word_1_250' title='bbox 1166 2702 1283 2781; x_wconf 89' lang='lat' dir='ltr'>quaerit</span> <span class='ocrx_word' id='word_1_251' title='bbox 1312 2701 1429 2776; x_wconf 87' lang='lat' dir='ltr'>effugia.</span> <span class='ocrx_word' id='word_1_252' title='bbox 1480 2703 1525 2763; x_wconf 85' lang='lat' dir='ltr'>At</span> <span class='ocrx_word' id='word_1_253' title='bbox 1557 2722 1613 2783; x_wconf 90' lang='lat' dir='ltr'>ego</span> <span class='ocrx_word' id='word_1_254' title='bbox 1648 2721 1740 2782; x_wconf 88' lang='lat' dir='ltr'>supra</span> 
     </span>
     <span class='ocr_line' id='line_1_25' title="bbox 385 2788 1734 2872; baseline -0.004 -15"><span class='ocrx_word' id='word_1_255' title='bbox 385 2795 549 2857; x_wconf 90' lang='lat' dir='ltr'>rationibus</span> <span class='ocrx_word' id='word_1_256' title='bbox 573 2791 763 2854; x_wconf 84' lang='lat' dir='ltr'>evidentibus</span> <span class='ocrx_word' id='word_1_257' title='bbox 787 2809 853 2869; x_wconf 89' lang='lat' dir='ltr'>cap.</span> <span class='ocrx_word' id='word_1_258' title='bbox 869 2792 894 2851; x_wconf 92' lang='lat' dir='ltr'>I.</span> <span class='ocrx_word' id='word_1_259' title='bbox 918 2810 961 2871; x_wconf 89' lang='lat' dir='ltr'>pr.</span> <span class='ocrx_word' id='word_1_260' title='bbox 977 2788 1030 2853; x_wconf 86' lang='grc'>22.</span> <span class='ocrx_word' id='word_1_261' title='bbox 1056 2797 1195 2870; x_wconf 91' lang='lat' dir='ltr'>quartam</span> <span class='ocrx_word' id='word_1_262' title='bbox 1214 2790 1287 2851; x_wconf 90' lang='lat' dir='ltr'>lucis</span> <span class='ocrx_word' id='word_1_263' title='bbox 1303 2790 1443 2869; x_wconf 92' lang='lat' dir='ltr'>speciem,</span> <span class='ocrx_word' id='word_1_264' title='bbox 1469 2800 1565 2852; x_wconf 90' lang='lat' dir='ltr'>ortam</span> <span class='ocrx_word' id='word_1_265' title='bbox 1590 2815 1609 2853; x_wconf 92' lang='lat' dir='ltr'>a</span> <span class='ocrx_word' id='word_1_266' title='bbox 1631 2811 1734 2872; x_wconf 90' lang='lat' dir='ltr'>reper-</span> 
     </span>
     <span class='ocr_line' id='line_1_26' title="bbox 385 2879 1601 2955; baseline -0.004 -8"><span class='ocrx_word' id='word_1_267' title='bbox 385 2904 471 2947; x_wconf 86' lang='lat' dir='ltr'>cussa</span> <span class='ocrx_word' id='word_1_268' title='bbox 493 2891 526 2944; x_wconf 89' lang='lat' dir='ltr'>et</span> <span class='ocrx_word' id='word_1_269' title='bbox 548 2882 690 2955; x_wconf 83' lang='lat' dir='ltr'>refracta,</span> <span class='ocrx_word' id='word_1_270' title='bbox 716 2880 875 2953; x_wconf 77' lang='lat' dir='ltr'>introduxi,</span> <span class='ocrx_word' id='word_1_271' title='bbox 902 2880 947 2940; x_wconf 91' lang='lat' dir='ltr'>cui</span> <span class='ocrx_word' id='word_1_272' title='bbox 972 2898 1080 2940; x_wconf 92' lang='lat' dir='ltr'>nomen</span> <span class='ocrx_word' id='word_1_273' title='bbox 1105 2879 1342 2940; x_wconf 87' lang='lat' dir='ltr'>communicatae</span> <span class='ocrx_word' id='word_1_274' title='bbox 1367 2879 1442 2941; x_wconf 91' lang='lat' dir='ltr'>lucis</span> <span class='ocrx_word' id='word_1_275' title='bbox 1466 2880 1601 2942; x_wconf 87' lang='lat' dir='ltr'>attribui.</span> 
     </span>
    </p>

    <p class='ocr_par' dir='ltr' id='par_1_5' title="bbox 385 2966 1741 3684">
     <span class='ocr_line' id='line_1_27' title="bbox 469 2966 1737 3047; baseline -0.006 -11"><span class='ocrx_word' id='word_1_276' title='bbox 469 2971 574 3045; x_wconf 87' lang='lat' dir='ltr'>Quare</span> <span class='ocrx_word' id='word_1_277' title='bbox 598 2971 657 3033; x_wconf 92' lang='lat' dir='ltr'>etsi</span> <span class='ocrx_word' id='word_1_278' title='bbox 680 2968 726 3029; x_wconf 91' lang='lat' dir='ltr'>his</span> <span class='ocrx_word' id='word_1_279' title='bbox 746 2969 811 3047; x_wconf 89' lang='lat' dir='ltr'>jam</span> <span class='ocrx_word' id='word_1_280' title='bbox 836 2968 984 3046; x_wconf 89' lang='lat' dir='ltr'>expeditis</span> <span class='ocrx_word' id='word_1_281' title='bbox 1004 2968 1170 3029; x_wconf 86' lang='lat' dir='ltr'>rationibus</span> <span class='ocrx_word' id='word_1_282' title='bbox 1191 2968 1346 3029; x_wconf 87' lang='lat' dir='ltr'>verissime</span> <span class='ocrx_word' id='word_1_283' title='bbox 1366 2966 1520 3043; x_wconf 90' lang='lat' dir='ltr'>evincitur,</span> <span class='ocrx_word' id='word_1_284' title='bbox 1545 2969 1662 3030; x_wconf 92' lang='lat' dir='ltr'>Lunam</span> <span class='ocrx_word' id='word_1_285' title='bbox 1681 2987 1737 3029; x_wconf 91' lang='lat' dir='ltr'>uon</span> 
     </span>
     <span class='ocr_line' id='line_1_28' title="bbox 385 3056 1737 3141; baseline -0.007 -15"><span class='ocrx_word' id='word_1_286' title='bbox 385 3065 423 3126; x_wconf 86' lang='lat' dir='ltr'>uti</span> <span class='ocrx_word' id='word_1_287' title='bbox 447 3064 515 3126; x_wconf 87' lang='lat' dir='ltr'>luce</span> <span class='ocrx_word' id='word_1_288' title='bbox 540 3081 578 3123; x_wconf 89' lang='lat' dir='ltr'>ex</span> <span class='ocrx_word' id='word_1_289' title='bbox 592 3059 663 3123; x_wconf 90' lang='lat' dir='ltr'>Sole</span> <span class='ocrx_word' id='word_1_290' title='bbox 687 3057 862 3136; x_wconf 90' lang='lat' dir='ltr'>simpliciter</span> <span class='ocrx_word' id='word_1_291' title='bbox 885 3075 1080 3141; x_wconf 88' lang='lat' dir='ltr'>repercussa,</span> <span class='ocrx_word' id='word_1_292' title='bbox 1105 3064 1203 3117; x_wconf 89' lang='lat' dir='ltr'>restat</span> <span class='ocrx_word' id='word_1_293' title='bbox 1222 3064 1323 3117; x_wconf 90' lang='lat' dir='ltr'>tamen</span> <span class='ocrx_word' id='word_1_294' title='bbox 1348 3064 1456 3137; x_wconf 91' lang='lat' dir='ltr'>quarta</span> <span class='ocrx_word' id='word_1_295' title='bbox 1478 3057 1553 3118; x_wconf 90' lang='lat' dir='ltr'>haec</span> <span class='ocrx_word' id='word_1_296' title='bbox 1572 3056 1737 3120; x_wconf 90' lang='lat' dir='ltr'>communi-</span> 
     </span>
     <span class='ocr_line' id='line_1_29' title="bbox 385 3144 1735 3229; baseline -0.01 -11"><span class='ocrx_word' id='word_1_297' title='bbox 385 3164 470 3219; x_wconf 86' lang='lat' dir='ltr'>catae</span> <span class='ocrx_word' id='word_1_298' title='bbox 492 3152 570 3214; x_wconf 90' lang='lat' dir='ltr'>lucis</span> <span class='ocrx_word' id='word_1_299' title='bbox 593 3147 721 3229; x_wconf 91' lang='lat' dir='ltr'>species,</span> <span class='ocrx_word' id='word_1_300' title='bbox 746 3145 849 3206; x_wconf 92' lang='lat' dir='ltr'>Lunae</span> <span class='ocrx_word' id='word_1_301' title='bbox 874 3145 1042 3206; x_wconf 90' lang='lat' dir='ltr'>tribuenda.</span> <span class='ocrx_word' id='word_1_302' title='bbox 1089 3144 1158 3206; x_wconf 93' lang='lat' dir='ltr'>Non</span> <span class='ocrx_word' id='word_1_303' title='bbox 1183 3145 1260 3206; x_wconf 93' lang='lat' dir='ltr'>enim</span> <span class='ocrx_word' id='word_1_304' title='bbox 1293 3153 1341 3205; x_wconf 92' lang='lat' dir='ltr'>est</span> <span class='ocrx_word' id='word_1_305' title='bbox 1369 3145 1429 3206; x_wconf 90' lang='lat' dir='ltr'>alia</span> <span class='ocrx_word' id='word_1_306' title='bbox 1458 3146 1536 3207; x_wconf 90' lang='lat' dir='ltr'>ratio</span> <span class='ocrx_word' id='word_1_307' title='bbox 1562 3147 1627 3227; x_wconf 90' lang='lat' dir='ltr'>ejus</span> <span class='ocrx_word' id='word_1_308' title='bbox 1651 3144 1735 3221; x_wconf 90' lang='lat' dir='ltr'>lucis,</span> 
     </span>
     <span class='ocr_line' id='line_1_30' title="bbox 385 3232 1739 3327; baseline -0.009 -19"><span class='ocrx_word' id='word_1_309' title='bbox 385 3265 456 3327; x_wconf 88' lang='lat' dir='ltr'>quae</span> <span class='ocrx_word' id='word_1_310' title='bbox 480 3264 501 3304; x_wconf 91' lang='lat' dir='ltr'>a</span> <span class='ocrx_word' id='word_1_311' title='bbox 525 3242 612 3302; x_wconf 88' lang='lat' dir='ltr'>Luna</span> <span class='ocrx_word' id='word_1_312' title='bbox 635 3238 673 3300; x_wconf 91' lang='lat' dir='ltr'>ad</span> <span class='ocrx_word' id='word_1_313' title='bbox 697 3254 751 3296; x_wconf 92' lang='lat' dir='ltr'>nos</span> <span class='ocrx_word' id='word_1_314' title='bbox 775 3234 933 3295; x_wconf 90' lang='lat' dir='ltr'>descendit</span> <span class='ocrx_word' id='word_1_315' title='bbox 956 3253 993 3294; x_wconf 94' lang='lat' dir='ltr'>ex</span> <span class='ocrx_word' id='word_1_316' title='bbox 1017 3232 1088 3295; x_wconf 89' lang='lat' dir='ltr'>Sole</span> <span class='ocrx_word' id='word_1_317' title='bbox 1113 3243 1198 3305; x_wconf 88' lang='lat' dir='ltr'>orta,</span> <span class='ocrx_word' id='word_1_318' title='bbox 1223 3253 1311 3314; x_wconf 92' lang='lat' dir='ltr'>qnam</span> <span class='ocrx_word' id='word_1_319' title='bbox 1341 3234 1421 3313; x_wconf 90' lang='lat' dir='ltr'>ejus,</span> <span class='ocrx_word' id='word_1_320' title='bbox 1452 3254 1527 3314; x_wconf 92' lang='lat' dir='ltr'>quae</span> <span class='ocrx_word' id='word_1_321' title='bbox 1551 3233 1581 3296; x_wconf 91' lang='lat' dir='ltr'>in</span> <span class='ocrx_word' id='word_1_322' title='bbox 1605 3236 1739 3316; x_wconf 90' lang='lat' dir='ltr'>quolibet</span> 
     </span>
     <span class='ocr_line' id='line_1_31' title="bbox 386 3320 1741 3413; baseline -0.008 -16"><span class='ocrx_word' id='word_1_323' title='bbox 386 3336 468 3398; x_wconf 89' lang='lat' dir='ltr'>obvio</span> <span class='ocrx_word' id='word_1_324' title='bbox 491 3329 609 3413; x_wconf 90' lang='lat' dir='ltr'>pariete</span> <span class='ocrx_word' id='word_1_325' title='bbox 634 3328 671 3388; x_wconf 92' lang='lat' dir='ltr'>ab</span> <span class='ocrx_word' id='word_1_326' title='bbox 696 3324 800 3386; x_wconf 88' lang='lat' dir='ltr'>eodem</span> <span class='ocrx_word' id='word_1_327' title='bbox 825 3320 896 3384; x_wconf 90' lang='lat' dir='ltr'>Sole</span> <span class='ocrx_word' id='word_1_328' title='bbox 920 3324 1105 3383; x_wconf 87' lang='lat' dir='ltr'>descendens</span> <span class='ocrx_word' id='word_1_329' title='bbox 1130 3322 1283 3384; x_wconf 86' lang='lat' dir='ltr'>radiatio</span> <span class='ocrx_word' id='word_1_330' title='bbox 1308 3342 1393 3383; x_wconf 93' lang='lat' dir='ltr'>omne</span> <span class='ocrx_word' id='word_1_331' title='bbox 1416 3323 1682 3403; x_wconf 86' lang='lat' dir='ltr'>hemisphaerium,</span> <span class='ocrx_word' id='word_1_332' title='bbox 1708 3333 1741 3386; x_wconf 91' lang='lat' dir='ltr'>et</span> 
     </span>
     <span class='ocr_line' id='line_1_32' title="bbox 385 3410 1738 3506; baseline -0.009 -18"><span class='ocrx_word' id='word_1_333' title='bbox 385 3441 557 3506; x_wconf 87' lang='lat' dir='ltr'>quacunque</span> <span class='ocrx_word' id='word_1_334' title='bbox 582 3434 702 3480; x_wconf 89' lang='lat' dir='ltr'>camera</span> <span class='ocrx_word' id='word_1_335' title='bbox 724 3412 768 3474; x_wconf 90' lang='lat' dir='ltr'>illi</span> <span class='ocrx_word' id='word_1_336' title='bbox 791 3410 981 3473; x_wconf 89' lang='lat' dir='ltr'>tenebricosa</span> <span class='ocrx_word' id='word_1_337' title='bbox 1005 3411 1154 3490; x_wconf 90' lang='lat' dir='ltr'>objicitur,</span> <span class='ocrx_word' id='word_1_338' title='bbox 1180 3412 1208 3472; x_wconf 93' lang='lat' dir='ltr'>in</span> <span class='ocrx_word' id='word_1_339' title='bbox 1233 3430 1299 3471; x_wconf 91' lang='lat' dir='ltr'>eam</span> <span class='ocrx_word' id='word_1_340' title='bbox 1324 3420 1431 3490; x_wconf 89' lang='lat' dir='ltr'>aperta</span> <span class='ocrx_word' id='word_1_341' title='bbox 1456 3412 1616 3475; x_wconf 87' lang='lat' dir='ltr'>fenestella</span> <span class='ocrx_word' id='word_1_342' title='bbox 1634 3412 1738 3494; x_wconf 90' lang='lat' dir='ltr'>ingre-</span> 
     </span>
     <span class='ocr_line' id='line_1_33' title="bbox 386 3500 1738 3590; baseline -0.009 -14"><span class='ocrx_word' id='word_1_343' title='bbox 386 3514 461 3576; x_wconf 90' lang='lat' dir='ltr'>ditur</span> <span class='ocrx_word' id='word_1_344' title='bbox 494 3526 587 3590; x_wconf 88' lang='lat' dir='ltr'>seque</span> <span class='ocrx_word' id='word_1_345' title='bbox 616 3524 680 3567; x_wconf 92' lang='lat' dir='ltr'>cum</span> <span class='ocrx_word' id='word_1_346' title='bbox 709 3522 762 3563; x_wconf 91' lang='lat' dir='ltr'>suo</span> <span class='ocrx_word' id='word_1_347' title='bbox 791 3501 889 3562; x_wconf 88' lang='lat' dir='ltr'>colore</span> <span class='ocrx_word' id='word_1_348' title='bbox 918 3501 947 3560; x_wconf 92' lang='lat' dir='ltr'>in</span> <span class='ocrx_word' id='word_1_349' title='bbox 977 3500 1115 3580; x_wconf 92' lang='lat' dir='ltr'>opposito</span> <span class='ocrx_word' id='word_1_350' title='bbox 1145 3502 1213 3561; x_wconf 92' lang='lat' dir='ltr'>albo</span> <span class='ocrx_word' id='word_1_351' title='bbox 1242 3500 1356 3579; x_wconf 90' lang='lat' dir='ltr'>pariete</span> <span class='ocrx_word' id='word_1_352' title='bbox 1390 3500 1544 3580; x_wconf 86' lang='lat' dir='ltr'>depingit:</span> <span class='ocrx_word' id='word_1_353' title='bbox 1582 3509 1617 3564; x_wconf 93' lang='lat' dir='ltr'>nt</span> <span class='ocrx_word' id='word_1_354' title='bbox 1646 3522 1738 3582; x_wconf 91' lang='lat' dir='ltr'>supra</span> 
     </span>
     <span class='ocr_line' id='line_1_34' title="bbox 385 3586 1735 3684; baseline 0.002 -34"><span class='ocrx_word' id='word_1_355' title='bbox 385 3622 445 3684; x_wconf 61' lang='lat' dir='ltr'>cap,</span> <span class='ocrx_word' id='word_1_356' title='bbox 470 3600 514 3662; x_wconf 85' lang='grc' dir='ltr'>Π,</span> <span class='ocrx_word' id='word_1_357' title='bbox 540 3615 625 3678; x_wconf 81' lang='lat' dir='ltr'>prop.</span> <span class='ocrx_word' id='word_1_358' title='bbox 651 3593 680 3656; x_wconf 84' lang='lat'>7.</span> <span class='ocrx_word' id='word_1_359' title='bbox 706 3592 943 3651; x_wconf 89' lang='lat' dir='ltr'>demonstratum</span> <span class='ocrx_word' id='word_1_360' title='bbox 969 3598 1026 3649; x_wconf 89' lang='lat' dir='ltr'>est.</span> <span class='ocrx_word' id='word_1_361' title='bbox 1075 3586 1224 3658; x_wconf 84' lang='lat' dir='ltr'>Quorsum</span> <span class='ocrx_word' id='word_1_362' title='bbox 1257 3590 1354 3650; x_wconf 89' lang='lat' dir='ltr'>refero</span> <span class='ocrx_word' id='word_1_363' title='bbox 1379 3590 1431 3650; x_wconf 93' lang='lat' dir='ltr'>illa</span> <span class='ocrx_word' id='word_1_364' title='bbox 1454 3590 1609 3651; x_wconf 86' lang='lat' dir='ltr'>Plutarchi</span> <span class='ocrx_word' id='word_1_365' title='bbox 1633 3592 1735 3663; x_wconf 89' lang='lat' dir='ltr'>verba,</span> 
     </span>
    </p>
   </div>
   <div class='ocr_carea' id='block_1_3' title="bbox 385 3677 1739 4007">
    <p class='ocr_par' dir='ltr' id='par_1_6' title="bbox 385 3677 1739 4007">
     <span class='ocr_line' id='line_1_35' title="bbox 386 3677 1735 3770; baseline -0.01 -17"><span class='ocrx_word' id='word_1_366' title='bbox 386 3710 455 3770; x_wconf 89' lang='lat' dir='ltr'>quae</span> <span class='ocrx_word' id='word_1_367' title='bbox 486 3684 612 3766; x_wconf 90' lang='lat' dir='ltr'>reliquis</span> <span class='ocrx_word' id='word_1_368' title='bbox 646 3679 800 3742; x_wconf 90' lang='lat' dir='ltr'>inutilibus</span> <span class='ocrx_word' id='word_1_369' title='bbox 833 3677 1076 3739; x_wconf 80' lang='lat' dir='ltr'>excusationibus</span> <span class='ocrx_word' id='word_1_370' title='bbox 1109 3678 1232 3737; x_wconf 89' lang='lat' dir='ltr'>tandem</span> <span class='ocrx_word' id='word_1_371' title='bbox 1260 3677 1424 3744; x_wconf 87' lang='lat' dir='ltr'>subnectit,</span> <span class='ocrx_word' id='word_1_372' title='bbox 1462 3689 1551 3752; x_wconf 80' lang='lat' dir='ltr'>Luna,</span> <span class='ocrx_word' id='word_1_373' title='bbox 1590 3680 1735 3760; x_wconf 88' lang='lat' dir='ltr'>inquiens,</span> 
     </span>
     <span class='ocr_line' id='line_1_36' title="bbox 385 3768 1735 3843; baseline -0.008 -10"><span class='ocrx_word' id='word_1_374' title='bbox 385 3782 482 3836; x_wconf 80' lang='lat' dir='ltr'>multas</span> <span class='ocrx_word' id='word_1_375' title='bbox 502 3778 594 3832; x_wconf 84' lang='lat' dir='ltr'>habet</span> <span class='ocrx_word' id='word_1_376' title='bbox 615 3771 790 3843; x_wconf 83' lang='lat' dir='ltr'>asperitates,</span> <span class='ocrx_word' id='word_1_377' title='bbox 813 3768 1028 3838; x_wconf 88' lang='lat' dir='ltr'>inaequalitates</span> <span class='ocrx_word' id='word_1_378' title='bbox 1049 3768 1161 3831; x_wconf 88' lang='lat' dir='ltr'>multas,</span> <span class='ocrx_word' id='word_1_379' title='bbox 1183 3773 1214 3820; x_wconf 92' lang='lat' dir='ltr'>ut</span> <span class='ocrx_word' id='word_1_380' title='bbox 1235 3768 1368 3837; x_wconf 81' lang='lat' dir='ltr'>fulgores,</span> <span class='ocrx_word' id='word_1_381' title='bbox 1392 3768 1436 3837; x_wconf 91' lang='lat' dir='ltr'>qui</span> <span class='ocrx_word' id='word_1_382' title='bbox 1459 3784 1476 3820; x_wconf 87' lang='lat' dir='ltr'>a</span> <span class='ocrx_word' id='word_1_383' title='bbox 1496 3784 1598 3841; x_wconf 86' lang='lat' dir='ltr'>magno</span> <span class='ocrx_word' id='word_1_384' title='bbox 1620 3786 1735 3838; x_wconf 88' lang='lat' dir='ltr'>corpore</span> 
     </span>
     <span class='ocr_line' id='line_1_37' title="bbox 386 3847 1735 3921; baseline -0.011 -5"><span class='ocrx_word' id='word_1_385' title='bbox 386 3862 517 3921; x_wconf 62' lang='lat' dir='ltr'>munuc,</span> <span class='ocrx_word' id='word_1_386' title='bbox 541 3853 734 3915; x_wconf 85' lang='lat' dir='ltr'>altitudinibus</span> <span class='ocrx_word' id='word_1_387' title='bbox 755 3865 808 3902; x_wconf 90' lang='lat' dir='ltr'>non</span> <span class='ocrx_word' id='word_1_388' title='bbox 830 3848 941 3917; x_wconf 84' lang='lat' dir='ltr'>exiguis</span> <span class='ocrx_word' id='word_1_389' title='bbox 963 3847 1140 3916; x_wconf 88' lang='lat' dir='ltr'>resplendere</span> <span class='ocrx_word' id='word_1_390' title='bbox 1162 3847 1276 3916; x_wconf 86' lang='lat' dir='ltr'>possint,</span> <span class='ocrx_word' id='word_1_391' title='bbox 1300 3864 1333 3899; x_wconf 90' lang='lat' dir='ltr'>ac</span> <span class='ocrx_word' id='word_1_392' title='bbox 1354 3850 1491 3900; x_wconf 87' lang='lat' dir='ltr'>commode</span> <span class='ocrx_word' id='word_1_393' title='bbox 1512 3848 1624 3910; x_wconf 85' lang='lat' dir='ltr'>reflecti,</span> <span class='ocrx_word' id='word_1_394' title='bbox 1648 3848 1735 3917; x_wconf 88' lang='lat' dir='ltr'>impli-</span> 
     </span>
     <span class='ocr_line' id='line_1_38' title="bbox 386 3927 1739 4007; baseline -0.01 -11"><span class='ocrx_word' id='word_1_395' title='bbox 386 3942 453 4006; x_wconf 74' lang='lat' dir='ltr'>cari,</span> <span class='ocrx_word' id='word_1_396' title='bbox 475 3930 815 4007; x_wconf 85' lang='lat' dir='ltr'>resplendescentiamque</span> <span class='ocrx_word' id='word_1_397' title='bbox 840 3929 912 3981; x_wconf 91' lang='lat' dir='ltr'>inter</span> <span class='ocrx_word' id='word_1_398' title='bbox 933 3945 962 3979; x_wconf 89' lang='lat' dir='ltr'>se</span> <span class='ocrx_word' id='word_1_399' title='bbox 983 3927 1162 3990; x_wconf 88' lang='lat' dir='ltr'>continuare,</span> <span class='ocrx_word' id='word_1_400' title='bbox 1185 3927 1263 3997; x_wconf 87' lang='lat' dir='ltr'>quasi</span> <span class='ocrx_word' id='word_1_401' title='bbox 1285 3943 1303 3979; x_wconf 89' lang='lat' dir='ltr'>a</span> <span class='ocrx_word' id='word_1_402' title='bbox 1323 3928 1415 3980; x_wconf 90' lang='lat' dir='ltr'>multis</span> <span class='ocrx_word' id='word_1_403' title='bbox 1436 3942 1471 3979; x_wconf 90' lang='lat' dir='ltr'>ea</span> <span class='ocrx_word' id='word_1_404' title='bbox 1492 3929 1527 3981; x_wconf 92' lang='lat' dir='ltr'>ad</span> <span class='ocrx_word' id='word_1_405' title='bbox 1548 3944 1598 3980; x_wconf 89' lang='lat' dir='ltr'>nos</span> <span class='ocrx_word' id='word_1_406' title='bbox 1619 3928 1739 3982; x_wconf 87' lang='lat' dir='ltr'>ferretur</span> 
     </span>
    </p>
   </div>
   <div class='ocr_carea' id='block_1_4' title="bbox 387 4006 1740 5160">
    <p class='ocr_par' dir='ltr' id='par_1_7' title="bbox 387 4006 1738 4360">
     <span class='ocr_line' id='line_1_39' title="bbox 387 4006 1736 4100; baseline -0.007 -24"><span class='ocrx_word' id='word_1_407' title='bbox 387 4028 515 4100; x_wconf 52' lang='lat' dir='ltr'>spatum:</span> <span class='ocrx_word' id='word_1_408' title='bbox 541 4013 648 4095; x_wconf 89' lang='lat' dir='ltr'>quibus</span> <span class='ocrx_word' id='word_1_409' title='bbox 672 4007 771 4069; x_wconf 88' lang='lat' dir='ltr'>verbis</span> <span class='ocrx_word' id='word_1_410' title='bbox 796 4006 857 4067; x_wconf 88' lang='lat' dir='ltr'>lere</span> <span class='ocrx_word' id='word_1_411' title='bbox 881 4024 957 4079; x_wconf 90' lang='lat' dir='ltr'>eam,</span> <span class='ocrx_word' id='word_1_412' title='bbox 983 4024 1070 4084; x_wconf 88' lang='lat' dir='ltr'>quam</span> <span class='ocrx_word' id='word_1_413' title='bbox 1086 4006 1241 4084; x_wconf 89' lang='lat' dir='ltr'>appellare</span> <span class='ocrx_word' id='word_1_414' title='bbox 1266 4007 1347 4066; x_wconf 91' lang='lat' dir='ltr'>soleo</span> <span class='ocrx_word' id='word_1_415' title='bbox 1363 4007 1457 4066; x_wconf 92' lang='lat' dir='ltr'>lucem</span> <span class='ocrx_word' id='word_1_416' title='bbox 1478 4007 1736 4080; x_wconf 89' lang='lat' dir='ltr'>communicatam,</span> 
     </span>
     <span class='ocr_line' id='line_1_40' title="bbox 387 4093 1737 4186; baseline -0.008 -19"><span class='ocrx_word' id='word_1_417' title='bbox 387 4104 563 4186; x_wconf 81' lang='lat' dir='ltr'>descripsit3</span> <span class='ocrx_word' id='word_1_418' title='bbox 600 4099 707 4162; x_wconf 89' lang='lat' dir='ltr'>melius</span> <span class='ocrx_word' id='word_1_419' title='bbox 743 4104 842 4155; x_wconf 89' lang='lat' dir='ltr'>tamen</span> <span class='ocrx_word' id='word_1_420' title='bbox 877 4093 1068 4168; x_wconf 72' lang='lat' dir='ltr'>cleomedes,</span> <span class='ocrx_word' id='word_1_421' title='bbox 1103 4094 1153 4172; x_wconf 92' lang='lat' dir='ltr'>qui</span> <span class='ocrx_word' id='word_1_422' title='bbox 1188 4094 1390 4155; x_wconf 88' lang='lat' dir='ltr'>necessariam</span> <span class='ocrx_word' id='word_1_423' title='bbox 1422 4095 1500 4154; x_wconf 92' lang='lat' dir='ltr'>hanc</span> <span class='ocrx_word' id='word_1_424' title='bbox 1535 4094 1737 4157; x_wconf 89' lang='lat' dir='ltr'>conditionem</span> 
     </span>
     <span class='ocr_line' id='line_1_41' title="bbox 388 4180 1738 4271; baseline -0.008 -14"><span class='ocrx_word' id='word_1_425' title='bbox 388 4198 474 4271; x_wconf 85' lang='lat' dir='ltr'>addit,</span> <span class='ocrx_word' id='word_1_426' title='bbox 493 4210 555 4257; x_wconf 88' lang='lat' dir='ltr'>nnn</span> <span class='ocrx_word' id='word_1_427' title='bbox 578 4196 698 4251; x_wconf 86' lang='lat' dir='ltr'>tantum</span> <span class='ocrx_word' id='word_1_428' title='bbox 721 4183 869 4262; x_wconf 89' lang='lat' dir='ltr'>repercuti</span> <span class='ocrx_word' id='word_1_429' title='bbox 893 4204 911 4243; x_wconf 92' lang='lat' dir='ltr'>a</span> <span class='ocrx_word' id='word_1_430' title='bbox 934 4182 1021 4242; x_wconf 91' lang='lat' dir='ltr'>Luna</span> <span class='ocrx_word' id='word_1_431' title='bbox 1043 4180 1182 4243; x_wconf 88' lang='lat' dir='ltr'>Solarem</span> <span class='ocrx_word' id='word_1_432' title='bbox 1207 4183 1320 4255; x_wconf 91' lang='lat' dir='ltr'>lucem,</span> <span class='ocrx_word' id='word_1_433' title='bbox 1354 4183 1408 4243; x_wconf 89' lang='lat' dir='ltr'>sed</span> <span class='ocrx_word' id='word_1_434' title='bbox 1435 4182 1527 4242; x_wconf 92' lang='lat' dir='ltr'>etiam</span> <span class='ocrx_word' id='word_1_435' title='bbox 1556 4182 1679 4246; x_wconf 91' lang='lat' dir='ltr'>alterari</span> <span class='ocrx_word' id='word_1_436' title='bbox 1707 4184 1738 4246; x_wconf 91' lang='lat' dir='ltr'>in</span> 
     </span>
     <span class='ocr_line' id='line_1_42' title="bbox 389 4270 1405 4360; baseline -0.016 -13"><span class='ocrx_word' id='word_1_437' title='bbox 389 4282 475 4360; x_wconf 84' lang='lat' dir='ltr'>Luna,</span> <span class='ocrx_word' id='word_1_438' title='bbox 499 4290 536 4344; x_wconf 91' lang='lat' dir='ltr'>ut</span> <span class='ocrx_word' id='word_1_439' title='bbox 559 4278 748 4359; x_wconf 89' lang='lat' dir='ltr'>splendorem</span> <span class='ocrx_word' id='word_1_440' title='bbox 772 4271 850 4351; x_wconf 91' lang='lat' dir='ltr'>ignis</span> <span class='ocrx_word' id='word_1_441' title='bbox 874 4272 902 4331; x_wconf 93' lang='lat' dir='ltr'>in</span> <span class='ocrx_word' id='word_1_442' title='bbox 927 4271 1015 4343; x_wconf 91' lang='lat' dir='ltr'>ferro,</span> <span class='ocrx_word' id='word_1_443' title='bbox 1040 4270 1139 4330; x_wconf 88' lang='lat' dir='ltr'>etsie</span> <span class='ocrx_word' id='word_1_444' title='bbox 1163 4271 1314 4349; x_wconf 91' lang='lat' dir='ltr'>propriam</span> <span class='ocrx_word' id='word_1_445' title='bbox 1333 4271 1405 4331; x_wconf 87' lang='lat' dir='ltr'>lieri.</span> 
     </span>
    </p>

    <p class='ocr_par' dir='ltr' id='par_1_8' title="bbox 391 4360 1740 4807">
     <span class='ocr_line' id='line_1_43' title="bbox 468 4360 1740 4450; baseline -0.009 -16"><span class='ocrx_word' id='word_1_446' title='bbox 468 4371 573 4450; x_wconf 83' lang='lat' dir='ltr'>Atque</span> <span class='ocrx_word' id='word_1_447' title='bbox 595 4366 665 4427; x_wconf 90' lang='lat' dir='ltr'>hinc</span> <span class='ocrx_word' id='word_1_448' title='bbox 684 4364 750 4443; x_wconf 91' lang='lat' dir='ltr'>jam</span> <span class='ocrx_word' id='word_1_449' title='bbox 773 4360 929 4432; x_wconf 85' lang='lat' dir='ltr'>evincitur,</span> <span class='ocrx_word' id='word_1_450' title='bbox 954 4360 1059 4420; x_wconf 89' lang='lat' dir='ltr'>Lunae</span> <span class='ocrx_word' id='word_1_451' title='bbox 1082 4378 1191 4438; x_wconf 87' lang='lat' dir='ltr'>corpus</span> <span class='ocrx_word' id='word_1_452' title='bbox 1215 4368 1246 4420; x_wconf 92' lang='lat' dir='ltr'>et</span> <span class='ocrx_word' id='word_1_453' title='bbox 1269 4361 1394 4421; x_wconf 89' lang='lat' dir='ltr'>densum</span> <span class='ocrx_word' id='word_1_454' title='bbox 1418 4378 1495 4432; x_wconf 88' lang='lat' dir='ltr'>esse,</span> <span class='ocrx_word' id='word_1_455' title='bbox 1522 4367 1555 4419; x_wconf 96' lang='lat' dir='ltr'>ut</span> <span class='ocrx_word' id='word_1_456' title='bbox 1574 4367 1623 4421; x_wconf 90' lang='lat' dir='ltr'>est</span> <span class='ocrx_word' id='word_1_457' title='bbox 1646 4361 1740 4422; x_wconf 89' lang='lat' dir='ltr'>Terra</span> 
     </span>
     <span class='ocr_line' id='line_1_44' title="bbox 391 4447 1739 4541; baseline -0.01 -17"><span class='ocrx_word' id='word_1_458' title='bbox 391 4461 475 4541; x_wconf 87' lang='lat' dir='ltr'>(quod</span> <span class='ocrx_word' id='word_1_459' title='bbox 498 4454 680 4521; x_wconf 87' lang='lat' dir='ltr'>Plutarchus</span> <span class='ocrx_word' id='word_1_460' title='bbox 704 4449 807 4514; x_wconf 89' lang='lat' dir='ltr'>libello</span> <span class='ocrx_word' id='word_1_461' title='bbox 832 4466 924 4527; x_wconf 91' lang='lat' dir='ltr'>saepe</span> <span class='ocrx_word' id='word_1_462' title='bbox 948 4447 1028 4510; x_wconf 89' lang='lat' dir='ltr'>dicto</span> <span class='ocrx_word' id='word_1_463' title='bbox 1042 4448 1146 4509; x_wconf 91' lang='lat' dir='ltr'>multis</span> <span class='ocrx_word' id='word_1_464' title='bbox 1163 4448 1343 4522; x_wconf 89' lang='lat' dir='ltr'>contendit),</span> <span class='ocrx_word' id='word_1_465' title='bbox 1363 4455 1395 4508; x_wconf 94' lang='lat' dir='ltr'>et</span> <span class='ocrx_word' id='word_1_466' title='bbox 1413 4448 1578 4508; x_wconf 89' lang='lat' dir='ltr'>coloratum</span> <span class='ocrx_word' id='word_1_467' title='bbox 1593 4447 1739 4527; x_wconf 88' lang='lat' dir='ltr'>impense,</span> 
     </span>
     <span class='ocr_line' id='line_1_45' title="bbox 391 4534 1739 4631; baseline -0.01 -20"><span class='ocrx_word' id='word_1_468' title='bbox 391 4555 419 4609; x_wconf 89' lang='lat' dir='ltr'>ut</span> <span class='ocrx_word' id='word_1_469' title='bbox 437 4568 495 4631; x_wconf 89' lang='lat' dir='ltr'>quo</span> <span class='ocrx_word' id='word_1_470' title='bbox 518 4551 636 4609; x_wconf 91' lang='lat' dir='ltr'>remoto</span> <span class='ocrx_word' id='word_1_471' title='bbox 659 4538 823 4603; x_wconf 90' lang='lat' dir='ltr'>secundum</span> <span class='ocrx_word' id='word_1_472' title='bbox 845 4555 891 4615; x_wconf 92' lang='lat' dir='ltr'>pr.</span> <span class='ocrx_word' id='word_1_473' title='bbox 908 4534 961 4599; x_wconf 93' lang='grc'>22.</span> <span class='ocrx_word' id='word_1_474' title='bbox 987 4554 1052 4614; x_wconf 90' lang='lat' dir='ltr'>cap.</span> <span class='ocrx_word' id='word_1_475' title='bbox 1068 4536 1093 4597; x_wconf 92' lang='grc' dir='ltr'>Ι.</span> <span class='ocrx_word' id='word_1_476' title='bbox 1116 4537 1168 4597; x_wconf 88' lang='lat' dir='ltr'>lux</span> <span class='ocrx_word' id='word_1_477' title='bbox 1191 4537 1411 4598; x_wconf 89' lang='lat' dir='ltr'>communicata</span> <span class='ocrx_word' id='word_1_478' title='bbox 1433 4536 1532 4597; x_wconf 91' lang='lat' dir='ltr'>locum</span> <span class='ocrx_word' id='word_1_479' title='bbox 1557 4555 1614 4597; x_wconf 93' lang='lat' dir='ltr'>non</span> <span class='ocrx_word' id='word_1_480' title='bbox 1629 4537 1739 4611; x_wconf 86' lang='lat' dir='ltr'>habet;</span> 
     </span>
     <span class='ocr_line' id='line_1_46' title="bbox 392 4623 1738 4718; baseline -0.005 -24"><span class='ocrx_word' id='word_1_481' title='bbox 392 4642 418 4697; x_wconf 86' lang='lat' dir='ltr'>ot</span> <span class='ocrx_word' id='word_1_482' title='bbox 436 4653 546 4718; x_wconf 86' lang='lat' dir='ltr'>aspera</span> <span class='ocrx_word' id='word_1_483' title='bbox 568 4628 735 4711; x_wconf 87' lang='lat' dir='ltr'>superficie,</span> <span class='ocrx_word' id='word_1_484' title='bbox 759 4644 795 4686; x_wconf 92' lang='lat' dir='ltr'>ne</span> <span class='ocrx_word' id='word_1_485' title='bbox 819 4625 981 4705; x_wconf 89' lang='lat' dir='ltr'>pelluceat.</span> <span class='ocrx_word' id='word_1_486' title='bbox 1018 4623 1156 4703; x_wconf 88' lang='lat' dir='ltr'>Opacnm</span> <span class='ocrx_word' id='word_1_487' title='bbox 1179 4625 1258 4687; x_wconf 90' lang='lat' dir='ltr'>enim</span> <span class='ocrx_word' id='word_1_488' title='bbox 1282 4645 1349 4688; x_wconf 89' lang='lat' dir='ltr'>esse</span> <span class='ocrx_word' id='word_1_489' title='bbox 1375 4625 1480 4686; x_wconf 85' lang='lat' dir='ltr'>Lunae</span> <span class='ocrx_word' id='word_1_490' title='bbox 1503 4642 1611 4703; x_wconf 88' lang='lat' dir='ltr'>corpus</span> <span class='ocrx_word' id='word_1_491' title='bbox 1635 4643 1738 4687; x_wconf 89' lang='lat' dir='ltr'>omnes</span> 
     </span>
     <span class='ocr_line' id='line_1_47' title="bbox 394 4713 1645 4807; baseline -0.016 -17"><span class='ocrx_word' id='word_1_492' title='bbox 394 4725 508 4807; x_wconf 82' lang='lat' dir='ltr'>undique</span> <span class='ocrx_word' id='word_1_493' title='bbox 532 4719 720 4802; x_wconf 88' lang='lat' dir='ltr'>conquisitae</span> <span class='ocrx_word' id='word_1_494' title='bbox 744 4713 948 4793; x_wconf 88' lang='lat' dir='ltr'>experientiae</span> <span class='ocrx_word' id='word_1_495' title='bbox 971 4720 1134 4775; x_wconf 90' lang='lat' dir='ltr'>testantur.</span> <span class='ocrx_word' id='word_1_496' title='bbox 1643 4750 1645 4758; x_wconf 69' lang='lat'>,</span> 
     </span>
    </p>

    <p class='ocr_par' dir='ltr' id='par_1_9' title="bbox 394 4799 1738 5160">
     <span class='ocr_line' id='line_1_48' title="bbox 467 4799 1736 4895; baseline -0.013 -18"><span class='ocrx_word' id='word_1_497' title='bbox 467 4809 616 4895; x_wconf 80' lang='lat' dir='ltr'>Arguitur</span> <span class='ocrx_word' id='word_1_498' title='bbox 638 4808 709 4870; x_wconf 89' lang='lat' dir='ltr'>hinc</span> <span class='ocrx_word' id='word_1_499' title='bbox 732 4803 825 4865; x_wconf 89' lang='lat' dir='ltr'>etiam</span> <span class='ocrx_word' id='word_1_500' title='bbox 848 4802 1001 4864; x_wconf 87' lang='lat' dir='ltr'>Posidonii</span> <span class='ocrx_word' id='word_1_501' title='bbox 1024 4800 1177 4863; x_wconf 89' lang='lat' dir='ltr'>sententia</span> <span class='ocrx_word' id='word_1_502' title='bbox 1199 4802 1279 4881; x_wconf 86' lang='lat' dir='ltr'>apud</span> <span class='ocrx_word' id='word_1_503' title='bbox 1302 4801 1504 4873; x_wconf 84' lang='lat' dir='ltr'>Macrobinm,</span> <span class='ocrx_word' id='word_1_504' title='bbox 1529 4799 1614 4880; x_wconf 85' lang='lat' dir='ltr'>cujus</span> <span class='ocrx_word' id='word_1_505' title='bbox 1637 4800 1736 4863; x_wconf 86' lang='lat' dir='ltr'>Reiu-</span> 
     </span>
     <span class='ocr_line' id='line_1_49' title="bbox 394 4884 1738 4969; baseline -0.007 -9"><span class='ocrx_word' id='word_1_506' title='bbox 394 4896 486 4965; x_wconf 88' lang='lat' dir='ltr'>holdns</span> <span class='ocrx_word' id='word_1_507' title='bbox 512 4903 544 4965; x_wconf 91' lang='lat' dir='ltr'>in</span> <span class='ocrx_word' id='word_1_508' title='bbox 577 4891 802 4959; x_wconf 82' lang='lat' dir='ltr'>commentariis</span> <span class='ocrx_word' id='word_1_509' title='bbox 839 4910 930 4969; x_wconf 88' lang='lat' dir='ltr'>snper</span> <span class='ocrx_word' id='word_1_510' title='bbox 961 4890 1107 4951; x_wconf 83' lang='lat' dir='ltr'>Theorias</span> <span class='ocrx_word' id='word_1_511' title='bbox 1139 4889 1314 4959; x_wconf 90' lang='lat' dir='ltr'>Pnrbachii,</span> <span class='ocrx_word' id='word_1_512' title='bbox 1344 4891 1397 4951; x_wconf 93' lang='lat' dir='ltr'>fol.</span> <span class='ocrx_word' id='word_1_513' title='bbox 1424 4884 1497 4950; x_wconf 81' lang='grc'><strong>164.</strong></span> <span class='ocrx_word' id='word_1_514' title='bbox 1531 4889 1676 4952; x_wconf 79' lang='lat' dir='ltr'>meminit</span> <span class='ocrx_word' id='word_1_515' title='bbox 1690 4885 1738 4965; x_wconf 76' lang='lat'>²⁸)</span> 
     </span>
     <span class='ocr_line' id='line_1_50' title="bbox 396 4976 1735 5057; baseline -0.01 -4"><span class='ocrx_word' id='word_1_516' title='bbox 396 4982 443 5056; x_wconf 83' lang='lat' dir='ltr'>Qui</span> <span class='ocrx_word' id='word_1_517' title='bbox 463 5010 530 5053; x_wconf 89' lang='lat' dir='ltr'>cum</span> <span class='ocrx_word' id='word_1_518' title='bbox 552 4991 636 5048; x_wconf 83' lang='lat' dir='ltr'>recte</span> <span class='ocrx_word' id='word_1_519' title='bbox 659 4983 765 5045; x_wconf 86' lang='lat' dir='ltr'>Lunae</span> <span class='ocrx_word' id='word_1_520' title='bbox 788 4981 914 5040; x_wconf 88' lang='lat' dir='ltr'>eandem</span> <span class='ocrx_word' id='word_1_521' title='bbox 943 4977 1101 5038; x_wconf 89' lang='lat' dir='ltr'>materiam</span> <span class='ocrx_word' id='word_1_522' title='bbox 1130 4978 1290 5040; x_wconf 89' lang='lat' dir='ltr'>tribuisset</span> <span class='ocrx_word' id='word_1_523' title='bbox 1318 4997 1407 5057; x_wconf 89' lang='lat' dir='ltr'>quam</span> <span class='ocrx_word' id='word_1_524' title='bbox 1430 4985 1463 5038; x_wconf 88' lang='lat' dir='ltr'>et</span> <span class='ocrx_word' id='word_1_525' title='bbox 1484 4976 1579 5039; x_wconf 86' lang='lat' dir='ltr'>Terra</span> <span class='ocrx_word' id='word_1_526' title='bbox 1609 4978 1735 5055; x_wconf 88' lang='lat' dir='ltr'>obtinet,</span> 
     </span>
     <span class='ocr_line' id='line_1_51' title="bbox 396 5065 1736 5160; baseline -0.008 -19"><span class='ocrx_word' id='word_1_527' title='bbox 396 5075 473 5156; x_wconf 78' lang='lat' dir='ltr'>(quae</span> <span class='ocrx_word' id='word_1_528' title='bbox 485 5077 608 5160; x_wconf 88' lang='lat' dir='ltr'>quidem</span> <span class='ocrx_word' id='word_1_529' title='bbox 629 5066 841 5151; x_wconf 84' lang='lat' dir='ltr'>antiquissima</span> <span class='ocrx_word' id='word_1_530' title='bbox 854 5068 1131 5149; x_wconf 84' lang='lat' dir='ltr'>Pythagoraeomm</span> <span class='ocrx_word' id='word_1_531' title='bbox 1153 5066 1306 5129; x_wconf 65' lang='lat' dir='ltr'>saumatis</span> <span class='ocrx_word' id='word_1_532' title='bbox 1324 5067 1417 5129; x_wconf 90' lang='lat' dir='ltr'>fuisse</span> <span class='ocrx_word' id='word_1_533' title='bbox 1429 5065 1558 5136; x_wconf 84' lang='lat' dir='ltr'>videtur,</span> <span class='ocrx_word' id='word_1_534' title='bbox 1580 5085 1637 5129; x_wconf 91' lang='lat' dir='ltr'>uec</span> <span class='ocrx_word' id='word_1_535' title='bbox 1655 5068 1736 5130; x_wconf 90' lang='lat' dir='ltr'>alind</span> 
     </span>
    </p>
   </div>
   <div class='ocr_carea' id='block_1_5' title="bbox 437 5165 1524 5233">
    <p class='ocr_par' dir='ltr' id='par_1_10' title="bbox 437 5165 1524 5233">
     <span class='ocr_line' id='line_1_52' title="bbox 437 5165 1524 5233; baseline 0.003 -16"><span class='ocrx_word' id='word_1_536' title='bbox 437 5174 660 5233; x_wconf 57' lang='lat' dir='ltr'>musaeu.</span> <span class='ocrx_word' id='word_1_537' title='bbox 876 5185 880 5193; x_wconf 89' lang='lat'><strong>·</strong></span> <span class='ocrx_word' id='word_1_538' title='bbox 1490 5165 1524 5220; x_wconf 81' lang='lat' dir='ltr'>ts</span> 
     </span>
    </p>
   </div>
   <div class='ocr_carea' id='block_1_6' title="bbox 0 0 2306 6192">
    <p class='ocr_par' dir='ltr' id='par_1_11' title="bbox 0 0 2306 6192">
     <span class='ocr_line' id='line_1_53' title="bbox 0 0 2306 6192; baseline 0 0"><span class='ocrx_word' id='word_1_539' title='bbox 0 0 2306 6192; x_wconf 95' lang='lat' dir='ltr'> </span> 
     </span>
    </p>
   </div>
  </div>
 </body>
</html>
