4584 6192
467 586 534 655 580
953 589 982 639 In
999 588 1087 640 libmm
1104 589 1137 641 dc
1156 588 1236 643 stelle
1253 588 1325 640 Non

468 786 569 830 eorum
593 765 789 829 difficultates
806 764 957 845 Keplerus
981 767 1101 846 egregie
1125 766 1249 846 expedit
1271 773 1304 827 et
1326 786 1418 846 saepe
1443 767 1561 831 facetiis
1584 768 1693 835 vincit
1744 768 1837 835 Serio

465 865 567 919 autem
591 873 655 916 rem
677 863 825 927 tractans,
849 854 1032 916 sententiam
1054 855 1179 917 firmiter
1201 864 1287 916 tenet
1309 856 1346 917 de
1370 857 1471 917 anima
1493 856 1661 921 sublunari.
1710 859 1837 925 ‘liribuit

466 945 597 1008 Telluris
621 943 710 1023 globo
740 943 889 1022 geminam
920 944 1112 1017 facultatem,
1145 944 1273 1005 alteram
1305 946 1477 1006 attrahendi
1512 964 1608 1025 aquas
1638 948 1782 1012 marinas
1805 950 1835 1012 in

469 1034 605 1097 occultas
629 1032 831 1094 concoctiouis
854 1034 952 1106 sedes,
978 1033 1105 1094 alteram
1121 1032 1289 1111 expellendi
1315 1052 1442 1113 vapores
1465 1043 1629 1097 concoctos
1653 1056 1712 1116 per
1737 1057 1835 1118 quen·

468 1125 538 1185 dam
562 1120 647 1200 quasi
670 1122 819 1184 sudorem.
865 1121 953 1182 Hanc
984 1122 1161 1182 facultatem
1186 1121 1370 1200 expulsivam
1405 1122 1552 1183 stimulari
1583 1123 1623 1185 ab
1652 1127 1835 1205 aspectibus

467 1213 656 1292 planetarum
678 1209 859 1272 harmonicis
881 1209 1083 1271 certissimum
1109 1228 1189 1271 esse.
1235 1210 1279 1272 Ut
1301 1211 1412 1285 Terra,
1445 1211 1556 1290 inquit,
1587 1212 1634 1275 ita
1668 1214 1763 1277 bomo
1797 1217 1836 1277 ad

469 1298 655 1362 harmoniam
679 1297 776 1359 animo
800 1299 1026 1377 concipiendam
1049 1318 1143 1378 aeque
1168 1308 1258 1378 atque
1282 1298 1341 1360 ista
1364 1307 1482 1379 pateus,
1507 1300 1696 1364 harmonicis
1722 1323 1834 1384 aspec-

469 1390 550 1451 tibus
574 1385 708 1464 erigitnr.
755 1387 863 1467 Itaque
886 1406 965 1448 nova
989 1406 1104 1466 quoque
1127 1388 1219 1448 stella
1241 1386 1324 1448 illum
1347 1397 1529 1450 commotum
1554 1398 1586 1449 et
1599 1400 1743 1455 erectum
1768 1413 1834 1455 esse

467 1475 631 1538 verisimile
659 1474 797 1554 judicat,
832 1494 1010 1555 quamquam
1042 1495 1118 1555 qnae
1142 1485 1227 1537 certa
1257 1476 1348 1538 fuen't
1382 1477 1490 1538 stellae
1521 1477 1589 1552 vis,
1622 1489 1719 1541 cante
1752 1481 1833 1543 silet

468 1561 655 1627 verisimilia
677 1563 781 1635 multa,
807 1564 882 1625 certi
906 1564 980 1625 nihil
1004 1564 1102 1626 datur.
1150 1563 1266 1626 Contra
1293 1566 1404 1644 jocans
1436 1563 1536 1627 addit:
1574 1585 1734 1646 „quaeras
1766 1571 1835 1650 quid

466 1652 654 1734 portenderit
683 1670 791 1713 novum
826 1653 932 1714 sidus?
964 1653 1100 1714 nimirum
1131 1655 1242 1715 multas
1275 1655 1435 1715 multorum
1468 1654 1653 1734 scriptiones
1686 1658 1727 1719 de
1759 1678 1835 1721 noro

467 1744 576 1814 sidere,
602 1741 713 1802 multas
736 1742 993 1821 typographorum
1012 1743 1256 1823 occupationes.“
1294 1743 1381 1803 Hanc
1405 1742 1574 1822 opinionem
1593 1743 1661 1823 jam
1687 1754 1785 1809 antea
1807 1749 1834 1808 iu

468 1832 571 1894 libello
586 1827 770 1891 Germanica
793 1830 895 1909 lingua
918 1831 1087 1909 conscripto
1109 1828 1227 1903 (1605)
1250 1832 1405 1908 professus
1429 1840 1510 1906 erat,
1534 1841 1566 1893 et
1592 1852 1630 1893 ne
1655 1836 1835 1899 vaticinium

466 1939 555 1982 suum
588 1918 625 1978 de
662 1938 695 1980 se
733 1926 872 1980 eventum
902 1918 1031 1993 habeat,
1065 1921 1182 1981 nonnisi
1211 1917 1276 1983 200
1300 1920 1487 1998 exemplaria
1517 1920 1600 2002 typis
1635 1925 1837 2003 exprimenda

469 2015 645 2079 curaverat;
675 2026 852 2087 quamquam
874 2008 1029 2087 Ambergi,
1055 2009 1108 2082 ait,
1132 2009 1307 2088 opusculum
1330 2027 1414 2070 sunm
1430 2008 1532 2069 furtim
1547 2028 1618 2070 esse
1633 2014 1835 2093 exscriptum

474 2098 601 2176 ,Itaque
634 2097 764 2175 gratiam
797 2096 871 2176 ipsis
907 2097 1023 2168 habeo,
1056 2098 1124 2177 quia
1156 2098 1330 2158 vaticinium
1362 2117 1461 2158 meum
1493 2098 1743 2177 adimpleverunt
1772 2122 1837 2165 msa

467 2186 563 2267 ipsius
587 2186 698 2265 opella,
722 2185 800 2246 citra
824 2204 920 2248 meam
944 2185 1098 2266 operam.“
1145 2192 1242 2258 (Comp.
1261 2193 1318 2244 vol.
1336 2194 1356 2244 1.
1377 2210 1401 2259 p.
1420 2192 1495 2257 477.)

557 2274 607 2336 Do'
627 2273 717 2335 rebus
741 2274 869 2353 publicis
892 2276 979 2354 plura
1002 2284 1035 2335 et
1057 2275 1158 2354 lepida
1180 2277 1324 2349 afferens,
1358 2276 1474 2337 coelum
1505 2276 1605 2355 ipsum
1634 2276 1676 2337 de
1709 2280 1834 2340 mutatis

468 2383 546 2446 qnae
571 2371 730 2425 narrantur
760 2363 850 2424 rebus
873 2363 904 2425 in
923 2363 975 2442 jus
999 2364 1101 2426 vocari
1123 2372 1228 2438 vetat3
1260 2383 1289 2424 v.
1314 2384 1340 2425 c.
1375 2364 1454 2437 „etsi
1488 2374 1520 2425 et
1550 2372 1623 2443 opto
1656 2374 1691 2426 et
1714 2368 1832 2429 omniuo

466 2452 616 2526 existimo,
637 2454 704 2531 jam
723 2471 809 2514 ruere
825 2449 1043 2513 Othomanicae
1068 2453 1202 2515 familiae
1225 2452 1402 2532 potentiam,
1428 2454 1584 2514 naturales
1600 2462 1707 2516 tamen
1723 2474 1832 2518 causas

467 2561 506 2605 ex
528 2542 648 2620 trigono
672 2540 761 2619 igneo
785 2540 883 2601 nullas
907 2541 994 2601 video
1019 2538 1111 2621 (Cap.
1128 2538 1198 2614 29).
1237 2542 1283 2603 De
1307 2561 1386 2603 nova
1411 2542 1503 2603 stella
1526 2541 1602 2603 dicit
1620 2541 1720 2621 (Cap.
1738 2541 1831 2619 30):“

468 2648 525 2710 ego
555 2629 705 2691 interdum
737 2628 892 2703 existimo,
927 2630 953 2689 si
976 2628 1041 2690 Deo
1070 2631 1253 2709 placuisset,
1286 2640 1391 2709 aperte
1419 2630 1591 2692 hominibus
1624 2632 1710 2711 quod
1743 2634 1831 2695 vellet

469 2718 648 2798 siguificare,
673 2717 770 2779 literis
794 2719 877 2778 coelo
902 2718 1036 2779 exaratis
1060 2720 1240 2799 scripturum
1264 2720 1373 2792 fuisse3
1412 2719 1526 2781 frustra
1556 2718 1664 2799 itaque
1696 2720 1831 2783 homines

470 2806 670 2887 conjectando
695 2806 815 2867 divinae
838 2807 993 2885 potentiae
1017 2808 1123 2870 obniti.
1169 2809 1304 2869 Deinde:
1335 2807 1452 2887 posito,
1485 2809 1564 2887 quod
1588 2817 1689 2869 certo·
1708 2810 1831 2873 consilio

469 2916 523 2959 scu
546 2894 605 2956 Dei
628 2914 681 2956 seu
705 2904 862 2961 creaturae
891 2894 1049 2958 rationalis
1078 2897 1203 2958 incensa
1226 2896 1316 2958 fuerit
1333 2897 1409 2958 haec
1424 2897 1525 2971 stella,
1550 2896 1577 2957 si
1601 2916 1642 2958 ex
1665 2917 1714 2959 me
1739 2917 1829 2980 quae·

466 2992 567 3058 ratur,
603 3003 690 3063 quem
723 2985 761 3045 ad
794 2985 882 3046 finem
905 2985 961 3046 hoc
996 2986 1109 3047 factum
1138 2994 1259 3066 putem,
1293 2993 1390 3047 totum
1420 2985 1549 3047 Telluris
1583 2986 1711 3065 globum
1746 2986 1830 3049 nimis

467 3074 576 3136 exilem
600 3080 692 3152 puto,
727 3081 761 3134 ut
793 3091 850 3134 non
885 3093 975 3135 unum
1003 3074 1032 3136 in
1068 3094 1135 3136 eum
1168 3075 1228 3136 vim
1259 3094 1344 3136 suam
1375 3093 1453 3135 nova
1477 3075 1569 3136 stella
1593 3076 1771 3138 exseruisse
1792 3076 1830 3137 sit

465 3163 613 3246 putanda.
666 3160 779 3223 Cetera
815 3181 931 3242 quoque
968 3181 1095 3243 corpora
1135 3163 1281 3225 coelestia
1312 3163 1417 3225 incolis
1451 3163 1638 3242 frequentari
1670 3165 1829 3228 verisimile

468 3261 526 3326 est,
552 3271 608 3313 neo
632 3250 793 3313 absurdum
817 3252 885 3326 erit,
911 3271 1005 3331 aeque
1029 3252 1105 3331 ipsis
1128 3272 1165 3314 ac
1188 3253 1275 3314 nobis
1297 3254 1326 3314 in
1342 3253 1435 3313 Terra
1458 3252 1652 3315 versantibus
1677 3272 1720 3316 ex
1743 3253 1827 3315 altis·

469 3342 548 3405 sima
571 3342 697 3402 fixarum
720 3341 851 3419 sphaera
874 3341 960 3420 signa
984 3341 1077 3415 mitti,
1103 3341 1201 3420 magis
1225 3343 1327 3403 forsan
1350 3343 1483 3420 ipsomm
1507 3341 1710 3420 appropriata
1733 3340 1828 3421 captui

471 3450 559 3513 quam
584 3435 697 3491 nostro.
745 3430 881 3509 Denique
905 3429 1052 3508 prioribus
1077 3431 1151 3491 haec
1174 3431 1298 3511 Kepleri
1323 3431 1415 3491 verba
1439 3430 1631 3509 adjungenda
1655 3450 1828 3493 censemus:

472 3520 579 3598 „Rogo
605 3519 742 3593 lectores,
768 3527 802 3579 ut
825 3519 897 3580 mihi
922 3538 958 3579 ne
982 3520 1056 3579 vitio
1080 3527 1220 3591 vertant,
1251 3521 1276 3580 si
1301 3520 1454 3581 breviores
1477 3538 1566 3599 quam
1590 3519 1650 3599 ipsi
1676 3521 1755 3582 forte
1779 3539 1829 3580 ex·

472 3616 649 3691 spectarunt
673 3608 825 3670 discursus
851 3608 1037 3686 theologicos
1062 3616 1093 3669 et
1116 3609 1257 3687 politicos
1290 3609 1410 3682 inserui,
1444 3608 1697 3689 perpendantque
1729 3608 1828 3671 condi·

473 3701 586 3760 tionem
620 3717 734 3770 meam,
773 3697 821 3776 qui
859 3719 877 3758 a
911 3695 1076 3759 Caesare
1120 3699 1333 3759 conductus
1376 3717 1471 3771 sum,
1515 3716 1588 3757 non
1628 3706 1673 3758 ut
1717 3715 1830 3759 essem

468 3787 649 3869 publicus
679 3796 810 3862 vates,
842 3787 907 3848 sed
938 3796 976 3847 ut
1007 3787 1280 3847 astronomiam
1315 3806 1379 3866 pro
1410 3785 1557 3846 viribus
1587 3786 1828 3864 perficerem.

473 3876 574 3947 Quam
598 3895 654 3955 ego
678 3875 985 3955 circumscriptionem
1007 3876 1129 3936 maximi
1154 3875 1289 3936 beneficii
1314 3876 1379 3937 loco
1403 3875 1517 3947 habeo,
1548 3894 1615 3935 cnm
1639 3884 1745 3937 certus
1768 3876 1828 3945 sim,

473 3967 498 4028 si
515 3965 586 4026 mihi
602 3965 691 4026 animi
717 3984 806 4026 sensa
830 3964 966 4027 licuisset
989 3964 1071 4045 typis
1095 3982 1269 4041 expromere
1293 3965 1398 4036 libere,
1422 3971 1454 4024 et
1468 3970 1554 4024 extra
1578 3963 1696 4025 limites
1715 3964 1829 4044 profes·

473 4054 568 4117 sionis
600 4072 686 4115 meae
718 4060 842 4133 propter
866 4054 1075 4131 cognationem
1104 4072 1202 4113 rerum
1227 4054 1254 4113 in
1271 4053 1407 4132 politiam
1423 4061 1454 4115 et
1469 4051 1617 4113 ecclesiae
1642 4062 1762 4115 statum
1780 4071 1830 4113 cx-

473 4162 602 4217 currere,
628 4143 725 4204 nullas
748 4143 837 4204 hodie
860 4151 964 4222 partes
988 4161 1055 4203 esse
1079 4151 1260 4221 pugnantes,
1285 4162 1359 4221 quas
1383 4140 1545 4222 scriptione
1564 4159 1633 4201 mea
1653 4160 1714 4203 nou
1734 4141 1830 4203 fuerim

471 4235 656 4295 offensurus:
682 4232 800 4294 scilicet
823 4233 935 4294 lliacos
958 4231 1039 4292 intra
1062 4251 1162 4292 muros
1185 4241 1328 4310 peccatur
1352 4239 1382 4292 et
1406 4229 1523 4292 extra.“

561 4320 646 4382 Haec
670 4321 793 4401 Kepleri
817 4321 911 4382 verba
934 4320 1029 4400 primo
1053 4328 1178 4400 aspectu
1203 4340 1264 4382 rem
1290 4319 1521 4381 aestimantibus
1549 4335 1724 4396 repugnare
1750 4317 1831 4379 vide-

472 4412 584 4474 buntur
615 4411 669 4487 iis,
703 4411 810 4492 quihus
838 4411 1002 4489 Keplerum
1036 4412 1073 4470 ab
1102 4411 1288 4488 Imperatore
1321 4410 1409 4471 rebus
1440 4406 1632 4486 astrologicis
1667 4407 1833 4470 adhibitum

470 4521 539 4563 esse
565 4500 704 4562 diximus.
752 4502 865 4562 Verum
897 4500 945 4579 qui
969 4500 1165 4578 Imperatoris
1199 4499 1350 4578 ingenium
1380 4507 1411 4559 et
1439 4517 1472 4557 re
1502 4496 1653 4574 factisque
1684 4498 1832 4577 cognitum

471 4599 503 4654 et
532 4591 635 4652 multis
668 4590 792 4669 Kepleri
823 4588 918 4670 ipsius
950 4589 1132 4650 testimoniis
1166 4589 1406 4667 cognoscendum
1439 4584 1646 4668 spectaverit,
1680 4586 1832 4648 nobiscum

470 4680 651 4743 consentiet.
698 4680 831 4761 Keplero
856 4678 933 4739 enim
958 4698 1136 4759 quamquam
1161 4698 1198 4739 ea
1221 4678 1350 4739 maxime
1374 4675 1528 4757 provincia
1550 4673 1670 4736 tradita
1693 4684 1783 4749 erat,
1805 4678 1833 4734 ut

470 4789 519 4832 res
543 4790 562 4830 a
586 4769 728 4851 Tychone
758 4770 895 4850 inceptas
920 4788 985 4829 cum
1009 4769 1087 4829 alias
1120 4776 1184 4828 tum
1212 4768 1333 4828 tabulas
1366 4765 1494 4827 maximo
1523 4762 1703 4846 perficeret,
1738 4772 1832 4826 tamen

468 4866 592 4941 praeter
623 4858 693 4919 illas
726 4878 781 4920 eae
816 4878 932 4939 quoque
965 4866 1069 4939 partes
1101 4858 1220 4918 delatae
1250 4864 1355 4930 erant,
1390 4863 1423 4915 ut
1453 4854 1483 4915 in
1517 4851 1717 4932 astrologicis
1752 4852 1832 4915 rebus

470 4953 594 5027 praesto
619 4956 702 5009 esset
716 4948 903 5026 Imperatori,
930 4967 1017 5027 quem
1041 4947 1143 5021 multa,
1171 4966 1246 5027 quae
1270 4944 1418 5007 liberioris
1438 4942 1542 5023 judicii
1557 4941 1649 5002 homo
1668 4948 1831 5023 respueret

471 5033 666 5116 proposuisse
690 5038 831 5099 credibile
860 5045 918 5099 est.
967 5035 1068 5107 Quare
1092 5036 1241 5116 Keplerus
1274 5044 1308 5097 ut
1338 5054 1370 5094 re
1394 5031 1609 5094 molestissima
1645 5030 1830 5098 liberaretur,

473 5142 563 5204 quum
585 5133 707 5203 posset,
741 5126 802 5186 alia
830 5146 906 5209 quae
938 5126 995 5189 sibi
1020 5134 1124 5188 essent
1152 5126 1290 5188 facienda
1322 5122 1496 5186 excusabat.
1542 5120 1620 5181 Inde
1654 5120 1732 5195 illa,
1765 5133 1830 5201 quat
