<?xml version="1.0" encoding="UTF-8"?>
<!DOCTYPE html PUBLIC "-//W3C//DTD XHTML 1.0 Transitional//EN"
    "http://www.w3.org/TR/xhtml1/DTD/xhtml1-transitional.dtd">
<html xmlns="http://www.w3.org/1999/xhtml" xml:lang="en" lang="en">
 <head>
  <title>
</title>
<meta http-equiv="Content-Type" content="text/html;charset=utf-8" />
  <meta name='ocr-system' content='tesseract 3.04.00' />
  <meta name='ocr-capabilities' content='ocr_page ocr_carea ocr_par ocr_line ocrx_word'/>
</head>
<body>
  <div class='ocr_page' id='page_1' title='image "./joanniskepleria02frisgoog_0630.png"; bbox 0 0 4584 6192; ppageno 0'>
   <div class='ocr_carea' id='block_1_1' title="bbox 994 537 1735 692">
    <p class='ocr_par' dir='ltr' id='par_1_1' title="bbox 994 537 1735 692">
     <span class='ocr_line' id='line_1_1' title="bbox 994 537 1735 692; baseline 0.001 -38"><span class='ocrx_word' id='word_1_1' title='bbox 994 537 1113 654; x_wconf 61' lang='lat' dir='ltr'>cents</span> <span class='ocrx_word' id='word_1_2' title='bbox 1381 672 1398 692; x_wconf 75' lang='lat'>,</span> <span class='ocrx_word' id='word_1_3' title='bbox 1670 588 1735 656; x_wconf 85' lang='grc'><strong>3111</strong></span> 
     </span>
    </p>
   </div>
   <div class='ocr_carea' id='block_1_2' title="bbox 368 759 1734 2260">
    <p class='ocr_par' dir='ltr' id='par_1_2' title="bbox 368 759 1734 1445">
     <span class='ocr_line' id='line_1_2' title="bbox 461 759 1733 843; baseline 0.005 -20"><span class='ocrx_word' id='word_1_4' title='bbox 461 764 579 825; x_wconf 85' lang='lat' dir='ltr'>Eodem</span> <span class='ocrx_word' id='word_1_5' title='bbox 602 759 687 841; x_wconf 78' lang='grc'><strong>2112.</strong></span> <span class='ocrx_word' id='word_1_6' title='bbox 713 764 782 827; x_wconf 86' lang='lat' dir='ltr'>Oct</span> <span class='ocrx_word' id='word_1_7' title='bbox 807 764 934 825; x_wconf 91' lang='lat' dir='ltr'>eandem</span> <span class='ocrx_word' id='word_1_8' title='bbox 956 765 1084 843; x_wconf 89' lang='lat' dir='ltr'>primum</span> <span class='ocrx_word' id='word_1_9' title='bbox 1107 772 1157 824; x_wconf 89' lang='lat' dir='ltr'>est</span> <span class='ocrx_word' id='word_1_10' title='bbox 1179 764 1372 842; x_wconf 81' lang='lat' dir='ltr'>conspicatus</span> <span class='ocrx_word' id='word_1_11' title='bbox 1394 775 1426 826; x_wconf 90' lang='lat' dir='ltr'>et</span> <span class='ocrx_word' id='word_1_12' title='bbox 1448 766 1610 827; x_wconf 78' lang='lat' dir='ltr'>Helisaeus</span> <span class='ocrx_word' id='word_1_13' title='bbox 1629 768 1733 829; x_wconf 85' lang='lat' dir='ltr'>Roes·</span> 
     </span>
     <span class='ocr_line' id='line_1_3' title="bbox 373 850 1732 934; baseline 0.004 -23"><span class='ocrx_word' id='word_1_14' title='bbox 373 850 455 912; x_wconf 90' lang='lat' dir='ltr'>linus</span> <span class='ocrx_word' id='word_1_15' title='bbox 478 853 509 912; x_wconf 92' lang='lat' dir='ltr'>in</span> <span class='ocrx_word' id='word_1_16' title='bbox 530 853 655 914; x_wconf 86' lang='lat' dir='ltr'>Alsatia</span> <span class='ocrx_word' id='word_1_17' title='bbox 678 854 757 914; x_wconf 89' lang='lat' dir='ltr'>inter</span> <span class='ocrx_word' id='word_1_18' title='bbox 779 854 986 934; x_wconf 69' lang='lat' dir='ltr'>equitandum</span> <span class='ocrx_word' id='word_1_19' title='bbox 1012 853 1227 931; x_wconf 79' lang='lat' dir='ltr'>cumprimum</span> <span class='ocrx_word' id='word_1_20' title='bbox 1250 853 1334 913; x_wconf 89' lang='lat' dir='ltr'>illam</span> <span class='ocrx_word' id='word_1_21' title='bbox 1357 873 1493 914; x_wconf 88' lang='lat' dir='ltr'>serenam</span> <span class='ocrx_word' id='word_1_22' title='bbox 1518 862 1625 915; x_wconf 86' lang='lat' dir='ltr'>nactus</span> <span class='ocrx_word' id='word_1_23' title='bbox 1648 865 1732 917; x_wconf 89' lang='lat' dir='ltr'>esset</span> 
     </span>
     <span class='ocr_line' id='line_1_4' title="bbox 374 935 1732 1020; baseline 0.004 -22"><span class='ocrx_word' id='word_1_24' title='bbox 374 958 534 1019; x_wconf 80' lang='lat' dir='ltr'>vesperam</span> <span class='ocrx_word' id='word_1_25' title='bbox 564 949 636 1020; x_wconf 89' lang='lat' dir='ltr'>post</span> <span class='ocrx_word' id='word_1_26' title='bbox 663 942 820 1003; x_wconf 89' lang='lat' dir='ltr'>diuturnas</span> <span class='ocrx_word' id='word_1_27' title='bbox 848 942 976 1020; x_wconf 79' lang='lat' dir='ltr'>pluvias.</span> <span class='ocrx_word' id='word_1_28' title='bbox 1023 935 1190 1020; x_wconf 84' lang='grc'><strong>11133113.</strong></span> <span class='ocrx_word' id='word_1_29' title='bbox 1216 941 1283 1002; x_wconf 88' lang='lat' dir='ltr'>Oct.</span> <span class='ocrx_word' id='word_1_30' title='bbox 1308 943 1424 1020; x_wconf 87' lang='lat' dir='ltr'>passim</span> <span class='ocrx_word' id='word_1_31' title='bbox 1447 951 1495 1003; x_wconf 90' lang='lat' dir='ltr'>est</span> <span class='ocrx_word' id='word_1_32' title='bbox 1517 944 1732 1004; x_wconf 89' lang='lat' dir='ltr'>animadversa</span> 
     </span>
     <span class='ocr_line' id='line_1_5' title="bbox 375 1025 1734 1109; baseline 0.003 -20"><span class='ocrx_word' id='word_1_33' title='bbox 375 1027 407 1089; x_wconf 93' lang='lat' dir='ltr'>in</span> <span class='ocrx_word' id='word_1_34' title='bbox 428 1029 667 1108; x_wconf 88' lang='lat' dir='ltr'>Wirtenbergia.</span> <span class='ocrx_word' id='word_1_35' title='bbox 713 1031 829 1092; x_wconf 84' lang='lat' dir='ltr'>Eodem</span> <span class='ocrx_word' id='word_1_36' title='bbox 859 1025 944 1109; x_wconf 85' lang='grc'><strong>3113.</strong></span> <span class='ocrx_word' id='word_1_37' title='bbox 979 1030 1047 1092; x_wconf 89' lang='lat' dir='ltr'>Oct.</span> <span class='ocrx_word' id='word_1_38' title='bbox 1081 1030 1183 1090; x_wconf 85' lang='lat' dir='ltr'>David</span> <span class='ocrx_word' id='word_1_39' title='bbox 1214 1030 1376 1091; x_wconf 85' lang='lat' dir='ltr'>Fabricius</span> <span class='ocrx_word' id='word_1_40' title='bbox 1403 1031 1433 1091; x_wconf 93' lang='lat' dir='ltr'>in</span> <span class='ocrx_word' id='word_1_41' title='bbox 1465 1031 1566 1092; x_wconf 87' lang='lat' dir='ltr'>Frisia</span> <span class='ocrx_word' id='word_1_42' title='bbox 1594 1041 1626 1091; x_wconf 90' lang='lat' dir='ltr'>et</span> <span class='ocrx_word' id='word_1_43' title='bbox 1655 1032 1734 1093; x_wconf 83' lang='lat' dir='ltr'>vidit</span> 
     </span>
     <span class='ocr_line' id='line_1_6' title="bbox 373 1117 1734 1198; baseline 0.003 -21"><span class='ocrx_word' id='word_1_44' title='bbox 373 1117 458 1178; x_wconf 89' lang='lat' dir='ltr'>illam</span> <span class='ocrx_word' id='word_1_45' title='bbox 482 1127 513 1177; x_wconf 92' lang='lat' dir='ltr'>et</span> <span class='ocrx_word' id='word_1_46' title='bbox 535 1120 659 1196; x_wconf 80' lang='lat' dir='ltr'>agnovit</span> <span class='ocrx_word' id='word_1_47' title='bbox 683 1130 714 1179; x_wconf 89' lang='lat' dir='ltr'>et</span> <span class='ocrx_word' id='word_1_48' title='bbox 737 1119 911 1180; x_wconf 68' lang='lat' dir='ltr'>observarit</span> <span class='ocrx_word' id='word_1_49' title='bbox 932 1119 990 1179; x_wconf 93' lang='lat' dir='ltr'>hoc</span> <span class='ocrx_word' id='word_1_50' title='bbox 1013 1128 1045 1178; x_wconf 91' lang='lat' dir='ltr'>et</span> <span class='ocrx_word' id='word_1_51' title='bbox 1060 1119 1196 1198; x_wconf 82' lang='lat' dir='ltr'>sequenti</span> <span class='ocrx_word' id='word_1_52' title='bbox 1213 1118 1261 1177; x_wconf 93' lang='lat' dir='ltr'>die</span> <span class='ocrx_word' id='word_1_53' title='bbox 1278 1118 1485 1179; x_wconf 85' lang='lat' dir='ltr'><strong>instrumentis</strong></span> <span class='ocrx_word' id='word_1_54' title='bbox 1502 1120 1566 1179; x_wconf 91' lang='lat' dir='ltr'>suis</span> <span class='ocrx_word' id='word_1_55' title='bbox 1582 1121 1734 1181; x_wconf 87' lang='lat' dir='ltr'>accuratis</span> 
     </span>
     <span class='ocr_line' id='line_1_7' title="bbox 373 1202 1733 1287; baseline 0.002 -22"><span class='ocrx_word' id='word_1_56' title='bbox 373 1206 414 1265; x_wconf 88' lang='lat' dir='ltr'>ad</span> <span class='ocrx_word' id='word_1_57' title='bbox 430 1207 515 1283; x_wconf 89' lang='lat' dir='ltr'>leges</span> <span class='ocrx_word' id='word_1_58' title='bbox 531 1207 720 1286; x_wconf 82' lang='lat' dir='ltr'>Tycbonieas</span> <span class='ocrx_word' id='word_1_59' title='bbox 743 1207 948 1269; x_wconf 88' lang='lat' dir='ltr'>conformatis.</span> <span class='ocrx_word' id='word_1_60' title='bbox 995 1207 1054 1269; x_wconf 92' lang='lat' dir='ltr'>Die</span> <span class='ocrx_word' id='word_1_61' title='bbox 1083 1202 1169 1287; x_wconf 75' lang='grc'><strong>11114.</strong></span> <span class='ocrx_word' id='word_1_62' title='bbox 1195 1206 1263 1268; x_wconf 89' lang='lat' dir='ltr'>Oct.</span> <span class='ocrx_word' id='word_1_63' title='bbox 1289 1225 1342 1285; x_wconf 81' lang='lat' dir='ltr'>per</span> <span class='ocrx_word' id='word_1_64' title='bbox 1371 1208 1465 1267; x_wconf 93' lang='lat' dir='ltr'>nubes</span> <span class='ocrx_word' id='word_1_65' title='bbox 1495 1207 1642 1285; x_wconf 86' lang='lat' dir='ltr'>fulgorem</span> <span class='ocrx_word' id='word_1_66' title='bbox 1665 1219 1733 1270; x_wconf 85' lang='lat' dir='ltr'>tra-</span> 
     </span>
     <span class='ocr_line' id='line_1_8' title="bbox 368 1294 1734 1374; baseline 0.003 -20"><span class='ocrx_word' id='word_1_67' title='bbox 368 1294 485 1373; x_wconf 89' lang='lat' dir='ltr'>jectum</span> <span class='ocrx_word' id='word_1_68' title='bbox 500 1297 739 1374; x_wconf 79' lang='lat' dir='ltr'>repraesentavit</span> <span class='ocrx_word' id='word_1_69' title='bbox 754 1298 928 1368; x_wconf 84' lang='lat' dir='ltr'>Maestlino‚</span> <span class='ocrx_word' id='word_1_70' title='bbox 943 1296 996 1355; x_wconf 91' lang='lat' dir='ltr'>sed</span> <span class='ocrx_word' id='word_1_71' title='bbox 1013 1295 1158 1355; x_wconf 81' lang='lat' dir='ltr'>novitatis</span> <span class='ocrx_word' id='word_1_72' title='bbox 1174 1295 1218 1355; x_wconf 93' lang='lat' dir='ltr'>illi</span> <span class='ocrx_word' id='word_1_73' title='bbox 1234 1295 1363 1355; x_wconf 91' lang='lat' dir='ltr'>nondum</span> <span class='ocrx_word' id='word_1_74' title='bbox 1379 1296 1543 1356; x_wconf 88' lang='lat' dir='ltr'>manifesta</span> <span class='ocrx_word' id='word_1_75' title='bbox 1559 1297 1597 1356; x_wconf 95' lang='lat' dir='ltr'>ob</span> <span class='ocrx_word' id='word_1_76' title='bbox 1612 1297 1734 1358; x_wconf 91' lang='lat' dir='ltr'>nubium</span> 
     </span>
     <span class='ocr_line' id='line_1_9' title="bbox 373 1383 576 1445; baseline -0.01 -1"><span class='ocrx_word' id='word_1_77' title='bbox 373 1383 576 1445; x_wconf 69' lang='lat' dir='ltr'>crebritatem.</span> 
     </span>
    </p>

    <p class='ocr_par' dir='ltr' id='par_1_3' title="bbox 372 1466 1734 1906">
     <span class='ocr_line' id='line_1_10' title="bbox 464 1466 1732 1551; baseline 0.001 -19"><span class='ocrx_word' id='word_1_78' title='bbox 464 1473 598 1533; x_wconf 79' lang='lat' dir='ltr'>Tandem</span> <span class='ocrx_word' id='word_1_79' title='bbox 622 1473 670 1533; x_wconf 92' lang='lat' dir='ltr'>hic</span> <span class='ocrx_word' id='word_1_80' title='bbox 693 1474 812 1551; x_wconf 89' lang='lat' dir='ltr'>Pragae</span> <span class='ocrx_word' id='word_1_81' title='bbox 836 1474 884 1532; x_wconf 92' lang='lat' dir='ltr'>die</span> <span class='ocrx_word' id='word_1_82' title='bbox 902 1466 985 1538; x_wconf 86' lang='grc'><strong>6116.</strong></span> <span class='ocrx_word' id='word_1_83' title='bbox 1003 1472 1071 1533; x_wconf 84' lang='lat' dir='ltr'>Oct</span> <span class='ocrx_word' id='word_1_84' title='bbox 1090 1471 1216 1550; x_wconf 90' lang='lat' dir='ltr'>depulsa</span> <span class='ocrx_word' id='word_1_85' title='bbox 1238 1472 1320 1531; x_wconf 90' lang='lat' dir='ltr'>fuere</span> <span class='ocrx_word' id='word_1_86' title='bbox 1336 1471 1449 1544; x_wconf 90' lang='lat' dir='ltr'>nubila,</span> <span class='ocrx_word' id='word_1_87' title='bbox 1474 1473 1528 1532; x_wconf 92' lang='lat' dir='ltr'>sed</span> <span class='ocrx_word' id='word_1_88' title='bbox 1544 1472 1596 1531; x_wconf 82' lang='lat' dir='ltr'>vix</span> <span class='ocrx_word' id='word_1_89' title='bbox 1610 1490 1732 1551; x_wconf 82' lang='lat' dir='ltr'>pamm3</span> 
     </span>
     <span class='ocr_line' id='line_1_11' title="bbox 374 1559 1733 1639; baseline 0 -19"><span class='ocrx_word' id='word_1_90' title='bbox 374 1580 443 1621; x_wconf 91' lang='lat' dir='ltr'>cum</span> <span class='ocrx_word' id='word_1_91' title='bbox 465 1571 589 1639; x_wconf 88' lang='lat' dir='ltr'>praesto</span> <span class='ocrx_word' id='word_1_92' title='bbox 613 1562 695 1621; x_wconf 89' lang='lat' dir='ltr'>fuere</span> <span class='ocrx_word' id='word_1_93' title='bbox 718 1561 933 1622; x_wconf 85' lang='lat' dir='ltr'>Brunowskius</span> <span class='ocrx_word' id='word_1_94' title='bbox 957 1569 989 1620; x_wconf 90' lang='lat' dir='ltr'>et</span> <span class='ocrx_word' id='word_1_95' title='bbox 1011 1561 1177 1622; x_wconf 86' lang='lat' dir='ltr'>Schulerus</span> <span class='ocrx_word' id='word_1_96' title='bbox 1207 1577 1308 1632; x_wconf 90' lang='lat' dir='ltr'>mens,</span> <span class='ocrx_word' id='word_1_97' title='bbox 1339 1559 1391 1619; x_wconf 91' lang='lat' dir='ltr'>ille</span> <span class='ocrx_word' id='word_1_98' title='bbox 1415 1560 1636 1620; x_wconf 90' lang='lat' dir='ltr'>confirmandae</span> <span class='ocrx_word' id='word_1_99' title='bbox 1659 1581 1733 1621; x_wconf 86' lang='lat' dir='ltr'>suae</span> 
     </span>
     <span class='ocr_line' id='line_1_12' title="bbox 372 1648 1733 1728; baseline 0 -19"><span class='ocrx_word' id='word_1_100' title='bbox 372 1650 524 1723; x_wconf 90' lang='lat' dir='ltr'>relationi,</span> <span class='ocrx_word' id='word_1_101' title='bbox 549 1650 598 1710; x_wconf 93' lang='lat' dir='ltr'>hic</span> <span class='ocrx_word' id='word_1_102' title='bbox 622 1650 648 1709; x_wconf 91' lang='lat' dir='ltr'>si</span> <span class='ocrx_word' id='word_1_103' title='bbox 672 1650 860 1728; x_wconf 87' lang='lat' dir='ltr'>contingeret</span> <span class='ocrx_word' id='word_1_104' title='bbox 882 1649 1059 1710; x_wconf 84' lang='lat' dir='ltr'>refutandae</span> <span class='ocrx_word' id='word_1_105' title='bbox 1083 1650 1227 1709; x_wconf 76' lang='lat' dir='ltr'>intentae.</span> <span class='ocrx_word' id='word_1_106' title='bbox 1268 1649 1403 1708; x_wconf 90' lang='lat' dir='ltr'>Monitns</span> <span class='ocrx_word' id='word_1_107' title='bbox 1427 1649 1521 1726; x_wconf 92' lang='lat' dir='ltr'>igitur</span> <span class='ocrx_word' id='word_1_108' title='bbox 1543 1669 1562 1707; x_wconf 91' lang='lat' dir='ltr'>a</span> <span class='ocrx_word' id='word_1_109' title='bbox 1585 1648 1733 1710; x_wconf 89' lang='lat' dir='ltr'>Schnlero</span> 
     </span>
     <span class='ocr_line' id='line_1_13' title="bbox 374 1737 1734 1817; baseline 0.001 -20"><span class='ocrx_word' id='word_1_110' title='bbox 374 1738 446 1799; x_wconf 93' lang='lat' dir='ltr'>dnm</span> <span class='ocrx_word' id='word_1_111' title='bbox 471 1738 569 1798; x_wconf 91' lang='lat' dir='ltr'>locum</span> <span class='ocrx_word' id='word_1_112' title='bbox 593 1739 762 1798; x_wconf 88' lang='lat' dir='ltr'>conscendo</span> <span class='ocrx_word' id='word_1_113' title='bbox 787 1739 936 1811; x_wconf 90' lang='lat' dir='ltr'>idoneum,</span> <span class='ocrx_word' id='word_1_114' title='bbox 957 1740 1021 1817; x_wconf 91' lang='lat' dir='ltr'>jam</span> <span class='ocrx_word' id='word_1_115' title='bbox 1045 1738 1099 1798; x_wconf 89' lang='lat' dir='ltr'>illa</span> <span class='ocrx_word' id='word_1_116' title='bbox 1115 1737 1191 1797; x_wconf 92' lang='lat' dir='ltr'>coeli</span> <span class='ocrx_word' id='word_1_117' title='bbox 1214 1756 1286 1814; x_wconf 88' lang='lat' dir='ltr'>pars</span> <span class='ocrx_word' id='word_1_118' title='bbox 1310 1755 1347 1796; x_wconf 81' lang='lat' dir='ltr'>ex</span> <span class='ocrx_word' id='word_1_119' title='bbox 1371 1737 1438 1797; x_wconf 86' lang='lat' dir='ltr'>visu</span> <span class='ocrx_word' id='word_1_120' title='bbox 1453 1737 1578 1797; x_wconf 89' lang='lat' dir='ltr'>abierat.</span> <span class='ocrx_word' id='word_1_121' title='bbox 1617 1738 1734 1799; x_wconf 88' lang='lat' dir='ltr'>Eodem</span> 
     </span>
     <span class='ocr_line' id='line_1_14' title="bbox 374 1819 1239 1906; baseline -0.005 -18"><span class='ocrx_word' id='word_1_122' title='bbox 374 1819 461 1906; x_wconf 84' lang='grc'><strong>6116.</strong></span> <span class='ocrx_word' id='word_1_123' title='bbox 488 1827 556 1889; x_wconf 86' lang='lat' dir='ltr'>Oct.</span> <span class='ocrx_word' id='word_1_124' title='bbox 583 1827 662 1886; x_wconf 91' lang='grc'><strong>31313</strong></span> <span class='ocrx_word' id='word_1_125' title='bbox 688 1828 754 1887; x_wconf 84' lang='grc'><strong>1133</strong></span> <span class='ocrx_word' id='word_1_126' title='bbox 777 1838 861 1887; x_wconf 85' lang='grc'><strong>3313</strong></span> <span class='ocrx_word' id='word_1_127' title='bbox 885 1827 1049 1887; x_wconf 88' lang='lat' dir='ltr'>Maestlino</span> <span class='ocrx_word' id='word_1_128' title='bbox 1073 1826 1239 1903; x_wconf 89' lang='lat' dir='ltr'>Tubingae.</span> 
     </span>
    </p>

    <p class='ocr_par' dir='ltr' id='par_1_4' title="bbox 372 1910 1733 2260">
     <span class='ocr_line' id='line_1_15' title="bbox 465 1910 1733 1996; baseline 0 -21"><span class='ocrx_word' id='word_1_129' title='bbox 465 1915 610 1996; x_wconf 88' lang='lat' dir='ltr'>Sequenti</span> <span class='ocrx_word' id='word_1_130' title='bbox 634 1916 683 1975; x_wconf 92' lang='lat' dir='ltr'>die</span> <span class='ocrx_word' id='word_1_131' title='bbox 708 1910 792 1991; x_wconf 92' lang='grc'><strong>7117.</strong></span> <span class='ocrx_word' id='word_1_132' title='bbox 818 1915 886 1976; x_wconf 84' lang='lat' dir='ltr'>Oct</span> <span class='ocrx_word' id='word_1_133' title='bbox 912 1916 996 1976; x_wconf 93' lang='lat' dir='ltr'>coelo</span> <span class='ocrx_word' id='word_1_134' title='bbox 1027 1915 1196 1976; x_wconf 88' lang='lat' dir='ltr'>clarissimo</span> <span class='ocrx_word' id='word_1_135' title='bbox 1229 1914 1389 1974; x_wconf 73' lang='lat' dir='ltr'>observati</span> <span class='ocrx_word' id='word_1_136' title='bbox 1419 1914 1504 1974; x_wconf 92' lang='lat' dir='ltr'>illam</span> <span class='ocrx_word' id='word_1_137' title='bbox 1532 1932 1587 1992; x_wconf 90' lang='lat' dir='ltr'>pro</span> <span class='ocrx_word' id='word_1_138' title='bbox 1619 1913 1678 1974; x_wconf 90' lang='lat' dir='ltr'>loci</span> <span class='ocrx_word' id='word_1_139' title='bbox 1702 1922 1733 1975; x_wconf 88' lang='lat' dir='ltr'>et</span> 
     </span>
     <span class='ocr_line' id='line_1_16' title="bbox 374 2002 1732 2084; baseline -0.001 -21"><span class='ocrx_word' id='word_1_140' title='bbox 374 2002 642 2065; x_wconf 86' lang='lat' dir='ltr'>instrumentorum</span> <span class='ocrx_word' id='word_1_141' title='bbox 667 2004 900 2084; x_wconf 85' lang='lat' dir='ltr'>opportunitate.</span> <span class='ocrx_word' id='word_1_142' title='bbox 947 2005 995 2064; x_wconf 82' lang='lat' dir='ltr'>Ex</span> <span class='ocrx_word' id='word_1_143' title='bbox 1020 2024 1054 2065; x_wconf 94' lang='lat' dir='ltr'>eo</span> <span class='ocrx_word' id='word_1_144' title='bbox 1079 2004 1176 2063; x_wconf 90' lang='lat' dir='ltr'>literis</span> <span class='ocrx_word' id='word_1_145' title='bbox 1200 2002 1314 2082; x_wconf 88' lang='lat' dir='ltr'>passim</span> <span class='ocrx_word' id='word_1_146' title='bbox 1338 2002 1483 2063; x_wconf 89' lang='lat' dir='ltr'>admoniti</span> <span class='ocrx_word' id='word_1_147' title='bbox 1508 2003 1655 2063; x_wconf 77' lang='lat' dir='ltr'>universi:</span> <span class='ocrx_word' id='word_1_148' title='bbox 1680 2022 1732 2063; x_wconf 91' lang='lat' dir='ltr'>re-</span> 
     </span>
     <span class='ocr_line' id='line_1_17' title="bbox 372 2090 1733 2173; baseline 0 -22"><span class='ocrx_word' id='word_1_149' title='bbox 372 2091 493 2173; x_wconf 81' lang='lat' dir='ltr'>fertque</span> <span class='ocrx_word' id='word_1_150' title='bbox 522 2094 776 2154; x_wconf 87' lang='lat' dir='ltr'>Bartholomaeus</span> <span class='ocrx_word' id='word_1_151' title='bbox 810 2093 986 2165; x_wconf 91' lang='lat' dir='ltr'>Crestiuus,</span> <span class='ocrx_word' id='word_1_152' title='bbox 1018 2092 1190 2154; x_wconf 88' lang='lat' dir='ltr'>Sabaudiae</span> <span class='ocrx_word' id='word_1_153' title='bbox 1222 2091 1373 2169; x_wconf 89' lang='lat' dir='ltr'>Principis</span> <span class='ocrx_word' id='word_1_154' title='bbox 1402 2090 1651 2164; x_wconf 88' lang='lat' dir='ltr'>mathematicus,</span> <span class='ocrx_word' id='word_1_155' title='bbox 1684 2092 1733 2152; x_wconf 92' lang='lat' dir='ltr'>die</span> 
     </span>
     <span class='ocr_line' id='line_1_18' title="bbox 373 2179 1731 2260; baseline 0.001 -21"><span class='ocrx_word' id='word_1_156' title='bbox 373 2179 458 2260; x_wconf 85' lang='grc'><strong>7117.</strong></span> <span class='ocrx_word' id='word_1_157' title='bbox 483 2183 561 2242; x_wconf 79' lang='lat' dir='ltr'>Nor.</span> <span class='ocrx_word' id='word_1_158' title='bbox 581 2182 646 2260; x_wconf 87' lang='lat' dir='ltr'>jam</span> <span class='ocrx_word' id='word_1_159' title='bbox 669 2181 803 2242; x_wconf 88' lang='lat' dir='ltr'>adfuisse</span> <span class='ocrx_word' id='word_1_160' title='bbox 837 2182 943 2242; x_wconf 88' lang='lat' dir='ltr'>literas</span> <span class='ocrx_word' id='word_1_161' title='bbox 976 2201 1014 2242; x_wconf 83' lang='lat' dir='ltr'>ex</span> <span class='ocrx_word' id='word_1_162' title='bbox 1037 2182 1194 2259; x_wconf 89' lang='lat' dir='ltr'>Hispaniis</span> <span class='ocrx_word' id='word_1_163' title='bbox 1223 2180 1262 2239; x_wconf 91' lang='lat' dir='ltr'>ad</span> <span class='ocrx_word' id='word_1_164' title='bbox 1287 2199 1372 2239; x_wconf 91' lang='lat' dir='ltr'>snum</span> <span class='ocrx_word' id='word_1_165' title='bbox 1395 2180 1565 2258; x_wconf 87' lang='lat' dir='ltr'>Principem</span> <span class='ocrx_word' id='word_1_166' title='bbox 1590 2181 1731 2259; x_wconf 89' lang='lat' dir='ltr'>scriptas,</span> 
     </span>
    </p>
   </div>
   <div class='ocr_carea' id='block_1_3' title="bbox 372 2265 1842 2350">
    <p class='ocr_par' dir='ltr' id='par_1_5' title="bbox 372 2265 1842 2350">
     <span class='ocr_line' id='line_1_19' title="bbox 372 2265 1842 2350; baseline -0.002 -19"><span class='ocrx_word' id='word_1_167' title='bbox 372 2270 482 2350; x_wconf 90' lang='lat' dir='ltr'>quibus</span> <span class='ocrx_word' id='word_1_168' title='bbox 505 2270 576 2331; x_wconf 84' lang='lat' dir='ltr'>novi</span> <span class='ocrx_word' id='word_1_169' title='bbox 601 2270 709 2330; x_wconf 89' lang='lat' dir='ltr'>sideris</span> <span class='ocrx_word' id='word_1_170' title='bbox 734 2280 857 2331; x_wconf 82' lang='lat' dir='ltr'>exortus</span> <span class='ocrx_word' id='word_1_171' title='bbox 880 2272 1093 2331; x_wconf 85' lang='lat' dir='ltr'>celebraretur.</span> <span class='ocrx_word' id='word_1_172' title='bbox 1140 2270 1199 2331; x_wconf 91' lang='lat' dir='ltr'>Die</span> <span class='ocrx_word' id='word_1_173' title='bbox 1233 2265 1336 2348; x_wconf 83' lang='grc'><strong>11121.</strong></span> <span class='ocrx_word' id='word_1_174' title='bbox 1363 2268 1431 2329; x_wconf 88' lang='grc'><strong>031.</strong></span> <span class='ocrx_word' id='word_1_175' title='bbox 1458 2269 1620 2328; x_wconf 79' lang='lat' dir='ltr'>observata</span> <span class='ocrx_word' id='word_1_176' title='bbox 1642 2278 1691 2329; x_wconf 90' lang='lat' dir='ltr'>est</span> <span class='ocrx_word' id='word_1_177' title='bbox 1713 2289 1733 2328; x_wconf 88' lang='lat' dir='ltr'>a</span> <span class='ocrx_word' id='word_1_178' title='bbox 1835 2292 1842 2310; x_wconf 95' lang='lat'><strong>·</strong></span> 
     </span>
    </p>
   </div>
   <div class='ocr_carea' id='block_1_4' title="bbox 346 2356 1734 4925">
    <p class='ocr_par' dir='ltr' id='par_1_6' title="bbox 371 2356 1731 2527">
     <span class='ocr_line' id='line_1_20' title="bbox 371 2356 1731 2439; baseline -0.004 -18"><span class='ocrx_word' id='word_1_179' title='bbox 371 2361 465 2422; x_wconf 88' lang='lat' dir='ltr'>Justo</span> <span class='ocrx_word' id='word_1_180' title='bbox 488 2359 601 2439; x_wconf 86' lang='lat' dir='ltr'>Byrgio</span> <span class='ocrx_word' id='word_1_181' title='bbox 624 2378 679 2437; x_wconf 91' lang='lat' dir='ltr'>per</span> <span class='ocrx_word' id='word_1_182' title='bbox 710 2360 941 2420; x_wconf 90' lang='lat' dir='ltr'>instrumentum</span> <span class='ocrx_word' id='word_1_183' title='bbox 972 2381 991 2419; x_wconf 90' lang='lat' dir='ltr'>a</span> <span class='ocrx_word' id='word_1_184' title='bbox 1015 2379 1047 2420; x_wconf 91' lang='lat' dir='ltr'>se</span> <span class='ocrx_word' id='word_1_185' title='bbox 1077 2367 1227 2437; x_wconf 88' lang='lat' dir='ltr'>paratum,</span> <span class='ocrx_word' id='word_1_186' title='bbox 1261 2357 1366 2417; x_wconf 91' lang='lat' dir='ltr'>eodem</span> <span class='ocrx_word' id='word_1_187' title='bbox 1400 2356 1603 2417; x_wconf 86' lang='lat' dir='ltr'>aFranoisco</span> <span class='ocrx_word' id='word_1_188' title='bbox 1627 2358 1731 2436; x_wconf 90' lang='lat' dir='ltr'>Teng-</span> 
     </span>
     <span class='ocr_line' id='line_1_21' title="bbox 371 2445 1539 2527; baseline -0.003 -19"><span class='ocrx_word' id='word_1_189' title='bbox 371 2448 476 2526; x_wconf 88' lang='lat' dir='ltr'>naglio</span> <span class='ocrx_word' id='word_1_190' title='bbox 500 2459 531 2508; x_wconf 91' lang='lat' dir='ltr'>et</span> <span class='ocrx_word' id='word_1_191' title='bbox 553 2467 600 2508; x_wconf 91' lang='lat' dir='ltr'>me</span> <span class='ocrx_word' id='word_1_192' title='bbox 623 2466 677 2526; x_wconf 92' lang='lat' dir='ltr'>per</span> <span class='ocrx_word' id='word_1_193' title='bbox 700 2448 902 2527; x_wconf 78' lang='lat' dir='ltr'>Tycbouicum</span> <span class='ocrx_word' id='word_1_194' title='bbox 926 2457 1097 2509; x_wconf 79' lang='lat' dir='ltr'>sextantem</span> <span class='ocrx_word' id='word_1_195' title='bbox 1121 2447 1152 2507; x_wconf 92' lang='lat' dir='ltr'>in</span> <span class='ocrx_word' id='word_1_196' title='bbox 1175 2446 1319 2507; x_wconf 82' lang='lat' dir='ltr'>viridario</span> <span class='ocrx_word' id='word_1_197' title='bbox 1344 2445 1539 2507; x_wconf 86' lang='lat' dir='ltr'>Caesariano.</span> 
     </span>
    </p>

    <p class='ocr_par' dir='ltr' id='par_1_7' title="bbox 371 2534 1732 3150">
     <span class='ocr_line' id='line_1_22' title="bbox 461 2534 1732 2615; baseline -0.001 -18"><span class='ocrx_word' id='word_1_198' title='bbox 461 2538 583 2598; x_wconf 88' lang='lat' dir='ltr'>Interea</span> <span class='ocrx_word' id='word_1_199' title='bbox 606 2537 674 2597; x_wconf 91' lang='lat' dir='ltr'>dum</span> <span class='ocrx_word' id='word_1_200' title='bbox 699 2537 806 2614; x_wconf 70' lang='lat' dir='ltr'>tulgus</span> <span class='ocrx_word' id='word_1_201' title='bbox 830 2537 944 2615; x_wconf 89' lang='lat' dir='ltr'>passim</span> <span class='ocrx_word' id='word_1_202' title='bbox 968 2539 1006 2598; x_wconf 91' lang='lat' dir='ltr'>ad</span> <span class='ocrx_word' id='word_1_203' title='bbox 1030 2556 1125 2598; x_wconf 83' lang='lat' dir='ltr'>novae</span> <span class='ocrx_word' id='word_1_204' title='bbox 1150 2537 1261 2596; x_wconf 88' lang='lat' dir='ltr'>stellae</span> <span class='ocrx_word' id='word_1_205' title='bbox 1285 2535 1397 2594; x_wconf 88' lang='lat' dir='ltr'>famam</span> <span class='ocrx_word' id='word_1_206' title='bbox 1426 2534 1591 2608; x_wconf 78' lang='lat' dir='ltr'>excitatur,</span> <span class='ocrx_word' id='word_1_207' title='bbox 1623 2554 1655 2595; x_wconf 91' lang='lat' dir='ltr'>re</span> <span class='ocrx_word' id='word_1_208' title='bbox 1677 2554 1732 2614; x_wconf 89' lang='lat' dir='ltr'>per</span> 
     </span>
     <span class='ocr_line' id='line_1_23' title="bbox 372 2623 1731 2698; baseline -0.001 -13"><span class='ocrx_word' id='word_1_209' title='bbox 372 2623 497 2685; x_wconf 89' lang='lat' dir='ltr'>crebras</span> <span class='ocrx_word' id='word_1_210' title='bbox 520 2625 627 2686; x_wconf 87' lang='lat' dir='ltr'>literas</span> <span class='ocrx_word' id='word_1_211' title='bbox 651 2627 884 2687; x_wconf 90' lang='lat' dir='ltr'>communicata:</span> <span class='ocrx_word' id='word_1_212' title='bbox 910 2627 1098 2687; x_wconf 88' lang='lat' dir='ltr'>commodum</span> <span class='ocrx_word' id='word_1_213' title='bbox 1114 2626 1247 2685; x_wconf 88' lang='lat' dir='ltr'>accessit</span> <span class='ocrx_word' id='word_1_214' title='bbox 1261 2624 1391 2683; x_wconf 84' lang='lat' dir='ltr'>Veneris</span> <span class='ocrx_word' id='word_1_215' title='bbox 1407 2632 1531 2683; x_wconf 84' lang='lat' dir='ltr'>exortus</span> <span class='ocrx_word' id='word_1_216' title='bbox 1546 2624 1731 2698; x_wconf 88' lang='lat' dir='ltr'>matutinus;</span> 
     </span>
     <span class='ocr_line' id='line_1_24' title="bbox 372 2712 1730 2793; baseline 0 -20"><span class='ocrx_word' id='word_1_217' title='bbox 372 2733 450 2793; x_wconf 91' lang='lat' dir='ltr'>qnae</span> <span class='ocrx_word' id='word_1_218' title='bbox 475 2733 542 2774; x_wconf 91' lang='lat' dir='ltr'>cum</span> <span class='ocrx_word' id='word_1_219' title='bbox 566 2723 649 2773; x_wconf 92' lang='lat' dir='ltr'>esset</span> <span class='ocrx_word' id='word_1_220' title='bbox 671 2716 774 2775; x_wconf 88' lang='lat' dir='ltr'>Terris</span> <span class='ocrx_word' id='word_1_221' title='bbox 797 2716 949 2793; x_wconf 84' lang='lat' dir='ltr'>proxima,</span> <span class='ocrx_word' id='word_1_222' title='bbox 979 2715 1097 2776; x_wconf 89' lang='lat' dir='ltr'>distans</span> <span class='ocrx_word' id='word_1_223' title='bbox 1121 2714 1158 2773; x_wconf 90' lang='lat' dir='ltr'>ab</span> <span class='ocrx_word' id='word_1_224' title='bbox 1183 2735 1219 2774; x_wconf 89' lang='lat' dir='ltr'>ea</span> <span class='ocrx_word' id='word_1_225' title='bbox 1242 2712 1293 2772; x_wconf 80' lang='lat' dir='ltr'>vix</span> <span class='ocrx_word' id='word_1_226' title='bbox 1316 2720 1424 2792; x_wconf 89' lang='lat' dir='ltr'>quarta</span> <span class='ocrx_word' id='word_1_227' title='bbox 1450 2721 1537 2790; x_wconf 87' lang='lat' dir='ltr'>parte</span> <span class='ocrx_word' id='word_1_228' title='bbox 1562 2713 1627 2790; x_wconf 90' lang='lat' dir='ltr'>ejus</span> <span class='ocrx_word' id='word_1_229' title='bbox 1650 2713 1730 2792; x_wconf 92' lang='lat' dir='ltr'>quod</span> 
     </span>
     <span class='ocr_line' id='line_1_25' title="bbox 374 2801 1730 2883; baseline 0 -21"><span class='ocrx_word' id='word_1_230' title='bbox 374 2803 429 2863; x_wconf 91' lang='lat' dir='ltr'>Sol</span> <span class='ocrx_word' id='word_1_231' title='bbox 454 2803 565 2876; x_wconf 88' lang='lat' dir='ltr'>distat,</span> <span class='ocrx_word' id='word_1_232' title='bbox 597 2812 685 2862; x_wconf 85' lang='lat' dir='ltr'>sexta</span> <span class='ocrx_word' id='word_1_233' title='bbox 707 2823 780 2864; x_wconf 81' lang='lat' dir='ltr'>vero</span> <span class='ocrx_word' id='word_1_234' title='bbox 803 2806 852 2864; x_wconf 82' lang='lat' dir='ltr'>vel</span> <span class='ocrx_word' id='word_1_235' title='bbox 876 2805 1004 2883; x_wconf 91' lang='lat' dir='ltr'>septima</span> <span class='ocrx_word' id='word_1_236' title='bbox 1028 2805 1093 2882; x_wconf 88' lang='lat' dir='ltr'>ejus</span> <span class='ocrx_word' id='word_1_237' title='bbox 1117 2803 1291 2875; x_wconf 88' lang='lat' dir='ltr'>distantiae,</span> <span class='ocrx_word' id='word_1_238' title='bbox 1316 2820 1405 2881; x_wconf 88' lang='lat' dir='ltr'>quam</span> <span class='ocrx_word' id='word_1_239' title='bbox 1428 2801 1546 2861; x_wconf 90' lang='lat' dir='ltr'>obtinet</span> <span class='ocrx_word' id='word_1_240' title='bbox 1568 2802 1598 2861; x_wconf 93' lang='lat' dir='ltr'>in</span> <span class='ocrx_word' id='word_1_241' title='bbox 1623 2810 1730 2862; x_wconf 83' lang='grc'><strong>3111111</strong></span> 
     </span>
     <span class='ocr_line' id='line_1_26' title="bbox 372 2890 1728 2970; baseline 0.001 -20"><span class='ocrx_word' id='word_1_242' title='bbox 372 2891 564 2970; x_wconf 86' lang='lat' dir='ltr'>vespertino:</span> <span class='ocrx_word' id='word_1_243' title='bbox 598 2892 796 2952; x_wconf 78' lang='lat' dir='ltr'>conveniebat</span> <span class='ocrx_word' id='word_1_244' title='bbox 819 2894 927 2966; x_wconf 90' lang='lat' dir='ltr'>etiam,</span> <span class='ocrx_word' id='word_1_245' title='bbox 960 2902 994 2952; x_wconf 89' lang='lat' dir='ltr'>ut</span> <span class='ocrx_word' id='word_1_246' title='bbox 1020 2893 1137 2970; x_wconf 90' lang='lat' dir='ltr'>totuplo</span> <span class='ocrx_word' id='word_1_247' title='bbox 1162 2901 1245 2951; x_wconf 92' lang='lat' dir='ltr'>esset</span> <span class='ocrx_word' id='word_1_248' title='bbox 1268 2890 1377 2950; x_wconf 91' lang='lat' dir='ltr'>clarior</span> <span class='ocrx_word' id='word_1_249' title='bbox 1401 2899 1432 2948; x_wconf 86' lang='lat' dir='ltr'>et</span> <span class='ocrx_word' id='word_1_250' title='bbox 1454 2890 1599 2968; x_wconf 89' lang='lat' dir='ltr'>adspectu</span> <span class='ocrx_word' id='word_1_251' title='bbox 1622 2891 1728 2968; x_wconf 87' lang='lat' dir='ltr'>major.</span> 
     </span>
     <span class='ocr_line' id='line_1_27' title="bbox 371 2978 1730 3060; baseline -0.002 -18"><span class='ocrx_word' id='word_1_252' title='bbox 371 2981 478 3059; x_wconf 84' lang='lat' dir='ltr'>Itaque</span> <span class='ocrx_word' id='word_1_253' title='bbox 502 2988 534 3038; x_wconf 90' lang='lat' dir='ltr'>et</span> <span class='ocrx_word' id='word_1_254' title='bbox 556 2981 691 3041; x_wconf 91' lang='lat' dir='ltr'>umbram</span> <span class='ocrx_word' id='word_1_255' title='bbox 715 2981 951 3060; x_wconf 86' lang='lat' dir='ltr'>circumscripsit</span> <span class='ocrx_word' id='word_1_256' title='bbox 973 2982 1149 3060; x_wconf 89' lang='lat' dir='ltr'>corporibus</span> <span class='ocrx_word' id='word_1_257' title='bbox 1173 2988 1204 3040; x_wconf 92' lang='lat' dir='ltr'>et</span> <span class='ocrx_word' id='word_1_258' title='bbox 1227 2979 1265 3039; x_wconf 94' lang='lat' dir='ltr'>ad</span> <span class='ocrx_word' id='word_1_259' title='bbox 1281 2978 1406 3039; x_wconf 87' lang='lat' dir='ltr'>multam</span> <span class='ocrx_word' id='word_1_260' title='bbox 1423 2978 1503 3038; x_wconf 90' lang='lat' dir='ltr'>diem</span> <span class='ocrx_word' id='word_1_261' title='bbox 1518 2978 1605 3038; x_wconf 89' lang='lat' dir='ltr'>coelo</span> <span class='ocrx_word' id='word_1_262' title='bbox 1622 2998 1730 3040; x_wconf 90' lang='lat' dir='ltr'>sereno</span> 
     </span>
     <span class='ocr_line' id='line_1_28' title="bbox 371 3068 1289 3150; baseline -0.001 -22"><span class='ocrx_word' id='word_1_263' title='bbox 371 3068 507 3146; x_wconf 87' lang='lat' dir='ltr'>conspici</span> <span class='ocrx_word' id='word_1_264' title='bbox 529 3068 638 3146; x_wconf 91' lang='lat' dir='ltr'>potuit,</span> <span class='ocrx_word' id='word_1_265' title='bbox 662 3090 681 3128; x_wconf 91' lang='lat' dir='ltr'>a</span> <span class='ocrx_word' id='word_1_266' title='bbox 703 3089 750 3130; x_wconf 91' lang='lat' dir='ltr'>me</span> <span class='ocrx_word' id='word_1_267' title='bbox 774 3072 865 3130; x_wconf 89' lang='lat' dir='ltr'>etiam</span> <span class='ocrx_word' id='word_1_268' title='bbox 889 3072 938 3150; x_wconf 94' lang='lat' dir='ltr'>qui</span> <span class='ocrx_word' id='word_1_269' title='bbox 962 3070 1099 3131; x_wconf 89' lang='lat' dir='ltr'>debiliori</span> <span class='ocrx_word' id='word_1_270' title='bbox 1123 3078 1191 3129; x_wconf 91' lang='lat' dir='ltr'>utor</span> <span class='ocrx_word' id='word_1_271' title='bbox 1213 3070 1289 3129; x_wconf 87' lang='lat' dir='ltr'>visu.</span> 
     </span>
    </p>

    <p class='ocr_par' dir='ltr' id='par_1_8' title="bbox 371 3153 1734 4119">
     <span class='ocr_line' id='line_1_29' title="bbox 461 3153 1732 3239; baseline -0.002 -22"><span class='ocrx_word' id='word_1_272' title='bbox 461 3158 541 3217; x_wconf 90' lang='lat' dir='ltr'>Dum</span> <span class='ocrx_word' id='word_1_273' title='bbox 564 3157 656 3235; x_wconf 91' lang='lat' dir='ltr'>igitur</span> <span class='ocrx_word' id='word_1_274' title='bbox 679 3159 844 3219; x_wconf 86' lang='lat' dir='ltr'>astronomi</span> <span class='ocrx_word' id='word_1_275' title='bbox 868 3178 1024 3239; x_wconf 89' lang='lat' dir='ltr'>rerumque</span> <span class='ocrx_word' id='word_1_276' title='bbox 1048 3157 1254 3236; x_wconf 85' lang='lat' dir='ltr'>intelligentes</span> <span class='ocrx_word' id='word_1_277' title='bbox 1278 3157 1398 3234; x_wconf 84' lang='lat' dir='ltr'>vesperi</span> <span class='ocrx_word' id='word_1_278' title='bbox 1421 3155 1459 3214; x_wconf 89' lang='lat' dir='ltr'>ad</span> <span class='ocrx_word' id='word_1_279' title='bbox 1477 3174 1615 3215; x_wconf 89' lang='lat' dir='ltr'>occasum</span> <span class='ocrx_word' id='word_1_280' title='bbox 1632 3153 1732 3233; x_wconf 91' lang='lat' dir='ltr'>respi-</span> 
     </span>
     <span class='ocr_line' id='line_1_30' title="bbox 371 3243 1730 3327; baseline -0.001 -22"><span class='ocrx_word' id='word_1_281' title='bbox 371 3245 473 3318; x_wconf 90' lang='lat' dir='ltr'>ciunt,</span> <span class='ocrx_word' id='word_1_282' title='bbox 497 3245 604 3324; x_wconf 84' lang='lat' dir='ltr'>vulgus</span> <span class='ocrx_word' id='word_1_283' title='bbox 628 3247 782 3307; x_wconf 89' lang='lat' dir='ltr'>bominum</span> <span class='ocrx_word' id='word_1_284' title='bbox 806 3257 838 3308; x_wconf 90' lang='lat' dir='ltr'>et</span> <span class='ocrx_word' id='word_1_285' title='bbox 860 3249 957 3327; x_wconf 87' lang='lat' dir='ltr'>ipsum</span> <span class='ocrx_word' id='word_1_286' title='bbox 981 3250 1170 3326; x_wconf 91' lang='lat' dir='ltr'>negotiosum</span> <span class='ocrx_word' id='word_1_287' title='bbox 1194 3255 1225 3307; x_wconf 90' lang='lat' dir='ltr'>et</span> <span class='ocrx_word' id='word_1_288' title='bbox 1247 3246 1345 3325; x_wconf 91' lang='lat' dir='ltr'>ipsum</span> <span class='ocrx_word' id='word_1_289' title='bbox 1370 3244 1546 3305; x_wconf 90' lang='lat' dir='ltr'>coelestium</span> <span class='ocrx_word' id='word_1_290' title='bbox 1570 3243 1730 3317; x_wconf 89' lang='lat' dir='ltr'>curiosum,</span> 
     </span>
     <span class='ocr_line' id='line_1_31' title="bbox 372 3333 1732 3414; baseline -0.001 -21"><span class='ocrx_word' id='word_1_291' title='bbox 372 3334 502 3413; x_wconf 90' lang='lat' dir='ltr'>deniqne</span> <span class='ocrx_word' id='word_1_292' title='bbox 532 3335 669 3414; x_wconf 88' lang='lat' dir='ltr'>sapiens,</span> <span class='ocrx_word' id='word_1_293' title='bbox 701 3337 778 3396; x_wconf 91' lang='lat' dir='ltr'>alter</span> <span class='ocrx_word' id='word_1_294' title='bbox 809 3337 937 3397; x_wconf 89' lang='lat' dir='ltr'>alterum</span> <span class='ocrx_word' id='word_1_295' title='bbox 965 3337 1140 3408; x_wconf 88' lang='lat' dir='ltr'>trahentes,</span> <span class='ocrx_word' id='word_1_296' title='bbox 1171 3334 1328 3396; x_wconf 89' lang='lat' dir='ltr'>matutinis</span> <span class='ocrx_word' id='word_1_297' title='bbox 1356 3334 1440 3394; x_wconf 92' lang='lat' dir='ltr'>horis</span> <span class='ocrx_word' id='word_1_298' title='bbox 1464 3333 1494 3392; x_wconf 94' lang='lat' dir='ltr'>in</span> <span class='ocrx_word' id='word_1_299' title='bbox 1518 3335 1584 3393; x_wconf 90' lang='lat' dir='ltr'>fora</span> <span class='ocrx_word' id='word_1_300' title='bbox 1606 3334 1732 3411; x_wconf 92' lang='lat' dir='ltr'>passim,</span> 
     </span>
     <span class='ocr_line' id='line_1_32' title="bbox 372 3422 1734 3502; baseline -0.001 -20"><span class='ocrx_word' id='word_1_301' title='bbox 372 3423 512 3482; x_wconf 89' lang='lat' dir='ltr'>Viennae</span> <span class='ocrx_word' id='word_1_302' title='bbox 535 3424 705 3502; x_wconf 89' lang='lat' dir='ltr'>praecipue,</span> <span class='ocrx_word' id='word_1_303' title='bbox 730 3425 899 3498; x_wconf 79' lang='lat' dir='ltr'>convolant,</span> <span class='ocrx_word' id='word_1_304' title='bbox 924 3427 1045 3486; x_wconf 89' lang='lat' dir='ltr'>stellam</span> <span class='ocrx_word' id='word_1_305' title='bbox 1068 3437 1138 3485; x_wconf 90' lang='lat' dir='ltr'>ante</span> <span class='ocrx_word' id='word_1_306' title='bbox 1162 3425 1267 3488; x_wconf 86' lang='lat' dir='ltr'>Solem</span> <span class='ocrx_word' id='word_1_307' title='bbox 1290 3424 1319 3483; x_wconf 94' lang='lat' dir='ltr'>in</span> <span class='ocrx_word' id='word_1_308' title='bbox 1344 3442 1458 3483; x_wconf 92' lang='lat' dir='ltr'>summo</span> <span class='ocrx_word' id='word_1_309' title='bbox 1482 3422 1605 3482; x_wconf 89' lang='lat' dir='ltr'>aethere</span> <span class='ocrx_word' id='word_1_310' title='bbox 1628 3422 1734 3500; x_wconf 85' lang='lat' dir='ltr'>digitis</span> 
     </span>
     <span class='ocr_line' id='line_1_33' title="bbox 374 3511 1732 3593; baseline 0 -23"><span class='ocrx_word' id='word_1_311' title='bbox 374 3511 539 3589; x_wconf 90' lang='lat' dir='ltr'>designant</span> <span class='ocrx_word' id='word_1_312' title='bbox 562 3515 681 3573; x_wconf 87' lang='lat' dir='ltr'>attoniti</span> <span class='ocrx_word' id='word_1_313' title='bbox 706 3514 850 3593; x_wconf 90' lang='lat' dir='ltr'>stultique</span> <span class='ocrx_word' id='word_1_314' title='bbox 874 3514 904 3574; x_wconf 95' lang='lat' dir='ltr'>in</span> <span class='ocrx_word' id='word_1_315' title='bbox 927 3516 1022 3577; x_wconf 89' lang='lat' dir='ltr'>stulta</span> <span class='ocrx_word' id='word_1_316' title='bbox 1037 3516 1157 3574; x_wconf 80' lang='lat' dir='ltr'>Venere</span> <span class='ocrx_word' id='word_1_317' title='bbox 1181 3516 1313 3575; x_wconf 90' lang='lat' dir='ltr'>animum</span> <span class='ocrx_word' id='word_1_318' title='bbox 1330 3513 1492 3591; x_wconf 90' lang='lat' dir='ltr'>oculosque</span> <span class='ocrx_word' id='word_1_319' title='bbox 1515 3519 1619 3572; x_wconf 89' lang='lat' dir='ltr'>tenent</span> <span class='ocrx_word' id='word_1_320' title='bbox 1640 3530 1732 3571; x_wconf 90' lang='lat' dir='ltr'>occu-</span> 
     </span>
     <span class='ocr_line' id='line_1_34' title="bbox 374 3599 1734 3678; baseline -0.001 -19"><span class='ocrx_word' id='word_1_321' title='bbox 374 3608 475 3678; x_wconf 89' lang='lat' dir='ltr'>patos.</span> <span class='ocrx_word' id='word_1_322' title='bbox 524 3601 610 3671; x_wconf 81' lang='lat' dir='ltr'>Quae</span> <span class='ocrx_word' id='word_1_323' title='bbox 640 3603 716 3662; x_wconf 88' lang='lat' dir='ltr'>adeo</span> <span class='ocrx_word' id='word_1_324' title='bbox 746 3621 795 3663; x_wconf 90' lang='lat' dir='ltr'>res</span> <span class='ocrx_word' id='word_1_325' title='bbox 827 3604 855 3663; x_wconf 94' lang='lat' dir='ltr'>in</span> <span class='ocrx_word' id='word_1_326' title='bbox 885 3604 1016 3664; x_wconf 88' lang='lat' dir='ltr'>tabellas</span> <span class='ocrx_word' id='word_1_327' title='bbox 1046 3623 1191 3664; x_wconf 84' lang='lat' dir='ltr'>novorum</span> <span class='ocrx_word' id='word_1_328' title='bbox 1215 3602 1384 3663; x_wconf 88' lang='lat' dir='ltr'>ordinarias</span> <span class='ocrx_word' id='word_1_329' title='bbox 1408 3601 1503 3661; x_wconf 88' lang='lat' dir='ltr'>multa</span> <span class='ocrx_word' id='word_1_330' title='bbox 1526 3599 1666 3678; x_wconf 81' lang='lat' dir='ltr'>irrepsit3</span> <span class='ocrx_word' id='word_1_331' title='bbox 1700 3606 1734 3657; x_wconf 91' lang='grc'>31</span> 
     </span>
     <span class='ocr_line' id='line_1_35' title="bbox 375 3686 1733 3771; baseline -0.002 -23"><span class='ocrx_word' id='word_1_332' title='bbox 375 3707 444 3749; x_wconf 89' lang='lat' dir='ltr'>cum</span> <span class='ocrx_word' id='word_1_333' title='bbox 467 3688 550 3767; x_wconf 87' lang='lat' dir='ltr'>vulgi</span> <span class='ocrx_word' id='word_1_334' title='bbox 574 3690 735 3751; x_wconf 88' lang='lat' dir='ltr'>sedulitate</span> <span class='ocrx_word' id='word_1_335' title='bbox 759 3691 935 3771; x_wconf 86' lang='lat' dir='ltr'>quandoque</span> <span class='ocrx_word' id='word_1_336' title='bbox 959 3693 1121 3764; x_wconf 88' lang='lat' dir='ltr'>evenisset,</span> <span class='ocrx_word' id='word_1_337' title='bbox 1146 3703 1180 3752; x_wconf 93' lang='lat' dir='ltr'>ut</span> <span class='ocrx_word' id='word_1_338' title='bbox 1203 3692 1278 3752; x_wconf 87' lang='lat' dir='ltr'>haec</span> <span class='ocrx_word' id='word_1_339' title='bbox 1301 3689 1472 3749; x_wconf 88' lang='lat' dir='ltr'>clarissima</span> <span class='ocrx_word' id='word_1_340' title='bbox 1488 3688 1618 3748; x_wconf 90' lang='lat' dir='ltr'>Veneris</span> <span class='ocrx_word' id='word_1_341' title='bbox 1641 3686 1733 3747; x_wconf 88' lang='lat' dir='ltr'>stella</span> 
     </span>
     <span class='ocr_line' id='line_1_36' title="bbox 374 3776 1732 3858; baseline -0.003 -21"><span class='ocrx_word' id='word_1_342' title='bbox 374 3776 474 3854; x_wconf 88' lang='lat' dir='ltr'>magis</span> <span class='ocrx_word' id='word_1_343' title='bbox 497 3778 652 3858; x_wconf 80' lang='lat' dir='ltr'>magisque</span> <span class='ocrx_word' id='word_1_344' title='bbox 677 3780 790 3841; x_wconf 86' lang='lat' dir='ltr'>eSolis</span> <span class='ocrx_word' id='word_1_345' title='bbox 814 3780 908 3840; x_wconf 90' lang='lat' dir='ltr'>radiis</span> <span class='ocrx_word' id='word_1_346' title='bbox 925 3781 1029 3841; x_wconf 79' lang='lat' dir='ltr'>exiens</span> <span class='ocrx_word' id='word_1_347' title='bbox 1053 3788 1225 3841; x_wconf 90' lang='lat' dir='ltr'>cerneretur</span> <span class='ocrx_word' id='word_1_348' title='bbox 1248 3800 1267 3839; x_wconf 91' lang='grc'>3</span> <span class='ocrx_word' id='word_1_349' title='bbox 1281 3778 1378 3856; x_wconf 91' lang='lat' dir='ltr'>primo</span> <span class='ocrx_word' id='word_1_350' title='bbox 1394 3778 1477 3838; x_wconf 86' lang='lat' dir='ltr'>Solis</span> <span class='ocrx_word' id='word_1_351' title='bbox 1498 3786 1614 3849; x_wconf 84' lang='lat' dir='ltr'>exortu,</span> <span class='ocrx_word' id='word_1_352' title='bbox 1637 3793 1732 3855; x_wconf 90' lang='lat' dir='ltr'>usque</span> 
     </span>
     <span class='ocr_line' id='line_1_37' title="bbox 373 3865 1731 3945; baseline 0 -20"><span class='ocrx_word' id='word_1_353' title='bbox 373 3866 446 3926; x_wconf 91' lang='lat' dir='ltr'>dum</span> <span class='ocrx_word' id='word_1_354' title='bbox 469 3866 537 3943; x_wconf 83' lang='lat' dir='ltr'>ipsu</span> <span class='ocrx_word' id='word_1_355' title='bbox 559 3868 664 3945; x_wconf 89' lang='lat' dir='ltr'>paucis</span> <span class='ocrx_word' id='word_1_356' title='bbox 687 3879 757 3930; x_wconf 88' lang='lat' dir='ltr'>ante</span> <span class='ocrx_word' id='word_1_357' title='bbox 775 3869 877 3930; x_wconf 88' lang='lat' dir='ltr'>Solem</span> <span class='ocrx_word' id='word_1_358' title='bbox 901 3869 984 3930; x_wconf 90' lang='lat' dir='ltr'>horis</span> <span class='ocrx_word' id='word_1_359' title='bbox 1009 3871 1162 3931; x_wconf 88' lang='lat' dir='ltr'>occideret</span> <span class='ocrx_word' id='word_1_360' title='bbox 1184 3870 1230 3941; x_wconf 87' lang='lat' dir='ltr'>(in</span> <span class='ocrx_word' id='word_1_361' title='bbox 1254 3869 1340 3945; x_wconf 90' lang='lat' dir='ltr'>signo</span> <span class='ocrx_word' id='word_1_362' title='bbox 1357 3867 1436 3926; x_wconf 92' lang='lat' dir='ltr'>enim</span> <span class='ocrx_word' id='word_1_363' title='bbox 1451 3865 1587 3927; x_wconf 85' lang='lat' dir='ltr'>brevium</span> <span class='ocrx_word' id='word_1_364' title='bbox 1602 3865 1731 3925; x_wconf 90' lang='lat' dir='ltr'>descen-</span> 
     </span>
     <span class='ocr_line' id='line_1_38' title="bbox 373 3952 1731 4037; baseline -0.001 -22"><span class='ocrx_word' id='word_1_365' title='bbox 373 3954 494 4015; x_wconf 90' lang='lat' dir='ltr'>sionum</span> <span class='ocrx_word' id='word_1_366' title='bbox 518 3955 725 4031; x_wconf 91' lang='lat' dir='ltr'>occidebant),</span> <span class='ocrx_word' id='word_1_367' title='bbox 755 3958 786 4018; x_wconf 92' lang='lat' dir='ltr'>id</span> <span class='ocrx_word' id='word_1_368' title='bbox 810 3967 967 4036; x_wconf 85' lang='lat' dir='ltr'>exceptum</span> <span class='ocrx_word' id='word_1_369' title='bbox 992 3959 1152 4037; x_wconf 85' lang='lat' dir='ltr'>diligenter</span> <span class='ocrx_word' id='word_1_370' title='bbox 1175 3968 1207 4019; x_wconf 89' lang='lat' dir='ltr'>et</span> <span class='ocrx_word' id='word_1_371' title='bbox 1228 3954 1382 4037; x_wconf 89' lang='lat' dir='ltr'>praecipui</span> <span class='ocrx_word' id='word_1_372' title='bbox 1404 3952 1535 4034; x_wconf 91' lang='lat' dir='ltr'>prodigii</span> <span class='ocrx_word' id='word_1_373' title='bbox 1559 3955 1625 4015; x_wconf 89' lang='lat' dir='ltr'>loco</span> <span class='ocrx_word' id='word_1_374' title='bbox 1648 3955 1731 4015; x_wconf 87' lang='lat' dir='ltr'>cele-</span> 
     </span>
     <span class='ocr_line' id='line_1_39' title="bbox 371 4043 624 4119; baseline 0.004 -17"><span class='ocrx_word' id='word_1_375' title='bbox 371 4043 494 4103; x_wconf 90' lang='lat' dir='ltr'>bratum</span> <span class='ocrx_word' id='word_1_376' title='bbox 517 4043 624 4119; x_wconf 60' lang='lat' dir='ltr'>suiv)</span> 
     </span>
    </p>

    <p class='ocr_par' dir='ltr' id='par_1_9' title="bbox 370 4131 1734 4553">
     <span class='ocr_line' id='line_1_40' title="bbox 465 4131 1734 4213; baseline -0.002 -18"><span class='ocrx_word' id='word_1_377' title='bbox 465 4132 607 4195; x_wconf 88' lang='lat' dir='ltr'>Ceterum</span> <span class='ocrx_word' id='word_1_378' title='bbox 637 4153 675 4194; x_wconf 79' lang='lat' dir='ltr'>en</span> <span class='ocrx_word' id='word_1_379' title='bbox 706 4135 889 4195; x_wconf 86' lang='lat' dir='ltr'>astronomis</span> <span class='ocrx_word' id='word_1_380' title='bbox 919 4133 969 4213; x_wconf 92' lang='lat' dir='ltr'>qui</span> <span class='ocrx_word' id='word_1_381' title='bbox 1000 4135 1083 4195; x_wconf 90' lang='lat' dir='ltr'>sidus</span> <span class='ocrx_word' id='word_1_382' title='bbox 1112 4135 1169 4195; x_wconf 88' lang='lat' dir='ltr'>hoc</span> <span class='ocrx_word' id='word_1_383' title='bbox 1192 4154 1303 4195; x_wconf 75' lang='lat' dir='ltr'>nouum</span> <span class='ocrx_word' id='word_1_384' title='bbox 1333 4132 1462 4195; x_wconf 91' lang='lat' dir='ltr'>vidisset</span> <span class='ocrx_word' id='word_1_385' title='bbox 1483 4132 1631 4207; x_wconf 90' lang='lat' dir='ltr'>interdiu,</span> <span class='ocrx_word' id='word_1_386' title='bbox 1663 4131 1734 4193; x_wconf 88' lang='lat' dir='ltr'>novi</span> 
     </span>
     <span class='ocr_line' id='line_1_41' title="bbox 372 4223 1733 4304; baseline -0.003 -18"><span class='ocrx_word' id='word_1_387' title='bbox 372 4223 541 4294; x_wconf 90' lang='lat' dir='ltr'>neminem;</span> <span class='ocrx_word' id='word_1_388' title='bbox 572 4242 668 4301; x_wconf 92' lang='lat' dir='ltr'>neque</span> <span class='ocrx_word' id='word_1_389' title='bbox 698 4224 777 4283; x_wconf 90' lang='lat' dir='ltr'>enim</span> <span class='ocrx_word' id='word_1_390' title='bbox 807 4225 959 4284; x_wconf 90' lang='lat' dir='ltr'>Venerem</span> <span class='ocrx_word' id='word_1_391' title='bbox 988 4224 1140 4304; x_wconf 86' lang='lat' dir='ltr'>aequabat</span> <span class='ocrx_word' id='word_1_392' title='bbox 1169 4223 1383 4303; x_wconf 89' lang='lat' dir='ltr'>magnitudine.</span> <span class='ocrx_word' id='word_1_393' title='bbox 1431 4224 1602 4285; x_wconf 79' lang='lat' dir='ltr'>Narrarunt</span> <span class='ocrx_word' id='word_1_394' title='bbox 1630 4228 1733 4283; x_wconf 90' lang='lat' dir='ltr'>tamen</span> 
     </span>
     <span class='ocr_line' id='line_1_42' title="bbox 370 4311 1732 4393; baseline -0.002 -17"><span class='ocrx_word' id='word_1_395' title='bbox 370 4313 447 4376; x_wconf 88' lang='lat' dir='ltr'>mihi</span> <span class='ocrx_word' id='word_1_396' title='bbox 471 4312 593 4392; x_wconf 88' lang='lat' dir='ltr'>quidam</span> <span class='ocrx_word' id='word_1_397' title='bbox 615 4313 673 4373; x_wconf 82' lang='lat' dir='ltr'>viri</span> <span class='ocrx_word' id='word_1_398' title='bbox 696 4331 823 4391; x_wconf 85' lang='lat' dir='ltr'>graves,</span> <span class='ocrx_word' id='word_1_399' title='bbox 854 4311 991 4372; x_wconf 90' lang='lat' dir='ltr'>mirabile</span> <span class='ocrx_word' id='word_1_400' title='bbox 1014 4314 1118 4373; x_wconf 90' lang='lat' dir='ltr'>nescio</span> <span class='ocrx_word' id='word_1_401' title='bbox 1143 4314 1213 4393; x_wconf 92' lang='lat' dir='ltr'>quid</span> <span class='ocrx_word' id='word_1_402' title='bbox 1236 4314 1333 4374; x_wconf 85' lang='lat' dir='ltr'>instar</span> <span class='ocrx_word' id='word_1_403' title='bbox 1355 4312 1469 4386; x_wconf 90' lang='lat' dir='ltr'>trabis,</span> <span class='ocrx_word' id='word_1_404' title='bbox 1501 4312 1538 4371; x_wconf 93' lang='lat' dir='ltr'>de</span> <span class='ocrx_word' id='word_1_405' title='bbox 1562 4312 1610 4372; x_wconf 93' lang='lat' dir='ltr'>die</span> <span class='ocrx_word' id='word_1_406' title='bbox 1633 4313 1732 4373; x_wconf 88' lang='lat' dir='ltr'>visum</span> 
     </span>
     <span class='ocr_line' id='line_1_43' title="bbox 371 4400 1731 4481; baseline -0.003 -17"><span class='ocrx_word' id='word_1_407' title='bbox 371 4404 403 4464; x_wconf 91' lang='lat' dir='ltr'>in</span> <span class='ocrx_word' id='word_1_408' title='bbox 426 4400 563 4475; x_wconf 83' lang='lat' dir='ltr'>aethere,</span> <span class='ocrx_word' id='word_1_409' title='bbox 587 4402 666 4481; x_wconf 92' lang='lat' dir='ltr'>quod</span> <span class='ocrx_word' id='word_1_410' title='bbox 689 4409 761 4481; x_wconf 89' lang='lat' dir='ltr'>post</span> <span class='ocrx_word' id='word_1_411' title='bbox 783 4402 873 4462; x_wconf 86' lang='lat' dir='ltr'>horas</span> <span class='ocrx_word' id='word_1_412' title='bbox 898 4401 1014 4480; x_wconf 86' lang='lat' dir='ltr'>aliquot</span> <span class='ocrx_word' id='word_1_413' title='bbox 1036 4402 1174 4463; x_wconf 92' lang='lat' dir='ltr'>diurnum</span> <span class='ocrx_word' id='word_1_414' title='bbox 1196 4412 1310 4465; x_wconf 92' lang='lat' dir='ltr'>motum</span> <span class='ocrx_word' id='word_1_415' title='bbox 1340 4408 1497 4481; x_wconf 89' lang='lat' dir='ltr'>sequutum</span> <span class='ocrx_word' id='word_1_416' title='bbox 1520 4408 1731 4479; x_wconf 90' lang='lat' dir='ltr'>postmontes</span> 
     </span>
     <span class='ocr_line' id='line_1_44' title="bbox 373 4490 576 4553; baseline -0.015 0"><span class='ocrx_word' id='word_1_417' title='bbox 373 4490 576 4553; x_wconf 84' lang='lat' dir='ltr'>descenderit</span> 
     </span>
    </p>

    <p class='ocr_par' dir='ltr' id='par_1_10' title="bbox 369 4575 1731 4837">
     <span class='ocr_line' id='line_1_45' title="bbox 460 4575 1730 4659; baseline -0.005 -18"><span class='ocrx_word' id='word_1_418' title='bbox 460 4580 510 4641; x_wconf 93' lang='lat' dir='ltr'>De</span> <span class='ocrx_word' id='word_1_419' title='bbox 534 4579 634 4658; x_wconf 90' lang='lat' dir='ltr'>specie</span> <span class='ocrx_word' id='word_1_420' title='bbox 658 4579 766 4640; x_wconf 85' lang='lat' dir='ltr'>stellae</span> <span class='ocrx_word' id='word_1_421' title='bbox 790 4577 931 4640; x_wconf 90' lang='lat' dir='ltr'>convenit</span> <span class='ocrx_word' id='word_1_422' title='bbox 955 4577 1107 4653; x_wconf 90' lang='lat' dir='ltr'>omnibns,</span> <span class='ocrx_word' id='word_1_423' title='bbox 1136 4579 1186 4659; x_wconf 92' lang='lat' dir='ltr'>qui</span> <span class='ocrx_word' id='word_1_424' title='bbox 1208 4579 1305 4658; x_wconf 93' lang='lat' dir='ltr'>primo</span> <span class='ocrx_word' id='word_1_425' title='bbox 1330 4578 1395 4657; x_wconf 88' lang='lat' dir='ltr'>ejus</span> <span class='ocrx_word' id='word_1_426' title='bbox 1420 4578 1538 4640; x_wconf 84' lang='lat' dir='ltr'>exortui</span> <span class='ocrx_word' id='word_1_427' title='bbox 1561 4575 1730 4654; x_wconf 63' lang='grc'><strong>3111131131-</strong></span> 
     </span>
     <span class='ocr_line' id='line_1_46' title="bbox 369 4664 1731 4749; baseline -0.004 -19"><span class='ocrx_word' id='word_1_428' title='bbox 369 4677 443 4744; x_wconf 87' lang='grc'><strong>111;</strong></span> <span class='ocrx_word' id='word_1_429' title='bbox 468 4667 564 4728; x_wconf 89' lang='lat' dir='ltr'>fuisse</span> <span class='ocrx_word' id='word_1_430' title='bbox 589 4675 695 4728; x_wconf 81' lang='lat' dir='ltr'>exacte</span> <span class='ocrx_word' id='word_1_431' title='bbox 718 4669 887 4741; x_wconf 89' lang='lat' dir='ltr'>rotundam,</span> <span class='ocrx_word' id='word_1_432' title='bbox 911 4666 994 4727; x_wconf 91' lang='lat' dir='ltr'>nullo</span> <span class='ocrx_word' id='word_1_433' title='bbox 1018 4667 1109 4742; x_wconf 87' lang='lat' dir='ltr'>crine,</span> <span class='ocrx_word' id='word_1_434' title='bbox 1132 4669 1216 4728; x_wconf 89' lang='lat' dir='ltr'>nulla</span> <span class='ocrx_word' id='word_1_435' title='bbox 1238 4667 1333 4729; x_wconf 86' lang='lat' dir='ltr'>barba</span> <span class='ocrx_word' id='word_1_436' title='bbox 1355 4668 1403 4727; x_wconf 83' lang='lat' dir='ltr'>rel</span> <span class='ocrx_word' id='word_1_437' title='bbox 1428 4673 1560 4749; x_wconf 83' lang='lat' dir='ltr'>syrmate</span> <span class='ocrx_word' id='word_1_438' title='bbox 1583 4664 1615 4725; x_wconf 92' lang='grc'>11</span> <span class='ocrx_word' id='word_1_439' title='bbox 1637 4664 1731 4725; x_wconf 88' lang='lat' dir='ltr'>ullam</span> 
     </span>
     <span class='ocr_line' id='line_1_47' title="bbox 369 4753 1730 4837; baseline -0.001 -20"><span class='ocrx_word' id='word_1_440' title='bbox 369 4765 492 4837; x_wconf 89' lang='lat' dir='ltr'>partem</span> <span class='ocrx_word' id='word_1_441' title='bbox 506 4754 654 4836; x_wconf 87' lang='lat' dir='ltr'>projecto,</span> <span class='ocrx_word' id='word_1_442' title='bbox 678 4776 771 4836; x_wconf 91' lang='lat' dir='ltr'>quare</span> <span class='ocrx_word' id='word_1_443' title='bbox 787 4757 862 4817; x_wconf 92' lang='lat' dir='ltr'>nulli</span> <span class='ocrx_word' id='word_1_444' title='bbox 879 4754 1053 4816; x_wconf 90' lang='lat' dir='ltr'>crinitamm</span> <span class='ocrx_word' id='word_1_445' title='bbox 1070 4757 1192 4835; x_wconf 91' lang='lat' dir='ltr'>speciei,</span> <span class='ocrx_word' id='word_1_446' title='bbox 1216 4775 1312 4837; x_wconf 88' lang='lat' dir='ltr'>neque</span> <span class='ocrx_word' id='word_1_447' title='bbox 1327 4756 1477 4835; x_wconf 86' lang='lat' dir='ltr'>pogoniae</span> <span class='ocrx_word' id='word_1_448' title='bbox 1493 4772 1588 4835; x_wconf 90' lang='lat' dir='ltr'>neque</span> <span class='ocrx_word' id='word_1_449' title='bbox 1605 4753 1730 4815; x_wconf 88' lang='lat' dir='ltr'>cometis</span> 
     </span>
    </p>

    <p class='ocr_par' dir='ltr' id='par_1_11' title="bbox 346 4841 1730 4925">
     <span class='ocr_line' id='line_1_48' title="bbox 346 4841 1730 4925; baseline -0.001 -21"><span class='ocrx_word' id='word_1_450' title='bbox 346 4844 602 4920; x_wconf 58' lang='lat' dir='ltr'>accensendam,</span> <span class='ocrx_word' id='word_1_451' title='bbox 627 4845 681 4907; x_wconf 90' lang='lat' dir='ltr'>sed</span> <span class='ocrx_word' id='word_1_452' title='bbox 704 4845 804 4908; x_wconf 84' lang='lat' dir='ltr'>stellis</span> <span class='ocrx_word' id='word_1_453' title='bbox 817 4846 885 4908; x_wconf 78' lang='lat' dir='ltr'>fixis</span> <span class='ocrx_word' id='word_1_454' title='bbox 902 4841 1095 4919; x_wconf 87' lang='lat' dir='ltr'>simillimam,</span> <span class='ocrx_word' id='word_1_455' title='bbox 1119 4845 1214 4906; x_wconf 87' lang='lat' dir='ltr'>radiis</span> <span class='ocrx_word' id='word_1_456' title='bbox 1237 4843 1426 4925; x_wconf 89' lang='lat' dir='ltr'>undiquaque</span> <span class='ocrx_word' id='word_1_457' title='bbox 1449 4852 1483 4906; x_wconf 90' lang='lat' dir='ltr'>ut</span> <span class='ocrx_word' id='word_1_458' title='bbox 1504 4846 1631 4910; x_wconf 85' lang='lat' dir='ltr'>fixarum</span> <span class='ocrx_word' id='word_1_459' title='bbox 1653 4841 1730 4904; x_wconf 86' lang='lat' dir='ltr'>emi-</span> 
     </span>
    </p>
   </div>
   <div class='ocr_carea' id='block_1_5' title="bbox 367 5038 1730 5195">
    <p class='ocr_par' dir='ltr' id='par_1_12' title="bbox 367 5038 1730 5195">
     <span class='ocr_line' id='line_1_49' title="bbox 460 5038 1730 5113; baseline -0.001 -15"><span class='ocrx_word' id='word_1_460' title='bbox 460 5040 487 5109; x_wconf 82' lang='lat'>⁸)</span> <span class='ocrx_word' id='word_1_461' title='bbox 508 5045 583 5098; x_wconf 88' lang='lat' dir='ltr'>Idem</span> <span class='ocrx_word' id='word_1_462' title='bbox 603 5042 704 5097; x_wconf 84' lang='lat' dir='ltr'>accidit</span> <span class='ocrx_word' id='word_1_463' title='bbox 723 5043 776 5097; x_wconf 87' lang='lat' dir='ltr'>boc</span> <span class='ocrx_word' id='word_1_464' title='bbox 796 5057 868 5096; x_wconf 85' lang='lat' dir='ltr'>auno</span> <span class='ocrx_word' id='word_1_465' title='bbox 892 5040 976 5097; x_wconf 81' lang='lat'><strong>1606.</strong></span> <span class='ocrx_word' id='word_1_466' title='bbox 997 5042 1088 5113; x_wconf 84' lang='lat' dir='ltr'>Aprili</span> <span class='ocrx_word' id='word_1_467' title='bbox 1109 5057 1202 5095; x_wconf 86' lang='lat' dir='ltr'>meuse</span> <span class='ocrx_word' id='word_1_468' title='bbox 1223 5057 1284 5097; x_wconf 86' lang='lat' dir='ltr'>cum</span> <span class='ocrx_word' id='word_1_469' title='bbox 1303 5040 1432 5104; x_wconf 77' lang='lat' dir='ltr'>Vener03</span> <span class='ocrx_word' id='word_1_470' title='bbox 1452 5041 1535 5096; x_wconf 88' lang='lat' dir='ltr'>Junio</span> <span class='ocrx_word' id='word_1_471' title='bbox 1557 5057 1617 5094; x_wconf 89' lang='lat' dir='ltr'>cum</span> <span class='ocrx_word' id='word_1_472' title='bbox 1637 5038 1730 5097; x_wconf 67' lang='lat' dir='ltr'>Marte</span> 
     </span>
     <span class='ocr_line' id='line_1_50' title="bbox 367 5120 1258 5195; baseline -0.003 -17"><span class='ocrx_word' id='word_1_473' title='bbox 367 5124 550 5195; x_wconf 72' lang='lat' dir='ltr'>wonyebio,</span> <span class='ocrx_word' id='word_1_474' title='bbox 571 5139 633 5177; x_wconf 88' lang='lat' dir='ltr'>cum</span> <span class='ocrx_word' id='word_1_475' title='bbox 652 5122 745 5179; x_wconf 84' lang='lat' dir='ltr'>Stella</span> <span class='ocrx_word' id='word_1_476' title='bbox 764 5123 845 5176; x_wconf 82' lang='lat' dir='ltr'>Nora</span> <span class='ocrx_word' id='word_1_477' title='bbox 860 5121 921 5192; x_wconf 88' lang='lat' dir='ltr'>jam</span> <span class='ocrx_word' id='word_1_478' title='bbox 941 5120 1047 5191; x_wconf 86' lang='lat' dir='ltr'>pridem</span> <span class='ocrx_word' id='word_1_479' title='bbox 1066 5121 1258 5192; x_wconf 62' lang='grc'><strong>1131311111</strong></span> 
     </span>
    </p>
   </div>
   <div class='ocr_carea' id='block_1_6' title="bbox 0 0 2296 6192">
    <p class='ocr_par' dir='ltr' id='par_1_13' title="bbox 0 0 2296 6192">
     <span class='ocr_line' id='line_1_51' title="bbox 0 0 2296 6192; baseline 0 2"><span class='ocrx_word' id='word_1_480' title='bbox 0 0 2296 6192; x_wconf 95' lang='lat' dir='ltr'> </span> 
     </span>
    </p>
   </div>
  </div>
 </body>
</html>
