4584 6192
469 641 535 710 512
1090 642 1206 694 Narratio

467 823 596 904 parvula
618 824 738 884 macula
761 824 851 902 vulgo
875 831 963 897 nota,
996 822 1093 885 instar
1119 820 1223 900 puncti
1251 819 1421 900 nigerrimi:
1452 838 1539 900 quam
1563 840 1715 900 nunquam
1748 822 1833 885 aliud

468 912 631 993 quidesse
657 913 769 985 censui,
795 932 883 992 quam
908 912 1088 992 profundam
1111 910 1293 983 cavitatem;
1321 929 1385 971 eam
1411 917 1566 970 crescente
1589 909 1679 970 Luna
1701 929 1759 989 par
1784 919 1834 973 est

467 1001 564 1063 minus
589 1020 657 1061 esse
681 1002 882 1079 conspicuam,
907 1000 977 1080 quia
996 1000 1025 1060 in
1046 1001 1163 1061 devexa
1182 1000 1286 1060 Lunae
1306 1016 1434 1076 vergens
1455 996 1518 1059 Soli
1539 997 1650 1059 rectius
1676 999 1831 1078 objicitur,

469 1090 607 1169 quamsi
631 1089 719 1150 Luna
741 1090 833 1167 plena
857 1090 962 1162 fuerit,
989 1097 1059 1149 tunc
1083 1088 1161 1149 euim
1185 1088 1339 1149 declinans
1365 1090 1461 1147 lumen
1487 1085 1568 1147 Solis
1597 1087 1696 1165 magis
1722 1088 1832 1150 obum-

468 1177 586 1239 bratur.¹
629 1178 712 1237 Haeo
736 1178 853 1256 vesperi
879 1175 908 1240 4.
933 1177 1129 1257 Septembris,
1155 1183 1277 1237 uteret
1301 1175 1499 1236 instrumento
1524 1174 1676 1254 explicata
1699 1176 1730 1237 in
1757 1194 1831 1255 spe-

468 1266 545 1328 ciem
569 1266 737 1326 latissimae
762 1267 898 1327 maculae
931 1266 1093 1343 ferruginei
1117 1264 1240 1337 coloris,
1267 1271 1334 1324 erat
1358 1264 1447 1323 limbo
1478 1263 1678 1342 limpidissimi
1709 1264 1832 1326 luminis

470 1354 663 1416 circumdata.
702 1354 746 1414 At
769 1374 855 1415 mane
876 1352 905 1416 5.
924 1353 1111 1433 Septembris
1141 1353 1247 1413 limbus
1269 1352 1373 1413 hiabat
1397 1371 1502 1413 versus
1527 1353 1686 1413 obscuram
1710 1361 1833 1432 partem

468 1443 590 1515 Lunae3
613 1462 683 1504 nam
706 1443 835 1505 circulus
859 1462 911 1503 seu
936 1444 1079 1503 terminus
1104 1441 1329 1503 illuminationis
1353 1460 1443 1519 super
1464 1440 1540 1500 banc
1565 1442 1717 1502 maculam
1742 1450 1831 1504 trau-

469 1531 551 1593 sibat
573 1530 654 1592 linea
677 1532 793 1593 sincere
819 1551 920 1593 curva.
968 1532 1092 1592 Limbus
1116 1550 1187 1591 vero
1213 1529 1428 1608 fulgidissimus
1457 1538 1582 1608 utroque
1607 1530 1732 1590 brachio
1757 1549 1831 1610 pro-

468 1620 608 1682 currebat
630 1620 710 1680 ultra
734 1621 891 1682 terminum
916 1620 1034 1681 luminis
1065 1621 1093 1680 in
1128 1619 1281 1696 regionem
1311 1617 1534 1690 obumbratam,
1562 1618 1689 1679 reducta
1713 1619 1831 1681 habens

467 1707 591 1769 brachia
615 1716 647 1768 et
670 1708 832 1769 introrsum
855 1710 950 1783 tlexa,
977 1709 1073 1769 instar
1096 1709 1303 1787 probolarum‚
1333 1707 1439 1787 quibus
1463 1708 1623 1780 Anconae,
1653 1707 1829 1782 Messanae,

469 1794 594 1857 Genuae
620 1804 651 1857 et
675 1797 745 1858 alibi
769 1806 875 1876 portus
900 1799 1100 1871 affor-mantur,
1126 1798 1156 1857 in
1175 1797 1233 1857 fine
1259 1802 1347 1856 acuto
1368 1797 1456 1856 flexu.
1494 1794 1572 1856 Erat
1596 1796 1832 1874 expressissima

467 1885 551 1946 lacus
582 1885 713 1964 effigies,
747 1886 982 1947 conformatione
1014 1905 1095 1947 mare
1126 1884 1270 1965 Caspium
1302 1884 1432 1945 dixeris:
1463 1881 1517 1944 sed
1548 1884 1700 1945 contentis
1732 1885 1831 1965 magis

466 1972 564 2034 Ponto
579 1973 698 2035 Euxino
714 1982 766 2035 aut
784 1973 859 2035 mari
874 1973 964 2035 Jonio
989 1973 1105 2035 similis.
1144 1972 1221 2035 Erat
1245 1972 1322 2033 enim
1343 1972 1372 2033 iu
1393 1974 1458 2052 ipso
1480 1974 1561 2046 lacu,
1583 1991 1642 2051 qua
1665 1971 1830 2036 introrsum

466 2078 572 2122 versus
603 2080 710 2141 corpus
741 2063 844 2123 Lunae
868 2064 1029 2140 vergebat,
1061 2063 1188 2124 lucidior
1218 2062 1321 2122 areola
1352 2061 1462 2122 isthmo
1497 2062 1660 2140 conjuncta
1690 2062 1829 2124 litoribus

467 2149 673 2211 lucidissimis.
721 2149 775 2213 Sic
797 2152 857 2211 tria
881 2152 1026 2212 distincta
1050 2160 1137 2212 erant
1161 2151 1286 2221 lumina,
1318 2150 1515 2211 clarissimum
1539 2151 1661 2210 litomm
1685 2157 1719 2210 et
1742 2150 1830 2213 mon-

466 2238 551 2312 tium,
577 2239 776 2319 ferrugineum
802 2248 832 2302 et
855 2240 1013 2300 obscurum
1042 2240 1178 2302 maculae
1203 2259 1255 2299 seu
1279 2239 1363 2300 lacus
1393 2258 1486 2318 usque
1510 2238 1548 2299 ad
1573 2238 1734 2300 terminum
1759 2240 1829 2300 illu-

465 2326 657 2398 minationis,
681 2328 840 2398 mediocre,
865 2328 991 2390 vicinius
1016 2338 1115 2390 tamen
1142 2329 1225 2389 lacus
1249 2326 1427 2388 obscuritati
1452 2327 1564 2388 candor
1588 2327 1669 2388 illius
1695 2329 1827 2390 areolae.

395 2411 397 2415 ⁴
555 2415 685 2494 Vesperi
709 2417 784 2477 hora
806 2436 894 2490 nona,
920 2436 985 2478 cum
1011 2425 1092 2479 esset
1124 2427 1191 2478 orta
1214 2418 1317 2490 Luna,
1350 2417 1446 2477 lumen
1472 2416 1567 2476 lacum
1592 2434 1712 2477 omnem
1737 2416 1827 2478 dese-

466 2511 577 2578 ruerat,
603 2505 692 2566 litora
715 2505 977 2585 conspiciebantur
997 2508 1075 2567 flexu
1094 2506 1232 2567 circulari
1256 2505 1465 2583 pulcherrimo,
1491 2501 1576 2584 quasi
1597 2512 1725 2566 exsecta
1746 2511 1829 2568 esset

469 2591 557 2654 Luna
580 2601 633 2653 aut
657 2602 814 2655 excavata.
863 2593 937 2655 Sola
968 2596 1125 2673 peninsula
1156 2595 1235 2656 intra
1265 2593 1349 2654 illam
1381 2593 1499 2654 litorum
1532 2593 1698 2654 cavitatem
1731 2594 1828 2656 adbuc

466 2679 700 2741 illuminabatur.
753 2682 888 2742 Isthmus
919 2684 1059 2761 apparuit
1094 2683 1277 2756 clarissime,
1313 2691 1378 2744 erat
1408 2682 1524 2760 species
1557 2682 1648 2742 veluti
1681 2683 1828 2744 Tauricae

454 2765 670 2830 'Chersonnesi
701 2768 729 2828 in
760 2769 858 2831 Ponto
896 2781 949 2832 aut
984 2772 1084 2850 potius
1114 2771 1333 2850 Peloponnesi,
1373 2771 1487 2831 divisae
1526 2770 1663 2848 utrinque
1702 2771 1827 2833 sinubus

466 2856 624 2931 umbrosis,
650 2858 740 2937 longa
754 2865 855 2921 tamen
876 2860 974 2921 fronte
993 2868 1025 2921 et
1039 2861 1118 2921 lacui
1138 2870 1219 2922 recte
1244 2860 1375 2938 objecta,
1400 2878 1454 2919 nec
1468 2867 1503 2919 ut
1523 2859 1695 2920 nominatae
1716 2861 1828 2940 penin-

467 2944 552 3006 sulae
577 2946 686 3023 angulo
718 2956 805 3007 acuto
837 2968 973 3027 prorsum
997 2950 1025 3009 in
1055 2950 1152 3010 lacum
1183 2957 1394 3028 procurrente,
1427 2948 1480 3008 sed
1505 2948 1594 3027 triplo
1620 2948 1682 3008 lere
1709 2949 1828 3027 longior

468 3052 554 3115 quam
579 3034 677 3096 latior.
724 3035 834 3097 Mirum
858 3040 957 3098 autem
982 3039 1011 3098 in
1036 3037 1209 3116 peninsula,
1242 3058 1301 3117 qua
1323 3037 1434 3097 isthmo
1466 3036 1656 3115 conjungitur
1687 3038 1827 3098 litoribus

466 3122 623 3196 montosis,
648 3131 787 3204 punctum
810 3134 876 3186 erat
899 3126 1125 3199 lucidissimum,
1150 3126 1260 3188 montis
1274 3127 1389 3187 instar:
1415 3125 1568 3205 eregione
1587 3125 1616 3185 in
1640 3126 1829 3188 lucidissima

466 3210 587 3272 litorum
611 3214 782 3274 continente
806 3222 948 3293 punctum
973 3224 1039 3276 erat
1061 3215 1241 3288 umbrosum,
1266 3214 1407 3275 indicium
1432 3214 1508 3274 forte
1534 3213 1632 3287 vallis,
1658 3234 1714 3293 per
1739 3234 1828 3294 quam

468 3300 597 3361 materia
612 3301 639 3361 in
660 3302 756 3363 lacum
781 3314 886 3382 egesta
909 3304 1097 3383 peninsulam
1123 3303 1231 3378 effecit,
1257 3312 1291 3365 ut
1310 3306 1346 3364 de
1371 3303 1548 3382 aggestione
1563 3303 1700 3383 Aegypti
1724 3303 1827 3383 philo-

467 3388 611 3468 sophatur
634 3389 816 3454 Herodotus.
865 3393 913 3453 Au
937 3394 1013 3454 haec
1038 3401 1108 3453 sunt
1131 3393 1263 3471 vestigia
1282 3392 1412 3454 Neronis
1437 3392 1563 3470 alicujus
1587 3391 1732 3453 isthmum
1756 3412 1827 3471 per-

468 3477 626 3553 iodientis,
658 3489 710 3540 aut
735 3479 919 3542 Cleombroti
950 3482 1137 3562 peninsulam
1167 3482 1247 3542 vallo
1278 3480 1438 3542 munientis
1470 3488 1576 3541 contra
1606 3480 1710 3541 nescio
1742 3500 1829 3560 quem

466 3564 581 3628 Xerxis
607 3569 792 3630 exercitum?

555 3656 693 3735 Vespere
726 3657 830 3720 eodem
855 3648 1017 3720 Saturnum
1048 3659 1172 3737 aspexi:
1205 3658 1277 3719 nihil
1310 3659 1466 3719 stellamm
1499 3666 1564 3718 erat
1592 3657 1620 3718 in
1646 3664 1712 3719 tam
1743 3667 1828 3719 arcta

466 3761 586 3806 vrcrnra.

555 3833 611 3893 Die
643 3829 672 3894 6.
706 3834 894 3917 Septembris
930 3856 1015 3896 mane
1049 3822 1293 3896 hora'secunda
1322 3843 1393 3915 post
1422 3835 1552 3895 mediam
1588 3841 1709 3896 noctem
1750 3836 1828 3897 circa

466 3920 572 3983 Jovem
604 3926 806 4002 spectavimus
837 3926 969 3985 Thomas
1001 3924 1152 4003 Segethus
1184 3935 1214 3986 et
1242 3924 1326 4004 Ego:
1366 3924 1515 3984 satellites
1552 3923 1627 3984 duos
1662 3925 1827 3985 orientales

465 4010 593 4073 invicem
616 4013 779 4091 proximos,
795 4014 915 4091 Jupiter
938 4014 1021 4092 quasi
1047 4014 1135 4092 duplo
1160 4013 1267 4074 aberat
1287 4036 1306 4075 a
1320 4013 1468 4093 propiori:
1494 4012 1573 4074 lineo
1589 4013 1713 4073 duorum
1739 4033 1827 4092 supra

466 4098 574 4161 Jovem
606 4104 766 4165 transibat.
815 4101 993 4163 Clarissima
1023 4112 1165 4182 utraque,
1198 4103 1294 4181 magis
1325 4111 1425 4163 tamen
1457 4101 1648 4176 orientalior,
1680 4102 1827 4164 distantia

467 4187 624 4249 orientalis
649 4211 667 4249 a
689 4191 766 4252 Jove
792 4192 878 4270 quasi
904 4198 1011 4270 quarta
1036 4210 1106 4269 pars
1133 4192 1332 4253 instrumenti.
1427 4219 1429 4222 ·

558 4276 632 4339 Cum
670 4282 903 4360 perpenderem,
950 4280 1181 4340 instrumentum
1218 4289 1378 4359 angustam
1409 4279 1485 4339 coeli
1522 4285 1641 4360 partem
1672 4280 1825 4359 amplecti,

466 4364 670 4447 incideretque
695 4371 720 4430 si
746 4372 823 4430 forte
849 4369 1050 4448 superioribus
1082 4369 1187 4429 diebus
1216 4369 1406 4431 remotiorem
1436 4368 1566 4448 aliquam
1596 4369 1826 4447 praeteriverim

466 4464 600 4516 autnon
625 4458 702 4517 satis
734 4460 895 4537 diligenter
927 4459 1142 4537 quaesiverim:
1176 4459 1321 4537 ampliata
1351 4458 1541 4519 instrumenti
1573 4458 1708 4517 fenestra
1739 4460 1827 4537 (quae

465 4551 567 4608 tamen
585 4547 675 4626 paulo
695 4549 853 4608 admodum
867 4549 935 4626 plus
951 4548 1073 4608 dimidia
1092 4548 1238 4608 diametro
1253 4547 1356 4608 Lunae
1372 4545 1527 4625 capiebat)
1543 4546 1671 4607 lustravi
1686 4546 1828 4608 occiden-

467 4635 559 4696 talem
590 4646 621 4697 et
651 4636 827 4698 orientalem
855 4637 941 4697 Jovis
973 4639 1105 4716 plagam.
1152 4635 1234 4714 Ergo
1265 4655 1318 4715 per
1348 4655 1451 4696 auram
1482 4636 1571 4695 valde
1602 4635 1829 4697 albicantema

467 4726 642 4802 praesentia
663 4726 766 4786 Lunae
791 4726 872 4786 visus
896 4732 997 4786 tamen
1018 4746 1083 4787 sum
1108 4744 1164 4804 ego
1185 4725 1286 4785 videre
1311 4725 1461 4785 minimam
1486 4725 1617 4804 aliquam
1642 4724 1828 4786 debilissimo

468 4812 577 4876 lurniue
602 4816 630 4876 in
657 4815 811 4876 occidente
837 4816 997 4877 secundum
1023 4817 1143 4876 ductum
1168 4814 1341 4893 eclipticae,
1373 4812 1569 4892 amplitudine
1594 4833 1613 4872 a
1636 4812 1715 4873 Jove
1740 4815 1829 4894 paulo

468 4901 581 4964 minore
605 4923 693 4983 quam
719 4904 947 4964 instrumentum
972 4904 1121 4982 capiebat.
1161 4902 1305 4964 Vicissim
1325 4903 1398 4963 hora
1422 4902 1514 4963 tertia
1538 4910 1569 4962 et
1588 4910 1659 4980 post
1675 4900 1828 4981 Segethus

467 4989 549 5051 visus
573 5002 621 5053 est
645 4993 700 5054 sub
724 4992 798 5072 ipsis
817 4992 903 5053 Jovis
927 4992 1020 5055 radiis
1044 5010 1149 5052 versus
1173 4992 1359 5053 occidentem
1381 4991 1481 5052 videre
1504 4998 1649 5070 punctum
1673 4990 1828 5053 lucidissi-

468 5095 556 5153 mum,
582 5082 660 5161 quod
685 5081 759 5141 hora
783 5081 915 5142 secunda
938 5101 995 5142 non
1020 5081 1149 5142 viderat.
1195 5080 1280 5141 Haec
1304 5088 1430 5159 uterque
1453 5099 1507 5160 pro
1531 5099 1574 5153 se,
1598 5078 1706 5158 ignaro
1732 5080 1828 5141 altero

467 5183 524 5227 neo
548 5169 588 5230 ad
611 5163 717 5229 eadem
740 5169 915 5249 quaerenda
938 5168 1103 5230 admonito.
