4584 6192
1032 601 1167 650 hereo·
1715 601 1776 667 5²1

423 773 529 835 timide
551 774 679 835 dimittit
704 795 720 835 e
744 777 897 849 manibus,
923 776 987 855 ipse
1010 786 1118 838 contra
1141 776 1199 837 leri
1224 776 1306 837 nictu
1330 776 1407 838 oculi
1430 776 1522 856 optici
1545 777 1683 838 fiduciam
1707 799 1782 841 con-

423 863 505 940 cepit
528 862 607 924 alius
632 864 787 941 cujusdam
812 866 976 926 tardissimi
1000 876 1099 926 mutus
1120 866 1231 926 Terrae
1254 866 1474 944 pervestigati:
1500 885 1557 945 quo
1574 866 1673 945 posito
1697 869 1782 947 sequi

423 963 528 1028 putat,
563 962 596 1012 ut
619 953 695 1012 fixae
719 967 830 1015 motum
861 953 1020 1014 rideantur
1047 954 1147 1014 sortiri
1180 952 1389 1032 inaequalem:
1424 955 1541 1033 qualem
1565 955 1689 1015 lixarum
1714 975 1781 1015 esse

423 1050 554 1109 motum,
587 1042 754 1102 seculorum
783 1044 887 1124 dispar
913 1062 1076 1103 consensus
1107 1052 1245 1103 testetur.
1266 1040 1307 1113 ²¹)
1358 1044 1453 1121 Atqui
1477 1061 1494 1102 ο
1518 1042 1618 1114 Pena,
1643 1044 1698 1103 hoc
1723 1063 1780 1104 non

424 1141 472 1188 est
495 1129 703 1189 commendare
727 1132 947 1208 praestantiam
968 1133 1093 1209 optices,
1119 1131 1284 1191 sollicitare
1304 1131 1368 1209 ejus
1387 1131 1466 1191 vires
1482 1131 1511 1191 iu
1531 1131 1619 1192 rebus
1639 1132 1780 1211 impossi-

423 1216 543 1277 bilibus.
593 1215 767 1279 Geuerosus
792 1221 912 1280 omnino
937 1221 993 1280 fuit
1016 1220 1223 1298 BucephaluS,
1256 1219 1314 1279 etsi
1342 1219 1454 1297 Pegasi
1484 1219 1550 1278 alas
1584 1220 1695 1280 imitari
1723 1239 1782 1281 nou

421 1305 530 1383 potuit.
584 1305 626 1366 Et
659 1307 684 1366 si
719 1309 784 1386 quis
814 1308 1020 1387 Bucephalum
1054 1318 1186 1368 testatus
1223 1308 1376 1368 volantem
1413 1315 1606 1385 conspectum
1637 1319 1782 1387 arguatur

423 1393 503 1466 salsi,
529 1412 588 1454 non
612 1395 680 1455 ideo
704 1397 870 1476 Bucephali
901 1398 998 1474 gloria
1026 1396 1200 1458 conciderit.
1248 1396 1379 1456 Nimium
1403 1416 1420 1456 o
1444 1396 1527 1456 Pena
1555 1397 1682 1456 recessit
1705 1397 1781 1458 haec

423 1491 475 1542 tna
498 1483 691 1543 ratiocinatio
715 1505 734 1544 a
761 1485 916 1564 principiis
949 1486 1077 1564 opticis,
1111 1485 1231 1544 nimium
1266 1485 1361 1545 multa
1390 1484 1469 1544 inter
1499 1493 1583 1544 tuum
1615 1493 1781 1546 assumtum

425 1570 555 1649 opticum
587 1571 723 1650 interque
748 1574 777 1633 id
803 1575 878 1652 quod
905 1574 972 1633 inde
1003 1574 1156 1634 concludis
1190 1573 1389 1634 intercedunt.
1438 1572 1567 1634 Primum
1591 1592 1648 1634 non
1677 1574 1781 1652 tetigit

423 1667 452 1718 te
477 1659 648 1719 sollicitudo
673 1662 726 1720 illa
750 1682 840 1740 super
864 1663 993 1722 veritate
1018 1662 1271 1728 observationum,
1296 1681 1370 1740 quas
1390 1681 1428 1722 ex
1451 1662 1503 1721 illa
1526 1661 1674 1739 profunda
1698 1663 1782 1722 anti-

423 1748 540 1825 quitate
561 1749 727 1826 allegamus
743 1751 840 1810 lindie.
879 1751 995 1810 Deinde
1014 1762 1126 1810 mutum
1149 1752 1271 1810 fixarum
1297 1751 1413 1828 allegas
1430 1760 1540 1810 utrem
1559 1750 1653 1809 oculis
1672 1750 1779 1811 risam.

423 1836 517 1914 Atqui
542 1836 632 1897 nimio
657 1839 779 1898 multum
806 1840 892 1899 abest
917 1840 955 1898 ah
980 1840 1131 1899 oculorum
1156 1848 1336 1917 conspectu:
1367 1839 1629 1899 subtilissimarum
1654 1839 1779 1899 ratioci-

421 1925 574 1985 nationum
600 1926 689 1986 trium
712 1927 739 1985 in
766 1947 853 1987 unurn
878 1928 1102 2005 compositione,
1127 1947 1239 1987 necea
1266 1927 1469 2000 strictissima,
1495 1926 1544 1985 rix
1559 1928 1682 1987 tandem
1705 1945 1780 2005 pro-

427 2013 567 2073 nunciare
592 2016 682 2074 audet
707 2027 906 2085 astronomus,
931 2036 988 2094 quo
1013 2016 1127 2076 zodiaci
1152 2016 1218 2076 loco
1243 2017 1348 2093 quotis
1372 2017 1473 2076 seculo
1496 2016 1557 2075 fura
1580 2015 1680 2094 aliqua
1704 2035 1777 2076 con-

421 2102 523 2162 sistat.
570 2101 705 2181 Denique
730 2124 815 2182 quern
839 2115 872 2165 tu
897 2105 972 2164 dicis
996 2116 1106 2165 motum
1130 2105 1208 2164 fixae
1229 2126 1247 2164 a
1267 2113 1376 2182 puncto
1402 2103 1599 2182 aequinoctii,
1628 2104 1653 2163 is
1673 2113 1780 2164 contra

421 2190 576 2250 verissime
602 2203 650 2251 est
673 2206 859 2253 retrocessus
888 2193 988 2272 puncti
1022 2193 1250 2271 aequinoctialis
1284 2213 1302 2251 a
1331 2194 1390 2252 fixa
1420 2193 1528 2252 stella:
1562 2191 1610 2252 ubi
1635 2201 1777 2270 punctum

421 2278 642 2357 aequinoctiale
667 2281 842 2359 longissime
867 2282 989 2342 aberrat
1013 2302 1031 2340 a
1053 2283 1152 2341 l'enae
1176 2280 1381 2360 conceptione.
1420 2278 1500 2351 Quid
1524 2280 1602 2340 enim
1627 2281 1708 2340 aliud
1729 2290 1778 2341 est

419 2376 563 2445 punctum
587 2369 820 2447 aequinoctiale,
856 2391 944 2450 quarn
969 2371 1148 2448 imaginaria
1182 2369 1355 2430 intersectio
1381 2370 1504 2430 duorum
1535 2368 1780 2447 imaginariomm

419 2456 610 2527 circulorum,
635 2477 757 2535 qnorum
787 2461 864 2519 alter
896 2459 1074 2536 intelligitur
1097 2479 1116 2517 a
1140 2456 1212 2518 Sole
1240 2476 1294 2536 per
1327 2459 1455 2518 orbitam
1478 2458 1607 2518 Telluris
1631 2476 1725 2535 usque
1749 2458 1778 2518 in

420 2564 589 2624 supremum
614 2547 766 2608 aetherem
790 2548 966 2621 continuari,
991 2548 1068 2609 alter
1092 2547 1196 2607 itidem
1220 2547 1400 2625 intelligitur
1422 2568 1441 2607 a
1464 2554 1567 2606 centro
1587 2545 1699 2605 Terrae
1722 2564 1776 2623 per

421 2632 669 2712 aequinoctialem
695 2637 883 2696 Terrestrern
913 2655 1005 2715 usque
1030 2637 1085 2696 sub
1115 2637 1191 2695 fixas
1222 2635 1408 2708 continuari,
1444 2634 1533 2713 idque
1561 2653 1619 2694 uon
1644 2635 1673 2693 in
1698 2634 1778 2694 omni

419 2723 478 2782 situ
504 2722 626 2796 Terrae,
650 2724 705 2784 sed
728 2734 799 2785 tunc
824 2734 950 2797 tanturn,
976 2725 1093 2803 quando
1109 2726 1205 2785 Terra
1229 2736 1277 2783 est
1301 2725 1329 2783 in
1353 2723 1473 2803 punctis
1498 2722 1776 2800 aequinoctialibus.

420 2809 482 2871 Sed
508 2811 545 2870 de
571 2811 626 2872 hac
651 2832 682 2873 re
707 2814 735 2874 in
761 2815 946 2874 astronomia
976 2815 1100 2874 docetur
1129 2813 1216 2891 inque
1247 2813 1321 2872 meis
1346 2814 1382 2872 de
1406 2813 1507 2872 Marte
1532 2809 1776 2872 Commentariis.

419 2901 547 2960 Frustra
571 2900 661 2976 igitur
685 2921 721 2960 ex
747 2911 808 2963 tam
833 2902 957 2962 incertis
973 2903 1055 2961 Pena
1080 2902 1158 2961 male
1183 2901 1360 2961 informatus
1376 2901 1487 2961 Terrae
1512 2909 1624 2960 motum
1649 2899 1777 2977 aliquem

419 3007 527 3048 uorum
551 2989 655 3049 tribuit
679 3009 803 3069 eumque
834 2991 1054 3062 tardissimum,
1090 3010 1147 3068 quo
1172 2998 1252 3050 motu
1278 2989 1330 3049 illa
1354 3010 1373 3048 a
1396 3000 1498 3049 centro
1530 2987 1632 3048 mundi
1656 2988 1774 3047 exulet:

416 3076 624 3155 praestitisset
655 3098 721 3138 eunt
753 3079 881 3140 Telluris
911 3081 1039 3139 retinere
1074 3089 1205 3150 motum,
1240 3098 1326 3156 quern
1361 3076 1616 3156 praestantissimi
1646 3076 1776 3137 artifices

417 3165 632 3226 introduxere:
669 3168 716 3247 qui
749 3179 847 3228 motus
880 3178 962 3228 certo
994 3168 1117 3229 Terram
1157 3166 1350 3227 circumducit
1387 3175 1473 3226 extra
1511 3173 1646 3225 centrum
1677 3163 1779 3225 mundi

416 3255 578 3332 planetarii
597 3263 682 3316 tanto
707 3256 877 3328 intervallo,
903 3267 1016 3334 quauta
1038 3265 1164 3334 putatur
1183 3274 1251 3315 esse
1276 3254 1499 3316 semidiameter
1522 3254 1668 3332 sphaerae
1684 3251 1776 3314 Solis.

506 3343 573 3403 b'on
598 3363 719 3423 possurn
739 3357 838 3406 autern
856 3346 1031 3424 praeterire,
1057 3344 1238 3423 quinetiam
1261 3344 1338 3404 hunc
1355 3343 1455 3403 Penae
1481 3344 1597 3421 lapsum
1617 3361 1653 3401 ex
1678 3341 1774 3420 ipsius

416 3432 603 3511 praefatione
628 3433 789 3506 eliminem,
815 3435 863 3495 ubi
881 3433 1041 3513 Copernici
1066 3453 1223 3494 censuram
1245 3451 1335 3511 snper
1351 3432 1537 3493 Ptolemaica
1553 3431 1657 3492 Lunae
1674 3430 1773 3509 hypo-

419 3520 498 3580 thesi
515 3521 659 3582 ialsitatis
676 3523 785 3600 arguit.
820 3524 884 3583 Hac
901 3524 977 3583 enirn
1001 3521 1223 3583 insimulatione
1240 3522 1401 3600 plurimum
1416 3531 1541 3580 nocetur
1561 3518 1777 3579 existimationi

418 3609 496 3670 tanti
520 3610 642 3671 artificis
666 3611 746 3689 apud
769 3611 933 3691 imperitos.
972 3611 1099 3673 Refellit
1113 3610 1318 3671 Ptolemaeum
1339 3609 1532 3686 Copernicus,
1557 3609 1640 3686 cujus
1659 3625 1775 3685 suppo-

417 3699 479 3758 sita
493 3698 611 3760 Lunam
636 3700 782 3760 bisectam
805 3719 880 3779 pene
899 3700 988 3778 duplo
1012 3700 1181 3780 propiorem
1197 3698 1299 3758 Terris
1319 3698 1471 3771 exhibent,
1493 3715 1581 3776 quam
1601 3715 1666 3756 curn
1686 3696 1777 3772 plena

418 3795 476 3849 est.
529 3788 747 3866 Argumentum
780 3790 926 3851 falsitatis
961 3786 1145 3866 Copernicus
1184 3786 1292 3846 sumsit
1325 3786 1460 3864 opticnm
1493 3786 1583 3864 idque
1621 3783 1775 3862 optimum,

417 3875 588 3955 oportuisse
611 3887 645 3937 ut
668 3889 699 3938 et
722 3896 845 3956 corpore
871 3877 960 3955 duplo
993 3878 1053 3937 lere
1084 3875 1174 3937 latior
1207 3884 1368 3954 appareret
1397 3874 1515 3935 bisecta
1546 3891 1634 3951 quarn
1666 3872 1775 3951 plena:

417 3984 484 4026 curn
517 3965 705 4044 experientia
737 3977 866 4027 testetur
895 3967 932 4026 de
963 3965 1201 4029 constantium
1231 3964 1288 4025 nisi
1318 3962 1454 4043 pauculis
1484 3962 1605 4022 minutis
1638 3959 1776 4021 variabili

417 4054 577 4116 diametro.
616 4055 673 4115 Hic
689 4056 772 4115 Pena
791 4056 962 4116 subtilitate
987 4054 1097 4115 abusus
1121 4052 1283 4114 axiomatis
1302 4051 1395 4131 optici
1414 4072 1433 4111 a
1448 4049 1616 4131 Copernico
1640 4049 1776 4119 adducti,

416 4143 496 4222 quod
521 4143 549 4203 in
573 4143 620 4203 his
644 4144 899 4222 propositionibus
923 4144 1072 4222 repetitur
1095 4160 1216 4202 numero
1241 4138 1293 4215 67,
1319 4152 1525 4219 argumentum
1549 4139 1776 4218 impertinenter

415 4233 528 4292 elevat.
567 4230 646 4301 Quid
671 4242 733 4294 turn
758 4232 845 4305 enim,
872 4233 897 4293 si
913 4232 1041 4292 maxime
1065 4240 1249 4310 apparentes
1272 4228 1412 4290 diametri
1429 4230 1532 4290 Lunae
1557 4247 1614 4289 non
1638 4227 1775 4306 praecise

415 4320 538 4381 suntin
563 4340 669 4382 eversa
702 4320 895 4402 proportione
929 4320 1158 4393 distantiarum,
1194 4320 1218 4380 si
1242 4327 1343 4380 tamen
1375 4327 1446 4379 sunt
1477 4319 1538 4378 lere
1562 4318 1590 4379 in
1620 4336 1673 4392 ea,
1706 4334 1776 4376 num

414 4409 484 4471 ideo
515 4408 587 4469 nihil
618 4410 695 4471 dixit
719 4409 925 4493 Copernicus?
956 4410 1060 4488 Negat
1091 4407 1151 4468 dux
1178 4408 1330 4470 exercitus
1358 4425 1392 4468 se
1424 4407 1529 4468 urbem
1558 4406 1589 4466 in
1618 4422 1677 4484 qua
1706 4411 1776 4465 sunt

414 4499 520 4558 decern
543 4497 637 4559 millia
658 4499 923 4578 praesidiariornm
942 4498 1070 4561 militurn
1094 4514 1267 4576 expugnare
1286 4515 1377 4576 posse
1397 4496 1454 4557 nisi
1469 4514 1536 4556 cum
1559 4493 1776 4574 quinquaginta

414 4587 559 4648 millibus.
606 4586 686 4657 Quid
711 4589 803 4668 igitur
826 4589 852 4648 si
877 4587 957 4649 desit
984 4587 1029 4650 illi
1057 4604 1133 4647 unus
1167 4585 1276 4666 aliquis
1300 4585 1337 4648 de
1362 4586 1418 4647 hoc
1441 4602 1581 4652 numero,
1615 4601 1684 4644 num
1707 4581 1775 4642 ideo

414 4676 667 4755 tergiversahitur
690 4698 780 4756 super
804 4670 1104 4756 expuguationel²⁷)

504 4762 566 4825 Sed
592 4767 809 4838 adnumerum
838 4773 973 4828 revertor
1005 4764 1191 4843 dogmatum,
1221 4780 1299 4842 quae
1321 4763 1406 4825 Pena
1429 4781 1466 4824 ex
1490 4760 1592 4840 optica
1620 4758 1775 4820 verissime

412 4855 533 4934 probat,
559 4874 682 4934 quorum
702 4856 757 4917 hoc
777 4862 826 4917 est
843 4863 999 4935 quartum:
1026 4852 1103 4932 quod
1122 4851 1290 4913 rectissime
1309 4869 1347 4911 ex
1366 4852 1468 4932 optica
1491 4849 1636 4929 arguitur,
1662 4847 1774 4909 unllam

412 4963 506 5024 snpra
529 4963 585 5006 nos
609 4964 677 5005 esse
702 4946 862 5024 sphaeram
886 4943 984 5021 iguis:
1015 4960 1073 5023 quo
1098 4940 1293 5001 fundamento
1324 4941 1465 5016 subruto,
1494 4947 1608 5019 quanta
1630 4945 1776 5016 sequatur

412 5034 501 5099 ruina
533 5034 771 5114 Meteorologiae
802 5032 1040 5103 Aristotelicae,
1077 5030 1187 5091 nemini
1224 5028 1469 5111 philosophorum
1506 5028 1595 5107 hujus
1629 5024 1775 5105 temporis

411 5123 573 5186 obscurum
598 5142 666 5185 esse
689 5132 804 5203 potest.
851 5120 886 5184 Si
910 5121 989 5183 enim
1012 5120 1067 5183 sub
1091 5120 1176 5182 coelo
1204 5126 1287 5180 esset
1317 5119 1412 5199 ignis,
1441 5137 1494 5180 seu
1522 5115 1701 5195 conspicuus
1723 5114 1775 5177 ille
