4584 6192
872 566 904 617 a·
920 566 989 617 Jove
1010 564 1164 618 statuero
1182 563 1228 618 ue.
1662 562 1729 632 463

463 740 706 802 Altissimum
739 743 931 820 planetam
963 743 1208 822 tergeminum
1238 743 1446 805 observavi.
1494 742 1640 805 Nimirum
1664 740 1726 805 Sa-

375 837 494 892 turnum
512 849 635 900 ,summa
661 832 948 895 cumadmiratione
973 833 1154 912 deprehendi
1188 854 1244 894 nou
1274 853 1363 894 unam
1386 833 1479 894 solam
1505 852 1572 894 esse
1596 832 1724 904 stellam,

373 920 429 981 sed
451 928 516 981 tres
539 919 618 979 inter
642 939 675 979 se
699 920 870 999 proximas,
897 923 972 984 adeo
996 930 1030 982 ut
1053 940 1121 982 sese
1146 931 1248 983 mutuo
1273 922 1358 1001 quasi
1381 922 1567 999 contingant.
1613 922 1726 982 Immo-

373 1008 450 1069 biles
482 1018 554 1070 sunt
586 1009 663 1068 inter
696 1028 729 1068 se
763 1028 885 1087 prorsus
918 1020 950 1072 et
983 1009 1169 1089 compositae
1193 1011 1222 1071 in
1247 1011 1324 1072 hunc
1347 1011 1466 1071 modum
1495 1025 1561 1087 000,
1614 1009 1726 1071 Earum

372 1097 471 1158 media
495 1097 588 1158 multo
614 1105 662 1158 est
684 1097 782 1175 major
805 1100 957 1161 extremis.
1003 1099 1090 1160 Sitae
1123 1107 1194 1160 sunt
1226 1101 1264 1159 ad
1299 1099 1445 1160 orientem
1469 1119 1537 1174 una,
1568 1100 1665 1160 altera
1689 1099 1727 1159 ad

373 1186 571 1258 occidentem,
597 1186 627 1245 in
651 1205 710 1245 uua
733 1197 817 1247 recta
840 1188 921 1248 linea
944 1190 982 1250 ad
1006 1189 1117 1268 pilum;
1142 1207 1199 1248 non
1224 1196 1325 1250 tamen
1350 1195 1457 1248 exacte
1481 1189 1643 1250 secundum
1659 1188 1727 1248 lon-

373 1275 538 1353 gitudinem
572 1274 703 1334 zodiaci:
751 1276 966 1338 occidentalior
1004 1277 1080 1337 cuim
1117 1278 1249 1355 assurgit
1287 1276 1419 1337 nonnihil
1456 1295 1560 1339 versus
1598 1278 1727 1348 boream,

374 1365 451 1424 lorte
471 1371 542 1424 sunt
561 1364 772 1442 aequinoctiali
796 1367 971 1442 parallelae.
1010 1366 1045 1427 Si
1069 1366 1224 1444 aspexeris
1247 1366 1316 1426 illas
1340 1384 1393 1443 per
1415 1367 1544 1437 oculare,
1568 1366 1645 1443 quod
1670 1383 1729 1426 nou

374 1453 531 1530 plurimum
556 1452 749 1531 multiplicat,
780 1473 836 1513 non
862 1456 1050 1533 apparebunt
1073 1455 1147 1515 bene
1173 1453 1250 1514 inter
1273 1474 1306 1514 se
1330 1454 1492 1515 distinctae
1516 1455 1640 1527 stellae;
1673 1453 1727 1514 sed

373 1540 522 1601 videbitur
545 1541 636 1600 stella
660 1540 783 1602 Saturni
818 1543 1020 1620 longiuscula,
1063 1545 1177 1604 formae
1202 1543 1318 1614 olivae,
1349 1543 1412 1603 sic:
1440 1556 1490 1613 0.
1537 1542 1630 1603 At
1606 1563 1632 1603 si
1656 1561 1728 1604 usus

374 1630 469 1690 t'·ueris
493 1629 614 1701 oculari,
651 1631 728 1708 quod
752 1632 819 1709 plus
851 1649 939 1733 quarn
963 1631 1072 1694 millies
1095 1631 1277 1710 multiplicat
1288 1630 1504 1733 superficiem,
1539 1630 1729 1710 apparebunt

373 1729 437 1779 tres
462 1718 544 1795 globi
568 1718 798 1781 distinctissime
823 1730 854 1780 et
877 1721 927 1799 qui
950 1740 1018 1782 sese
1043 1720 1128 1801 quasi
1143 1728 1273 1822 tangant
1287 1719 1433 1793 invicem;
1458 1739 1511 1780 nec
1526 1721 1593 1800 plus
1608 1718 1728 1780 diremti

374 1826 394 1866 a
416 1825 448 1867 se
473 1814 576 1868 mutuo
601 1808 764 1868 censebunt
752 1817 818 1882 tur,
853 1828 941 1888 quam
965 1809 1131 1871 tenuissimi
1165 1818 1197 1869 et
1224 1809 1276 1869 vix
1307 1808 1460 1887 conspicui
1482 1809 1524 1869 fili
1557 1808 1727 1869 latitudine.

373 1897 476 1975 Atque
498 1915 535 1955 en
557 1895 709 1956 inventum
726 1897 795 1957 Jovi
811 1899 997 1972 satellitium,
1021 1898 1154 1960 seniculo
1175 1916 1246 1958 vero
1264 1898 1416 1976 decrepito
1441 1898 1515 1959 duos
1539 1915 1653 1969 servos,
1679 1893 1729 1975 qui

374 1985 526 2045 incessum
559 1984 639 2044 illius
672 1986 828 2062 adjutent,
863 2006 1012 2066 nunquam
1045 2009 1064 2048 a
1097 1987 1242 2047 lateribus
1274 1986 1355 2048 illius
1388 1986 1590 2048 discedentes.
1638 1982 1729 2047 Circa

374 2073 504 2151 reliquos
530 2073 669 2152 planetas
693 2075 760 2134 novi
785 2075 856 2136 nihil
880 2077 1042 2156 comperi.“
1090 2079 1167 2147 (Flos.
1186 2084 1210 2133 rt
1237 2082 1278 2134 13.
1297 2083 1361 2134 Nor.
1383 2080 1471 2144 ¹610.)

431 2201 434 2206 ‹
464 2160 731 2224 llaecGalilaeus.
777 2165 823 2225 At
846 2183 902 2243 ego
925 2167 951 2226 si
975 2166 1102 2227 babeam
1124 2165 1290 2232 arbitrium,
1316 2183 1374 2225 uon
1398 2184 1436 2225 ex
1451 2162 1584 2225 Saturno
1608 2161 1727 2223 silicer-

373 2250 464 2323 nium,
491 2268 528 2309 ex
552 2250 643 2311 sociis
658 2251 788 2329 globulis
803 2254 938 2314 servulos
953 2254 997 2315 illi
1017 2255 1125 2329 fecero,
1151 2254 1205 2315 sed
1228 2253 1328 2332 potius
1351 2252 1508 2314 extribus
1532 2251 1593 2313 illis
1611 2249 1728 2329 junctis

371 2338 569 2417 tricorporem
595 2337 782 2420 Geryonem,
807 2361 845 2402 ex
869 2341 1008 2404 Galilaeo
1032 2344 1211 2415 Herculem,
1245 2361 1282 2403 ex
1306 2340 1476 2421 perspicillo
1500 2342 1636 2414 clavam,
1670 2357 1729 2418 qua

375 2426 535 2488 Galilaeae
559 2437 694 2489 armatus
718 2430 800 2491 illum
825 2431 1005 2494 altissimum
1038 2433 1225 2511 planetarum
1258 2439 1290 2492 et
1319 2431 1393 2491 vicit
1415 2436 1448 2491 et
1471 2448 1509 2489 ex
1531 2426 1728 2507 penitissimis

373 2525 502 2577 naturae
526 2517 627 2598 adytis
652 2527 819 2580 extractum
844 2521 930 2600 inque
955 2521 1065 2581 Terras
1098 2521 1267 2582 detractum
1299 2526 1435 2580 nostrum
1471 2518 1601 2579 omnium
1635 2515 1729 2577 oculis

375 2604 527 2684 exposuit.
575 2606 675 2666 Lubet
709 2608 844 2685 equidem
874 2610 944 2670 nido
969 2611 1089 2671 detecto
1113 2608 1343 2688 contemplando
1376 2625 1537 2687 quaerere,
1570 2606 1675 2685 quales
1699 2605 1729 2664 in

371 2693 426 2754 illo
453 2694 606 2767 aviculae,
640 2696 738 2774 qualis
763 2696 844 2771 vita,
879 2698 903 2758 si
929 2717 986 2776 qua
1009 2699 1092 2772 vita,
1127 2698 1206 2759 inter
1238 2697 1323 2758 binos
1357 2704 1388 2756 et
1419 2695 1505 2756 binos
1529 2695 1635 2774 globos
1659 2711 1727 2754 sese

370 2791 472 2844 mutuo
509 2801 585 2861 pene
623 2783 850 2864 contingentes;
897 2787 945 2847 ubi
984 2807 1061 2848 non:
1113 2788 1209 2861 ,Tres
1243 2784 1318 2847 coeli
1358 2784 1488 2863 spatium
1525 2791 1632 2863 pateat
1668 2799 1727 2842 non

370 2871 500 2949 amplius
537 2872 664 2947 ulnas,“
699 2875 753 2934 sed
791 2875 841 2935 vix
877 2875 972 2936 latum
999 2894 1128 2954 unguem
1166 2876 1195 2935 in
1233 2874 1374 2935 circulum
1412 2874 1541 2951 undique
1579 2870 1727 2933 dehiscat.

369 2960 421 3021 An
456 2979 526 3020 rere
559 2961 706 3040 astrologi
731 2962 862 3024 Saturno
893 2964 1019 3024 tutelam
1052 2962 1286 3024 metallariorum
1317 2961 1535 3034 transcribunt,
1561 2960 1624 3038 qui,
1664 2959 1726 3019 tal-

371 3068 476 3128 parum
500 3049 596 3109 instar
619 3051 674 3110 snb
699 3052 787 3112 terris
812 3053 920 3130 degere
945 3053 1069 3127 assueti,
1095 3053 1219 3113 liberum
1242 3070 1311 3113 raro
1327 3051 1582 3113 hauriuntatirem
1598 3047 1653 3109 sub
1668 3048 1727 3110 dio.

373 3138 444 3199 Etsi
467 3139 557 3216 paulo
581 3139 803 3201 tolerabiliores
827 3141 874 3203 hic
898 3143 1061 3215 tenebrae,
1096 3142 1165 3221 quia
1188 3139 1261 3214 Sol,
1295 3139 1343 3220 qui
1375 3146 1478 3200 tantus
1510 3138 1569 3199 illis
1600 3144 1729 3217 apparet

373 3235 488 3306 quanta
506 3226 592 3288 nobis
612 3227 640 3288 iu
661 3230 755 3290 Terra
770 3230 885 3303 Venus,
910 3230 1011 3292 radios
1030 3248 1084 3310 per
1107 3229 1281 3291 discrimina
1299 3228 1454 3308 globorum
1471 3234 1617 3307 perpetuo
1640 3224 1729 3305 traji-

372 3316 425 3389 cit,
451 3316 527 3375 adeo
551 3325 585 3376 ut
608 3316 656 3394 qui
681 3318 709 3377 in
734 3318 855 3396 globum
878 3319 1005 3380 alterum
1021 3318 1177 3401 insistunt,
1202 3318 1348 3396 areliquo
1362 3318 1447 3378 velut
1461 3336 1480 3377 a
1494 3314 1628 3396 laqueari
1644 3314 1729 3387 teeti,

370 3405 415 3465 illi
439 3403 478 3464 ab
502 3404 590 3482 hujus
606 3405 651 3465 sui
671 3407 743 3466 tecti
759 3406 928 3468 eminentiis
951 3407 981 3468 in
1006 3409 1102 3469 lucem
1127 3407 1208 3469 Solis
1232 3405 1426 3485 exporrectis,
1451 3405 1544 3466 veluti
1568 3426 1585 3465 a
1605 3404 1730 3484 quibus-

372 3494 441 3553 daru
466 3492 624 3554 titionibus
656 3496 785 3575 desuper
813 3497 1026 3559 illuminentur.
1074 3496 1136 3558 Sed
1170 3495 1347 3557 adducenda
1379 3495 1467 3555 irena
1500 3493 1595 3555 menti
1628 3489 1730 3553 liberis

371 3582 505 3643 aetheris
530 3582 644 3660 campis
667 3583 803 3662 potitae;
827 3586 852 3645 si
878 3585 947 3665 quid
972 3587 1103 3647 fortasse
1127 3586 1312 3663 posteriores
1336 3582 1564 3644 observationes
1580 3581 1731 3642 diversum

371 3672 410 3731 ab
434 3670 488 3731 illa
511 3671 610 3749 priore
634 3674 806 3734 narratione
832 3682 863 3735 et
886 3675 1074 3736 immutatum
1098 3684 1232 3752 tempore
1256 3672 1441 3733 renunciant.

464 3759 637 3821 Videbatur
660 3761 716 3823 sibi
742 3760 902 3824 Galilaeus
927 3763 954 3822 in
979 3764 1035 3824 fine
1061 3762 1209 3842 epistolae
1233 3762 1319 3821 linem
1344 3758 1521 3838 imposuisse
1545 3755 1730 3817 narrationi-

371 3849 428 3909 bus
460 3848 496 3908 de
527 3848 662 3927 planetis
692 3851 836 3931 novisque
866 3853 947 3913 circa
970 3870 1022 3913 eos
1047 3849 1317 3913 observationibus.
1365 3849 1411 3909 At
1433 3864 1550 3924 semper
1569 3843 1730 3924 perspicax

372 3937 477 3999 oculus
493 3936 544 3997 ille
560 3937 705 4007 factitius,
729 3941 932 4019 perspicillum
947 3939 1024 4015 dico,
1049 3940 1130 4001 brevi
1145 3941 1233 4019 plura
1256 3936 1391 3999 detexit:
1417 3937 1453 3997 de
1478 3935 1584 4015 quibus
1608 3935 1674 4013 lege
1698 3939 1731 3994 et

371 4034 547 4105 sequentem
572 4025 705 4088 Galilaei
729 4030 907 4108 epistolam:
937 4037 1078 4088 Florentiae
1098 4038 1122 4087 d.
1145 4035 1187 4086 11.
1207 4036 1352 4087 Decembris
1372 4030 1448 4082 tolo.

465 4115 638 4194 „Exspecto
662 4137 728 4178 cum
753 4119 902 4181 desiderio
926 4138 1102 4199 responsum
1126 4120 1165 4179 ad
1188 4126 1358 4197 postremas
1381 4115 1474 4188 duas;
1499 4117 1533 4174 ut
1555 4109 1729 4183 resciscam,

371 4203 442 4283 quid
468 4203 618 4284 Keplerus
642 4206 678 4266 de
703 4205 864 4268 Saturniae
888 4209 997 4269 stellae
1021 4208 1165 4269 miraculo
1190 4206 1282 4267 dicat.

461 4292 584 4354 Interim
617 4295 703 4356 mitto
736 4296 780 4358 illi
808 4297 946 4376 griphum
978 4316 1073 4358 novae
1106 4295 1263 4374 eujusdam
1288 4291 1472 4371 eximiaeque
1497 4285 1728 4367 observationis,

371 4400 449 4461 quae
475 4382 549 4443 facit
572 4382 610 4442 ad
635 4384 817 4445 decisionem
849 4405 1022 4463 magnarum
1053 4386 1082 4446 iu
1114 4383 1300 4445 astronomia
1332 4379 1605 4442 controversiarum
1637 4384 1670 4437 et
1700 4375 1731 4436 in

371 4470 474 4548 speeie
499 4489 554 4532 con
557 4472 634 4533 tinet
657 4471 685 4533 in
709 4494 742 4533 se
765 4474 919 4552 pulchrum
944 4481 1158 4575 argumentum
1177 4492 1230 4553 pro
1254 4469 1469 4533 constitutione
1492 4465 1593 4528 muudi
1610 4464 1731 4544 Pytha·

371 4559 476 4634 gorica
506 4568 536 4619 et
561 4558 778 4639 Copemioana.
826 4563 972 4642 Tempore
997 4582 1052 4624 suo
1075 4561 1210 4641 aperiam
1234 4559 1414 4622 solutionem
1445 4555 1543 4636 griphi
1566 4561 1600 4616 et
1621 4552 1729 4631 singu-

372 4647 451 4708 laria
475 4648 618 4709 nonnulla
651 4649 719 4711 alia.
766 4651 864 4730 Spero
888 4651 1041 4712 inventam
1073 4672 1093 4711 a
1124 4669 1171 4711 ure
1203 4649 1375 4711 methodum
1406 4643 1565 4707 deliniendi
1588 4641 1730 4721 periodos

373 4745 502 4815 quatuor
525 4736 742 4808 Mediceorum,
779 4758 854 4819 quas
878 4740 1028 4818 Keplerus
1059 4757 1118 4799 non
1152 4740 1216 4799 sine
1249 4755 1365 4798 summa
1397 4733 1514 4795 ratione
1543 4728 1731 4792 existimavit

372 4824 611 4904 inexplicabiles,
637 4833 696 4887 etc.

462 4914 588 4975 Literae
616 4915 822 4994 transpositae
851 4921 922 4975 sunt
952 4915 1053 4976 istae·
1095 4915 1189 4978 Haec
1210 4914 1384 4976 immortua
1404 4929 1427 4972 α
1447 4928 1497 4971 ms
1515 4905 1584 4989 iam
1598 4904 1731 4988 snm

370 5000 402 5064 le
553 5021 579 5063 0.
599 5024 634 5083 y.

398 5000 658 5152 menusf‘
640 5089 809 5153 Galilaeus.
857 5088 972 5161 Quodsi
1003 5097 1035 5150 te
1068 5090 1165 5151 lector
1192 5088 1268 5150 baec
1290 5085 1423 5167 epistola
1444 5064 1595 5147 desiderio
1619 5079 1729 5162 imple·
1816 5148 1818 5152 ,
