4584 6192
457 595 537 680 πο
939 603 989 660 ἰ).
1007 603 1087 660 sana
1102 603 1176 660 sea
1193 605 1343 673 sesan
1481 596 1483 600 ·

476 787 762 870 rerumpublicarum
794 794 827 848 et
858 775 1056 866 religionum:
1088 783 1255 847 habuemnt
1277 784 1399 848 evidens
1422 783 1491 848 hinc
1515 792 1758 865 argumentum,
1786 802 1839 848 sur

371 925 374 930 -
472 878 547 944 aluit
569 879 908 959 porro·elrspectsrent,
932 874 1009 955 quud
1033 893 1100 936 cum
1123 874 1175 949 iis,
1208 874 1367 955 quaejam
1390 893 1410 937 a
1434 870 1496 937 150
1529 872 1620 937 annis
1644 874 1838 948 acciderant,

390 1012 394 1019 -
461 959 683 1050 'magnitudine
705 963 872 1045 comparari
885 964 991 1044 possit,
1016 982 1104 1043 quam
1117 962 1167 1024 din
1182 961 1300 1044 quidem
1315 964 1344 1025 iu
1366 963 1461 1025 sulam
1479 962 1559 1025 banc
1583 964 1837 1044 cunjunctionem

472 1055 616 1139 magnam
638 1054 709 1117 anni
731 1049 830 1117 ²1603.
853 1062 925 1122 snut
946 1051 1058 1126 intuiti,
1082 1049 1207 1113 necdum
1231 1052 1322 1114 stella
1343 1070 1422 1114 nova
1444 1061 1633 1118 accesserat

466 1147 470 1156 “
492 1211 495 1216 ,
562 1144 649 1217 Quas
671 1142 762 1223 igitur
783 1151 854 1204 tunc
877 1140 906 1202 in
930 1141 1006 1203 bunc
1028 1140 1148 1203 mudum
1169 1160 1207 1202 ex
1226 1141 1409 1203 astronomia
1430 1141 1569 1216 disserui,
1596 1162 1637 1204 ea
1656 1141 1706 1205 aiu
1725 1143 1838 1206 babere

474 1232 742 1316 deprehendentur,
765 1230 793 1293 si
814 1229 966 1311 paululum
989 1230 1019 1292 in
1042 1229 1185 1293 historias
1208 1230 1295 1313 inque
1313 1230 1573 1312 comparationem
1595 1232 1839 1312 praeteritorun

473 1337 541 1388 cnm
562 1320 772 1405 praesentibus
792 1318 888 1382 libeat
899 1318 1085 1399 exspatiari.
1131 1319 1278 1401 Equidem
1300 1320 1349 1382 his
1382 1317 1444 1384 150
1476 1313 1569 1383 annis'
1597 1328 1650 1383 tot
1685 1329 1722 1388 et
1747 1327 1840 1389 tauta

474 1412 662 1488 acciderunt,
692 1419 726 1473 ut
747 1408 935 1490 majuravix
956 1408 1125 1489 potuerint,
1157 1427 1252 1490 eaque
1274 1409 1363 1483 talla,
1397 1418 1433 1470 nt
1454 1427 1510 1471 suu
1533 1409 1675 1491 quodam
1699 1419 1839 1492 rupuar

350 1556 354 1562 .
474 1502 516 1566 ad
528 1498 1064 1579 eansasnaturalesconseusumqus
1086 1505 1211 1560 naturae
1227 1498 1394 1562 sublunaris
1413 1517 1480 1560 cum
1498 1497 1673 1562 harmoniis
1693 1500 1838 1582 coelesti-

371 1645 374 1650 .
435 1585 440 1594 ’
467 1585 530 1654 tina
550 1587 748 1670 pulcherrime
769 1585 874 1650 deferri
896 1587 1023 1667 possint.
1069 1584 1146 1657 Quis
1169 1586 1247 1649 enim
1269 1594 1404 1651 esttam
1427 1588 1594 1664 oscitans,'·
1615 1590 1671 1672 qui
1698 1609 1762 1653 non
1785 1590 1838 1652 buc

367 1691 371 1696 ’
473 1699 513 1743 ex
533 1671 726 1742 historiarum
747 1675 880 1754 lectione
898 1675 1110 1756 deprehendat,
1133 1677 1274 1739 mundum
1296 1696 1316 1737 a
1338 1685 1472 1758 tempore
1487 1678 1601 1740 eversi
1613 1677 1758 1742 Romani
1781 1679 1836 1742 ins-

474 1767 554 1852 psrii
572 1765 713 1848 prioris,
730 1765 770 1827 ab
800 1764 966 1844 irruptione
997 1764 1190 1828 barbararum
1223 1765 1370 1845 gentium,
1402 1766 1488 1847 qussi
1516 1767 1654 1849 quodam
1688 1768 1837 1832 altissimo

372 1925 376 1934 ἱ
463 1845 601 1919 'reterno
623 1862 803 1936 surruptum,
836 1854 875 1916 ad
897 1853 979 1917 mille
1001 1871 1096 1916 annus
1120 1843 1312 1932 dormivisse,
1336 1855 1375 1917 ab
1398 1874 1475 1919 anno
1499 1875 1574 1918 veru
1601 1853 1708 1921 1450.
1733 1875 1837 1939 erper-

476 1947 630 2028 getactunr
651 1943 691 2030 ad
719 1943 878 2026 pristinam
909 1943 1100 2006 alacritatem
1125 1943 1271 2006 rediisse?
1314 1945 1419 2007 Antea
1449 1939 1567 2008 eversis
1601 1945 1837 2028 rebuspublicis,

474 2032 658 2100 conculcatis
688 2031 870 2120 salutaribus
896 2032 1019 2106 ritibus,
1051 2032 1237 2096 inoleverant
1267 2053 1366 2096 mores
1397 2031 1556 2105 barbari,'-
1571 2053 1708 2115 querum
1742 2035 1838 2119 aliqua

421 2127 426 2138 '
474 2122 607 2203 uestigia
637 2121 727 2198 bodie
757 2120 889 2185 ridemus
911 2130 943 2183 st
965 2121 1193 2185 subsannamus.
1215 2121 1369 2186 ,Justitia
1398 2123 1577 2205 profligata,
1614 2125 1666 2188 vis
1701 2125 1837 2199 valsbm

474 2211 636 2276 latrocinia
657 2209 825 2298 nobilitatis
847 2219 934 2274 erant
954 2211 1109 2273 exercitia.
1156 2209 1336 2293 Exstirpata
1355 2209 1531 2276 Christiana
1554 2214 1716 2292 doctrina,
1741 2213 1835 2280 mnndi

475 2321 548 2384 pars
569 2317 681 2382 magna
702 2308 898 2362 consenserat
920 2299 948 2362 ln
973 2300 1147 2364 foedissima
1169 2310 1201 2362 et
1224 2299 1442 2365 absurdissima
1461 2300 1657 2386 Mabometis
1687 2305 1835 2385 dogmata

475 2389 566 2472 Apu'd
580 2387 770 2453 Christianus
787 2389 884 2452 multa
902 2388 1056 2452 barbaries
1078 2388 1234 2466 sermonis,
1257 2391 1353 2453 multa
1375 2389 1548 2471 ignorantia
1563 2402 1596 2454 et
1622 2401 1745 2469 cetera,
1768 2411 1835 2476 quas

316 2494 326 2512 ¹
412 2485 415 2489 ’
475 2479 596 2561 longum
627 2486 677 2542 sst
702 2478 834 2561 exsequi.
880 2476 1099 2541 Saracenorum
1130 2495 1219 2559 reges
1252 2479 1446 2556 creabantur,
1473 2480 1548 2543 lucu
1580 2475 1835 2546 movebantura

479 2568 636 2649 Galiphis..
685 2564 815 2639 Quanta·
839 2585 894 2647 per
924 2563 1022 2630 Delum
1053 2567 1253 2632 immortalem
1290 2561 1421 2632 toedit'aa
1452 2570 1538 2650 regni
1572 2568 1782 2636 Snltanornnr
1798 2570 1833 2632 -ir

476 2656 641 2741 Aegyptat
672 2655 722 2719 nbi
747 2675 840 2719 nemu
870 2658 1017 2737 imperare
1048 2665 1170 2737 poterat
1192 2657 1249 2720 nisi
1272 2659 1355 2747 prins
1377 2658 1558 2739 mancipium
1591 2660 1728 2740 inisset,
1761 2660 1833 2743 prim

479 2765 548 2810 eam
569 2754 708 2827 gentem,
724 2745 771 2808 cui
793 2745 1092 2827 imperaturus'edat,
1114 2745 1278 2827 impietatis
1300 2747 1484 2823 damnasset,
1508 2748 1632 2813 udisset
1651 2751 1747 2832 pejus
1767 2767 1831 2814 canc

389 2877 393 2884 -
479 2845 514 2898 st
534 2853 647 2916 angue,
679 2855 699 2896 a
721 2854 778 2898 sua
799 2836 949 2897 sententia
971 2835 1147 2911 deiecisset,
1181 2836 1318 2918 perjurus
1333 2837 1370 2899 in
1395 2835 1588 2901 Christianos
1603 2840 1724 2910 ¹factus
1748 2849 1829 2903 unet

479 2925 519 2988 Δ·
532 2923 634 2987 multis
656 2925 768 2987 multas
792 2933 823 2987 et
844 2943 970 3005 magnas
993 2943 1042 2986 rec
1065 2932 1170 3006 gestas
1193 2945 1261 2988 esse
1284 2935 1343 2988 nu'n
1361 2945 1453 3008 negu;
1477 2935 1511 2988 at
1529 2927 1557 2990 si
1578 2933 1749 3010 compares
1771 2929 1830 2992 illa

479 3031 546 3078 cam
569 3011 698 3089 nostris,
730 3013 864 3076 invenies
886 3012 1076 3077 multitudine
1106 3014 1207 3095 potins
1231 3022 1263 3076 et
1290 3014 1392 3078 multis
1423 3015 1560 3094 centenis
1587 3017 1723 3082 millium
1754 3035 1831 3101 quaa

479 3102 604 3168 consilio
626 3109 776 3183 patratas,
800 3102 1033 3168 necdlutumas
1058 3102 1159 3167 luisse.
1198 3103 1293 3166 Artes
1313 3104 1463 3168 veteribus
1478 3113 1579 3180 ¹notae
1603 3107 1760 3187 plurimae
1782 3125 1830 3172 cx·

478 3193 611 3262 stinctae
634 3199 737 3267 erant;
760 3191 915 3255 literarum
928 3192 1050 3278 studia,
1073 3192 1200 3255 redacta
1222 3193 1302 3256 intra
1323 3192 1571 3272 monasteriorum
1597 3199 1774 3277 angustias,
1795 3196 1829 3258 ibi

479 3301 595 3366 quuqm
612 3280 900 3362 miseredegebaut
939 3278 1038 3344 Curiis
1057 3282 1238 3364 principum,
1263 3282 1292 3344 in
1314 3281 1477 3347 Germania
1498 3273 1647 3360 ma'rime,
1673 3295 1830 3368 praeerant

478 3369 693 3447 ecclesiastici,
716 3370 822 3452 quibus
844 3363 918 3438 aulis
941 3387 999 3432 nun
1029 3369 1159 3434 dabatur
1190 3371 1299 3452 'probro
1331 3372 1436 3435 literas
1469 3372 1625 3437 didicisse.
1678 3375 1829 3458 capitales

477 3462 608 3543 liuguae,
625 3458 745 3523 Graeca
763 3467 795 3522 st
817 3460 937 3536 Lttins,
961 3458 1079 3541 publicu
1103 3462 1377 3542 corrumpebantur,
1402 3462 1468 3524 sola
1490 3463 1649 3526 literarum
1676 3463 1829 3529 libm'run-

433 3545 537 3633 [que
560 3548 683 3632 penuria
714 3557 746 3612 et
773 3549 966 3612 inundatione
996 3549 1199 3613 barbarorum.
1245 3548 1329 3621 Quut
1359 3552 1604 3631 praeclarissima
1642 3556 1829 3638 antiquorum

478 3645 583 3722 bpera,
606 3648 681 3721 quot
701 3639 855 3715 historiae,
878 3648 952 3721 quot
972 3637 1177 3720 theologorum
1201 3639 1278 3715 libri,
1303 3639 1361 3702 imo
1380 3651 1453 3722 quot
1471 3641 1609 3722 integrae
1629 3643 1829 3710 bibliothecas

477 3727 630 3813 perhanc
653 3723 818 3792 socordiam
842 3730 980 3803 amissas,
1006 3737 1039 3790 nt
1065 3728 1154 3792 bodie
1178 3749 1247 3812 spes
1270 3730 1353 3792 nulla
1375 3731 1507 3812 supersit
1530 3734 1756 3813 recuperandi?
1792 3736 1830 3798 st

477 3819 547 3882 uide
569 3836 646 3881 nuuc
669 3837 767 3881 rerum
790 3818 829 3890 ab
856 3816 919 3882 150
941 3817 1027 3880 annis
1051 3817 1312 3881 cummutationem
1336 3819 1511 3886 mirabilem.
1559 3821 1701 3886 Primum
1732 3844 1829 3888 emen-

479 3909 570 3971 datae
604 3908 686 3989 luges
718 3908 923 3992 imperiorum,
958 3906 1128 3970 Germanici
1161 3908 1353 3989 praesertim
1388 3919 1496 3972 sancta
1530 3918 1562 3972 et
1595 3912 1743 3976 stabilita
1774 3933 1827 3996 par

438 4077 440 4081 μ
477 3997 612 4080 publica,
640 3997 819 4060 interdictae
842 3996 1061 4078 grassationes,
1081 3997 1196 4079 judicia
1219 3999 1400 4074 constituta,
1432 4000 1672 4080 consuetudines
1696 4004 1828 4068 saluber·

478 4087 572 4149 rimae
604 4085 774 4163 stabilitae,
804 4087 884 4149 inter
914 4105 989 4167 quas
1021 4104 1079 4148 nuo
1107 4097 1263 4167 postrema
1292 4097 1340 4150 est
1369 4088 1498 4151 celerum
1526 4109 1581 4151 sen
1604 4092 1828 4158 veredariorum

479 4174 640 4238 institutio.
685 4176 759 4257 lpsa
780 4176 942 4239 'llrrcarum
965 4194 1039 4256 gens
1063 4184 1156 4238 exuta
1178 4177 1317 4240 barbarie
1348 4177 1531 4255 civilitatem¹
1554 4178 1676 4245 didicit
1726 4181 1829 4267 Coepit

478 4263 602 4347 Europa
624 4284 695 4328 suas
719 4266 886 4347 expendere
909 4273 941 4327 et
963 4282 1126 4343 agnuscere
1150 4266 1239 4343 vires,
1263 4275 1295 4329 et
1317 4266 1441 4329 consiliu
1464 4267 1562 4349 magis
1590 4269 1637 4332 uti
1662 4289 1756 4353 quam
1777 4275 1828 4338 in·

479 4362 561 4436 putu,
584 4354 712 4416 maxime
735 4363 805 4435 post
829 4354 971 4418 amissam
992 4351 1283 4436 Constantinopolim
1309 4364 1340 4419 et
1355 4354 1540 4420 Graecorum
1553 4357 1725 4439 Imperium
1747 4384 1828 4429 ever·

480 4461 555 4507 sum.
601 4445 746 4507 Inventas
768 4444 925 4507 machinae
948 4442 1091 4521 bellicae,
1115 4446 1253 4508 excultus
1275 4446 1371 4509 multa
1393 4466 1482 4509 menn
1504 4447 1675 4512 earundem
1698 4472 1773 4519 usus
1794 4453 1827 4516 ad

480 4552 625 4598 summam
646 4534 888 4597 commoditatem
911 4551 1014 4616 usque.
1063 4531 1147 4596 Gens
1171 4534 1334 4597 Tuscamm
1361 4535 1508 4599 maximus
1534 4555 1724 4618 progressus
1752 4544 1826 4618 lecit,

479 4622 653 4793 liliis
669 4622 1067 4793 llillltlffillttt
1089 4621 1223 4775 litt
1237 4623 1544 4794 ltdtmitlfl
1561 4627 1705 4782 {lid
1739 4643 1827 4785 ‘ii‘

886 4759 893 4774 .
1073 4761 1078 4770 .
1381 4763 1390 4791 ‚
1705 4743 1737 4787 m
1758 4744 1794 4789 cu

480 4803 614 4864 tentione
635 4800 665 4864 iu
689 4820 751 4865 rem
774 4803 925 4865 caudeam
947 4800 1120 4878 incubuere,
1143 4802 1202 4865 iter
1222 4803 1252 4865 in
1266 4803 1371 4866 Indias
1387 4803 1521 4868 Orientis
1543 4806 1712 4875 multorum
1736 4833 1824 4877 anno

479 4909 545 4956 snm
575 4898 681 4971 oper‘a,
713 4892 838 4972 primum
870 4891 1002 4954 dimissis
1032 4909 1087 4971 per
1113 4891 1249 4956 Africam
1280 4894 1535 4974 exploratoribus,
1567 4907 1642 4977 pust
1674 4901 1825 4968 menuufis

480 4980 606 5044 nauibus
634 4987 666 5042 et
688 4980 841 5044 circumita
862 4981 984 5057 Africa,
1000 4982 1139 5060 'tandem
1167 4981 1354 5045 detexerunt.
1400 4982 1491 5047 Favit
1522 4992 1631 5049 tantae
1663 4991 1824 5070 industrias

481 5078 514 5132 st
535 5070 656 5132 lunens
677 5067 804 5134 detectis
826 5068 1060 5134 occidentalibus
1083 5068 1195 5133 Indiis:
1224 5091 1262 5135 ex
1284 5071 1391 5155 quibus
1414 5072 1504 5135 rebus
1525 5081 1711 5145 commercia
1733 5084 1822 5148 Euru-

480 5175 561 5242 paea
580 5158 802 5224 incredibilibus
824 5159 1015 5224 incrementis
1037 5160 1076 5223 ad
1099 5178 1245 5225 summurn
1268 5180 1360 5244 nsque
1385 5161 1537 5243 lmtiginm
1556 5183 1728 5246 pervenere
1735 5191 1746 5250 ;
1769 5171 1821 5237 uti-
