4584 6192
477 596 554 668 ltlll'
951 600 1142 667 Paralipomena
1159 602 1186 653 ln
1206 600 1371 654 Vitellionem.

474 777 655 841 mechanicis
679 788 728 842 est
757 780 1005 841 demonstratum.
1054 779 1146 842 Patet
1170 799 1241 859 ergo
1267 777 1463 859 propositum.
1510 780 1593 858 Ergo
1617 797 1670 857 per
1693 778 1839 860 subeam--

473 866 585 930 tionem
608 876 709 947 patet.
744 888 795 929 cnr
821 868 914 928 librae
946 866 1072 928 brachia
1105 870 1298 931 revolvantur
1322 869 1360 929 ad
1389 868 1607 947 aequilibrium.
1655 866 1731 930 (lum
1756 867 1835 930 enim

474 975 568 1037 aeque
591 958 769 1036 ponderent,
804 957 945 1036 aequales
979 956 1069 1017 etlam
1095 959 1122 1019 iu
1147 958 1258 1019 circulo
1281 959 1345 1019 tieri
1379 958 1542 1018 descensus
1565 977 1621 1038 par
1645 965 1703 1019 est.
1750 959 1836 1019 Haec

475 1045 573 1107 obiter
596 1052 628 1105 et
656 1046 742 1125 quasi
770 1044 799 1106 iu
831 1046 1084 1125 protheoremstis
1118 1050 1194 1109 loco.
1241 1047 1327 1109 Nunc
1359 1047 1396 1108 ad
1429 1055 1542 1108 motum
1575 1046 1753 1127 physicum,
1786 1046 1835 1127 qni

474 1134 641 1196 communis
666 1142 715 1196 est
737 1134 808 1197 luci.
1638 1131 1642 1139 '

692 1241 744 1305 rig.
766 1235 809 1287 43.
1090 1221 1094 1227 ’
1122 1222 1173 1286 Sit
1196 1224 1302 1286 tabula
1325 1224 1392 1298 ΑΒ,
1417 1232 1551 1285 centrum
1573 1221 1608 1296 Ο,
1633 1224 1834 1304 perpendicn-

798 1314 802 1321 '
1035 1314 1108 1375 laris
1132 1332 1186 1392 per
1209 1313 1281 1374 illud
1296 1312 1370 1386 ED;
1396 1312 1519 1392 quodsi
1543 1313 1650 1391 globus
1666 1321 1720 1374 ant
1741 1314 1834 1376 telum

839 1445 862 1489 K
977 1431 991 1477 1
1035 1402 1121 1464 exK
1154 1403 1283 1464 ferretur
1313 1401 1341 1461 in
1375 1401 1508 1462 tabulam
1538 1403 1612 1473 AB,
1643 1402 1835 1483 protruderet

1035 1492 1116 1552 illam
1149 1510 1253 1552 versus
1277 1491 1325 1563 D;
1359 1497 1412 1550 aut
1440 1491 1464 1552 si
1489 1492 1533 1558 Α,
1566 1491 1592 1551 Β
1623 1500 1727 1553 essent
1759 1490 1834 1554 remi

1035 1581 1172 1659 utrinque
1206 1598 1300 1657 aeque
1335 1579 1414 1655 longi
1446 1588 1477 1639 et
1500 1579 1556 1639 ΕΙ)
1590 1581 1706 1641 flumen.
1754 1578 1834 1650 Quia

943 1668 947 1671 ”
1035 1667 1113 1730 enim
1136 1668 1238 1741 ECA,
1263 1665 1343 1729 ECB
1367 1668 1452 1739 recti,
1477 1669 1600 1730 brachia
1622 1668 1694 1742 ΑΟ,
1726 1668 1780 1731 ΟΒ
1804 1669 1833 1730 in

1031 1757 1231 1840 aequipondio
1271 1765 1342 1818 sunt
1381 1756 1459 1825 sita.
1500 1765 1534 1817 et
1566 1760 1683 1837 aequali
1722 1758 1833 1819 virtute

1032 1854 1192 1909 occurrunt
1215 1845 1347 1924 impacto
1371 1845 1483 1907 mobili.
1531 1847 1650 1909 lncidat
1669 1848 1736 1924 jam
1761 1845 1831 1908 inC

1031 1936 1152 2013 obliqua
1174 1933 1226 1996 FO
1256 1943 1287 1995 et
1320 1934 1509 1996 continuetur
1537 1936 1565 1996 in
1590 1936 1620 1996 K
1652 1938 1832 2015 advoletque

1032 2024 1117 2085 exF
1150 2023 1242 2085 telum
1275 2033 1328 2084 aut
1360 2023 1468 2084 fluvius
1492 2024 1520 2084 in
1544 2025 1612 2087 ΑΒ.
1660 2024 1736 2087 Cum
1761 2043 1832 2105 ergo

471 2110 555 2174 Aur
577 2115 704 2193 angulus
729 2114 824 2176 minor
843 2114 884 2176 sit
901 2112 981 2177 FCB
1006 2114 1125 2192 angulo,
1151 2132 1208 2173 non
1228 2112 1346 2191 aequali
1370 2112 1399 2171 vi
1419 2112 1617 2190 pulsabuntur
1635 2115 1740 2193 partes
1756 2112 1825 2186 ΑΟ,

470 2198 543 2275 ΟΒ;
568 2202 620 2263 sed
644 2204 711 2282 plns
735 2203 849 2265 sentiet
872 2203 972 2277 ictum,
998 2222 1072 2284 quac
1096 2202 1165 2282 plus
1189 2201 1313 2263 resistit.
1362 2201 1434 2261 Plus
1463 2210 1564 2263 autem
1592 2203 1723 2276 resistit,
1750 2222 1829 2282 quae

470 2291 581 2369 angulo
605 2292 723 2365 obtuso,
749 2310 837 2372 quarn
862 2312 938 2373 quae
963 2301 1050 2354 acuto
1075 2290 1189 2351 obstat.
1237 2288 1339 2360 Quare
1363 2287 1495 2352 exterior
1519 2289 1581 2353 ΟΒ.
1629 2293 1709 2354 Nam
1734 2292 1828 2353 etiam

469 2378 494 2438 si
519 2377 575 2440 KG
600 2380 713 2442 trutina
737 2381 799 2455 fiat,
825 2379 878 2443 ΟΒ
903 2382 1056 2443 fortiorem
1081 2380 1173 2441 babet
1196 2374 1288 2456 p‘oanr
1310 2398 1416 2439 versus
1439 2381 1465 2441 F
1490 2399 1579 2460 quam
1603 2380 1670 2443 ΑΟ.
1709 2382 1827 2460 Estque

469 2467 518 2528 hic
542 2469 647 2530 eadem
670 2470 824 2549 proportio
858 2471 1051 2532 resistentiae
1084 2468 1252 2548 aequalium
1285 2467 1488 2546 potentiarum
1512 2470 1541 2530 in
1571 2478 1652 2531 motu
1682 2471 1827 2542 violento.

470 2575 545 2636 qnae
570 2576 663 2638 supra
688 2558 743 2620 luit
766 2560 929 2639 ponderum
953 2557 1153 2638 inaequalium
1178 2557 1206 2618 in
1232 2567 1313 2618 motu
1342 2558 1504 2619 secundum
1529 2567 1683 2631 naturam,
1709 2559 1830 2621 scilicet

469 2663 527 2706 non
552 2646 653 2725 auguli
682 2647 735 2708 sed
765 2647 862 2710 lineae
892 2648 1055 2709 metiuntur
1078 2666 1154 2707 eam.
1202 2644 1304 2716 Quare
1328 2645 1356 2705 in
1383 2644 1436 2707 ΟΒ
1468 2647 1563 2725 major
1592 2658 1641 2709 est
1670 2647 1828 2727 impressio

469 2743 568 2795 motus
600 2735 733 2797 violenti.
782 2734 856 2798 Cum
891 2756 962 2816 ergo
990 2737 1047 2797 AB
1081 2737 1145 2796 loco
1179 2736 1435 2813 movetur-twplus
1468 2735 1585 2815 prolicit
1615 2738 1640 2797 Β
1675 2756 1764 2816 quam
1789 2736 1827 2797 Α.

468 2820 545 2885 Dico
570 2824 698 2887 lntnrnru
722 2825 779 2886 hoc
793 2834 894 2905 pacto,
920 2834 954 2887 ut
968 2824 993 2887 Ο
1009 2833 1142 2886 centrum
1164 2843 1221 2884 uon
1248 2824 1362 2885 feratur
1377 2823 1405 2885 in
1426 2823 1506 2884 linea
1520 2825 1584 2893 ΓΚ,
1610 2824 1662 2886 sed
1684 2826 1831 2886 deflectat

437 2956 441 2962 -
468 2911 507 2972 ad
537 2914 814 2994 perpendicularem
846 2915 921 2987 ΟΙ),
956 2923 987 2976 et
1017 2915 1061 2987 A,
1087 2914 1112 2973 Β
1141 2932 1253 2975 remum
1283 2913 1404 2973 tandem
1433 2915 1470 2974 ad
1500 2912 1571 2974 litus
1600 2923 1754 2975 extrusum
1784 2914 1830 2987 iri,

467 3000 493 3062 si
530 3011 596 3064 arte
634 3002 664 3065 in
697 3003 753 3064 hoc
790 3004 847 3065 AB
881 3004 939 3066 situ
981 3003 1167 3065 retineatur:
1203 3009 1235 3061 et
1274 3001 1420 3080 sagittam
1450 3001 1507 3064 ΟΚ
1545 3003 1744 3064 transversali
1775 3001 1830 3064 AB

467 3088 597 3170 obliquo,
623 3112 642 3152 a
665 3110 757 3170 scopo
781 3094 820 3153 ad
844 3087 1242 3154 sinistram'aberraturam.
1291 3091 1490 3152 Describatur
1514 3091 1590 3152 enim
1615 3112 1651 3152 ex
1679 3091 1702 3152 Α
1729 3092 1829 3171 parti-

467 3180 535 3240 cula
567 3180 736 3244 itinerisA
769 3181 879 3262 fiatque
913 3180 1076 3260 parallelos
1110 3182 1149 3241 ad
1174 3179 1246 3252 CK,
1282 3198 1376 3257 neque
1410 3180 1488 3241 enirn
1521 3181 1589 3258 plus
1618 3181 1655 3240 ad
1690 3181 1829 3240 dextram

469 3267 620 3342 deflectet,
647 3288 712 3330 curu
737 3270 925 3349 motusipse
949 3271 1098 3331 violentus
1123 3289 1180 3329 non
1206 3268 1249 3329 sit
1271 3267 1419 3347 obliquior
1442 3287 1530 3349 quam
1551 3270 1614 3343 FK,
1640 3270 1739 3347 sitque
1757 3270 1827 3329 All.

466 3354 508 3415 Et
531 3375 621 3435 super
644 3377 779 3420 connexe
802 3359 858 3419 ΗΒ
883 3368 1018 3420 struatur
1042 3358 1236 3436 triangulum,
1264 3360 1359 3418 latere
1383 3377 1441 3419 uno
1465 3358 1510 3418 ΗῙ
1533 3358 1651 3438 aequali
1677 3358 1734 3436 ipsi
1761 3358 1827 3427 AB,

467 3442 563 3505 altero
587 3444 630 3507 Bl
653 3447 766 3525 majore
790 3467 877 3527 quam
902 3449 969 3509 AH.
1015 3448 1057 3508 Et
1080 3447 1125 3508 Hl
1150 3454 1233 3507 secet
1256 3444 1306 3506 FC
1333 3447 1360 3507 in
1386 3448 1425 3507 K.
1465 3446 1600 3524 Denique
1626 3448 1754 3509 ducatur
1771 3446 1827 3507 HL

467 3531 674 3612 aequidistans
699 3536 757 3615 ipsi
782 3537 848 3608 AB,
875 3557 982 3598 secans
1007 3534 1058 3598 FO
1082 3537 1111 3596 in
1136 3536 1179 3596 M.
1218 3534 1293 3595 Com
1318 3554 1390 3614 ergo
1414 3537 1482 3607 ΑΗ,
1508 3536 1562 3595 FK
1587 3535 1830 3614 aequidistantes

467 3622 505 3683 ab
529 3623 800 3702 aequidistantibus
825 3625 897 3698 AB,
923 3626 979 3686 HL
1003 3633 1141 3685 resecent
1164 3632 1268 3702 partes
1297 3625 1438 3703 aequales
1462 3622 1533 3696 ΑΟ,
1559 3624 1623 3684 HM
1646 3633 1679 3685 et
1702 3621 1758 3685 Ac
1785 3624 1828 3684 sit

466 3710 590 3773 dimidia
613 3713 686 3785 AB,
722 3732 794 3792 ergo
823 3721 855 3774 et
878 3715 941 3775 HM
971 3722 1020 3775 est
1052 3713 1176 3774 dimidia
1204 3713 1273 3774 AB.
1321 3714 1420 3791 Major
1450 3731 1521 3773 vero
1546 3713 1604 3772 HK
1639 3732 1727 3793 quarn
1754 3713 1828 3781 ΗΜ,

466 3800 562 3879 major
585 3818 655 3877 ergo
679 3803 738 3862 HK
763 3822 851 3882 qnam
884 3803 1008 3864 dimidia
1032 3802 1107 3871 AB,
1141 3801 1197 3862 hoo
1226 3811 1274 3861 est
1307 3821 1394 3880 quam
1429 3800 1552 3862 dimidia
1575 3802 1630 3861 HI.
1680 3799 1828 3861 Centrour

466 3906 537 3967 ergo
562 3896 610 3949 est
637 3889 716 3951 inter
737 3890 781 3965 Η,
806 3891 835 3951 Κ
859 3901 890 3951 et
914 3910 970 3951 uon
995 3892 1023 3951 in
1049 3892 1086 3963 K,
1112 3890 1275 3950 declinavit
1300 3910 1370 3968 ergo
1395 3891 1433 3951 ad
1458 3898 1560 3967 partes
1585 3890 1627 3964 D,
1658 3890 1737 3969 quod
1763 3897 1831 3949 erat

466 3976 742 4040 demonstrandum.
786 3978 875 4050 Quod
899 3981 924 4041 si
948 3980 1009 4040 ΑΗ
1033 3979 1076 4040 sio
1101 3980 1235 4052 ducatur,
1262 3988 1294 4039 ut
1316 3998 1420 4040 versus
1444 3980 1648 4040 Fconcurrat
1671 3998 1737 4038 cum
1765 3976 1828 4049 CF,

464 4074 499 4127 ut
521 4066 565 4127 sic
589 4067 680 4128 etiarn
705 4069 736 4129 A
759 4087 775 4129 e
799 4070 849 4129 via
877 4068 1075 4130 declinaverit
1107 4087 1213 4129 versus
1244 4068 1416 4140 sinistram,
1450 4069 1502 4127 liet
1525 4068 1588 4127 HM
1619 4067 1714 4147 major
1737 4085 1830 4146 quam

465 4152 532 4227 AC,
557 4174 648 4234 quare
672 4156 731 4217 HK
766 4158 860 4219 multo
894 4158 991 4236 major
1015 4176 1103 4237 quarn
1128 4156 1251 4217 dimidia
1274 4156 1330 4216 AB
1356 4155 1403 4216 vel
1428 4156 1482 4216 HI.
1529 4156 1595 4216 Hoc
1619 4156 1647 4217 in
1672 4155 1753 4216 omni
1778 4154 1829 4215 in·

466 4242 628 4303 clinatione
652 4246 800 4320 usuvenit,
826 4246 902 4307 adeo
917 4254 951 4307 ut
966 4246 1096 4319 tandem,
1123 4246 1146 4306 si
1168 4245 1277 4305 mobile
1296 4245 1429 4322 proxime
1445 4244 1698 4323 aequidistantem
1714 4243 1827 4305 lineam

465 4330 523 4410 ipsi
548 4333 712 4410 superficiei
737 4344 901 4404 moveatur,
927 4334 994 4413 ipsa
1017 4334 1190 4412 superficies
1215 4334 1322 4394 leviter
1345 4333 1406 4394 icta
1428 4352 1504 4411 pene
1529 4333 1558 4393 in
1583 4353 1669 4394 suam
1694 4351 1830 4411 perpen-

464 4419 628 4481 dicularem
652 4423 792 4496 resultet,
817 4423 875 4484 uisi
901 4422 1038 4484 innuanis
1062 4423 1108 4483 vis
1137 4431 1235 4482 rnotus
1260 4422 1341 4482 illam
1371 4421 1504 4482 nonnihil
1533 4421 1693 4500 provehat.
1726 4422 1830 4482 -llaec

464 4507 565 4589 itaque
599 4509 715 4591 physici
748 4512 871 4574 violenti
905 4522 1004 4573 motus
1038 4512 1157 4572 affectio
1191 4529 1257 4571 cum
1291 4529 1344 4571 suo
1378 4528 1487 4587 genere
1518 4511 1545 4570 in
1580 4512 1675 4571 lucem
1710 4529 1831 4589 quoqne

463 4598 621 4660 redundat.

553 4688 642 4767 Prop.
666 4686 753 4747 XXI.
800 4687 849 4749 Et
872 4688 1091 4766 repercussi
1118 4696 1153 4747 et
1177 4687 1336 4748 refracti
1362 4687 1457 4748 radii
1482 4696 1571 4766 post
1596 4687 1716 4748 locum
1741 4706 1830 4767 pas·

463 4776 586 4837 sionis
611 4775 708 4837 recti
733 4789 830 4838 sunt.
879 4778 958 4837 Nam
984 4775 1058 4836 lucis
1082 4786 1191 4836 natura
1214 4785 1262 4836 est
1285 4776 1424 4855 trajicere
1450 4777 1550 4848 rectis,
1578 4784 1726 4855 quatenus
1753 4775 1828 4836 nibil

463 4864 582 4945 objectu
607 4864 829 4945 superficierum
852 4863 968 4943 patitur
991 4883 1045 4942 per
1064 4860 1095 4925 4.
1123 4885 1177 4926 uec
1201 4865 1358 4945 quicquam
1379 4866 1502 4925 amedii
1527 4863 1684 4925 soliditate
1708 4866 1830 4942 patitur

351 5005 352 5009 ,
462 4955 590 5034 atuplius
614 4961 685 5033 post
709 4954 876 5030 superficiei
900 4952 1060 5031 trajectum
1084 4972 1137 5031 per
1166 4952 1213 5015 10.
1262 4955 1306 5014 At
1334 4962 1431 5014 motus
1460 4954 1575 5035 physici
1605 4962 1773 5014 curvantur
1797 4952 1827 5012 in

461 5063 567 5117 arcos3
601 5061 814 5123 repercussus,
845 5042 914 5121 quia
937 5042 1022 5103 finita
1045 5042 1108 5121 ejus
1133 5043 1247 5115 virtus,
1281 5042 1447 5115 infractus,
1478 5041 1548 5123 quia
1577 5042 1706 5103 medium
1732 5041 1828 5103 etiam

462 5131 617 5194 soliditate
640 5138 841 5210 cooperatur:
867 5149 943 5212 qnae
967 5130 996 5192 in
1022 5132 1116 5193 lucem
1142 5151 1199 5194 non
1224 5140 1405 5210 competunt
