4584 6192
478 579 544 651 ’148
954 586 993 636 Do
1013 585 1092 637 Stella
1108 583 1182 637 non
1199 584 1358 651 Serpoutarti.

476 762 601 827 Addent
623 708 715 845 aliqui
739 768 770 822 et
784 768 920 842 tempus3
943 761 1082 824 nimirum
1095 761 1167 844 quia
1190 761 1379 842 sexagesimo
1395 762 1444 825 die
1463 771 1537 845 post
1559 766 1703 827 exortum
1726 765 1836 828 atellae

478 852 627 916 Saturnus
650 852 689 913 ad
703 843 821 912 Novam
843 852 936 926 venit,
960 860 1028 916 rata
1050 850 1142 931 igitur
1164 852 1265 914 futura
1286 851 1348 913 isto
1369 858 1442 932 post
1461 873 1574 916 annum
1597 854 1835 934 sexagesimum

408 1000 412 1007 .
477 942 520 1003 Et
543 942 614 1023 quia
636 948 707 1002 tnnc
730 939 791 1004 Sol
812 957 929 1024 quoqne
957 959 1102 1021 praesens
1127 938 1185 1003 fuit
1207 941 1339 1003 Saturno
1363 948 1401 1012 et
1417 943 1540 1018 Novae,
1569 942 1740 1006 ratificatio
1763 945 1837 1010 haec

478 1030 605 1093 multum
626 1027 751 1092 habebit
773 1028 965 1091 solennitatis
988 1030 1103 1111 eritque
1126 1031 1305 1092 abscondita
1327 1032 1366 1093 ab
1382 1030 1477 1094 oculis
1494 990 1586 1113 udlgi
1604 1043 1638 1095 et
1650 1034 1836 1097 tractabitur

473 1137 530 1201 por
540 1118 708 1183 literatos.
732 1135 797 1178 non
815 1117 847 1180 in
870 1126 1018 1181 conventu
1041 1120 1142 1200 aliquo
1165 1119 1285 1201 publico
1309 1127 1341 1181 et
1358 1120 1448 1230 valde
1471 1123 1648 1203 conspicuo,
1674 1122 1738 1186 nisi
1761 1124 1837 1186 tora

475 1227 649 1292 paucorum,
673 1208 727 1269 sed
748 1225 804 1287 per
824 1206 942 1270 literas.

551 1298 773 1400 Quamquam,
796 1296 888 1377 quod
897 1296 976 1358 bano
1007 1281 1288 1379 determinationem
1313 1295 1464 1401 ’temporis
1487 1298 1614 1375 attinet,
1647 1298 1836 1364 excessimus

477 1351 565 1449 extrd
585 1384 800 1468 principiorum
828 1392 999 1447 nostrorum
1024 1385 1145 1447 limites.
1191 1387 1271 1449 Nam
1294 1385 1321 1448 si
1344 1386 1429 1449 loeus
1453 1394 1485 1449 et
1513 1395 1636 1469 tempus
1671 1390 1818 1453 stellae
1807 1411 1837 1453 ιι

481 1469 540 1539 18⁰
561 1481 592 1548 ,ι’
615 1475 652 1537 ob
684 1493 879 1554 congressum
905 1475 993 1537 Jovis
1024 1482 1055 1536 et
1076 1474 1188 1536 Martis
1219 1476 1342 1538 fuerunt
1371 1476 1471 1539 electa
1496 1497 1517 1538 ι
1537 1478 1624 1541 Deo:
1661 1486 1739 1544 tunc
1767 1499 1836 1543 oon-

478 1582 601 1646 gressus
631 1562 690 1625 iste
714 1562 838 1626 Saturni
868 1582 937 1625 enm
958 1565 1047 1626 Nova
1074 1572 1172 1644 post
1179 1564 1258 1625 diem
1291 1564 1511 1646 sexagesimum
1542 1568 1747 1631 necessarius
1776 1569 1835 1643 fuit,

477 1671 538 1718 non
561 1652 716 1757 quaesitus
740 1673 759 1713 a
779 1655 857 1716 Deo.
902 1654 968 1715 Aut
988 1652 1081 1732 igitur
1099 1655 1184 1717 Deua
1206 1660 1303 1715 totam
1324 1655 1369 1716 rei
1391 1654 1662 1734 significationem
1659 1659 1835 1721 seeundum

473 1741 647 1846 praevisam
671 1741 892 1823 specialitatem
920 1749 1054 1843 motuum
1085 1743 1261 1804 coelestium
1283 1743 1453 1825 dis'posuit,
1482 1745 1561 1826 quod
1593 1746 1771 1811 absurdum
1792 1755 1834 1826 est

478 1831 568 1905 (nihil
592 1831 672 1893 enim
694 1830 864 1902 hominibus
886 1816 981 1893 mittit
943 1838 1126 1912 tpropter
1148 1833 1276 1908 coelum,
1301 1829 1355 1895 sed
1377 1834 1415 1894 ad
1439 1852 1484 1908 aa,
1508 1853 1585 1916 quae
1609 1836 1771 1906 missurus
1793 1845 1834 1898 est

474 1919 656 1995 hominibus,
687 1919 884 1999 significanda
904 1921 1033 2000 ponitur
1055 1920 1099 1982 uti
1120 1921 1230 1997 coelo),
1255 1922 1331 1984 ant
1322 1943 1353 1984 ιι
1372 1942 1416 1998 re,
1438 1942 1528 2003 quam
1542 1925 1630 1988 Deus
1651 1944 1713 2006 per
1733 1926 1833 1989 stellae

475 2009 715 2091 conjunctionem
738 2019 805 2071 cum
819 2011 898 2072 Jove
922 2016 953 2071 et
968 2010 1068 2072 Marte
1093 2010 1284 2090 significavit,
1301 2010 1425 2075 Saturni
1449 2029 1634 2091 congressus
1657 2034 1734 2077 cnm
1752 2017 1833 2079 Nora

473 2096 652 2162 naturaliter
674 2098 787 2179 poterit
808 2098 987 2180 illa,·'quae
1012 2099 1050 2160 de
1073 2118 1153 2161 anno
1182 2096 1371 2181 sexagesimo
1403 2100 1550 2177 diximus,
1584 2103 1689 2185 (quod
1720 2123 1831 2167 rursum

476 2196 524 2252 est
553 2186 833 2263 absurdissimum),
865 2194 998 2249 statuere
1031 2189 1067 2249 de
1090 2208 1123 2250 re
1156 2188 1300 2253 divinitus
1335 2189 1505 2253 exhibenda
1541 2200 1669 2272 praeter
1710 2201 1829 2256 naturae

471 2277 609 2340 modum:
642 2284 695 2339 aut
723 2276 794 2379 quia
823 2285 961 2339 nentrum
991 2277 1097 2354 horum
1125 2297 1246 2355 vemm,
1277 2279 1356 2342 hunc
1378 2279 1503 2343 Saturni
1531 2299 1741 2362 congressum
1770 2302 1830 2346 oum

471 2367 563 2431 Nova
583 2385 643 2428 nou
657 2365 822 2447 poterimus
840 2364 896 2429 ad
895 2366 1085 2468 conjecturas
1098 2375 1222 2431 nostras
1245 2369 1419 2431 formandas
1435 2369 1589 2431 adhibere.
1629 2372 1720 2435 Illud
1734 2381 1828 2435 tamen

472 2473 534 2518 non
556 2454 673 2519 difficile
697 2461 746 2518 est
767 2454 927 2536 colligere:
959 2455 1030 2537 quia
1059 2455 1151 2518 stella
1172 2458 1253 2528 ultra
1279 2458 1429 2561 integrum
1460 2478 1571 2521 aunum
1594 2461 1745 2538 duravit,
1772 2480 1828 2524 ren

474 2545 637 2625 significari
665 2535 754 2606 valde
786 2544 994 2607 diuturnam..
1015 2545 1209 2617 cometarum
1242 2547 1320 2610 enim
1349 2547 1450 2609 nullus
1477 2554 1542 2610 tam
1571 2549 1740 2614 diuturnus
1767 2551 1827 2613 luit

474 2633 652 2717 Quanquam
683 2634 759 2696 haec
781 2652 838 2714 ego
857 2635 903 2696 de
935 2634 1176 2698 mutationem
1185 2637 1294 2699 melius
1320 2657 1382 2699 non
1412 2644 1500 2700 tanta
1531 2637 1645 2700 fiducia
1679 2640 1826 2721 praedico,

473 2732 586 2808 quanta
613 2744 685 2787 usus
709 2732 758 2785 eat
778 2722 934 2799 Rbslinns.
981 2724 1063 2796 Quid
1089 2724 1115 2786 si
1139 2745 1266 2807 nomque
1289 2727 1378 2806 longe
1401 2726 1490 2788 aliter
1521 2727 1762 2833 interpretanda
1786 2737 1827 2790 est

378 2838 383 2848 ¹
471 2812 527 2875 illa
548 2813 656 2893 religio
680 2812 824 2876 Saturnia
846 2813 895 2874 vel
919 2813 971 2888 ille
994 2813 1144 2894 propbeta
1166 2815 1338 2891 Saturnius,
1361 2815 1411 2897 qui
1434 2836 1454 2876 a
1474 2816 1564 2879 Nora
1588 2818 1687 2880 stella
1710 2819 1825 2907 ejusque

473 2919 540 2982 oum
562 2902 694 2968 Saturno
718 2921 866 2964 consensu
889 2901 920 2964 in
942 2902 1101 2965 latitudine
1131 2905 1340 2985 significatur?
1376 2906 1490 2968 Horret
1514 2904 1637 2970 animus
1668 2891 1825 2989 explicare,

473 3009 548 3075 quas
579 2990 790 3054 ominationes
807 2985 882 3053 milii
911 2992 1085 3073 suppeditet
1113 3013 1261 3096 praeseus
1288 3013 1388 3056 rerum
1420 2994 1515 3056 iacies
1543 3004 1577 3056 et
1602 2998 1752 3079 exempla
1780 3015 1826 3077 per

472 3099 575 3145 omnes
606 3080 746 3143 nationes
775 3073 872 3142 obvia.
919 3082 982 3144 Sed
1011 3083 1200 3146 commodum
1229 3083 1392 3146 intervenit
1412 3084 1630 3186 Harpocraten.
1682 3086 1825 3149 Nimimm

472 3169 622 3246 Saturnus
645 3170 745 3250 friget,
769 3169 918 3232 Saturnus
933 3178 1108 3242 contemtor
1132 3182 1190 3250 est,
1206 3172 1356 3236 Saturnus
1380 3173 1479 3235 omnia
1502 3192 1613 3278 susque
1640 3176 1742 3258 deque
1764 3177 1825 3248 fert,

473 3260 622 3330 Saturnus
644 3278 768 3341 pressus
787 3268 819 3320 et
834 3268 958 3322 coactus
977 3261 1077 3321 omnia
1093 3251 1216 3324 simulat
1239 3262 1477 3343 dissimulatque,
1501 3264 1601 3325 omnia
1625 3266 1823 3348 pervestigat,

473 3351 572 3414 omnia
595 3356 760 3424 serutatur,
789 3348 889 3411 omnia
912 3349 1098 3430 suspicatur,
1131 3353 1231 3414 omnia
1254 3360 1395 3444 suspecta
1417 3351 1505 3427 facit,
1537 3352 1678 3417 animum
1701 3356 1824 3427 innunt,

381 3475 385 3483 ·
470 3440 668 3524 pertinaciam
698 3437 803 3500 induit
849 3438 908 3499 Hie
937 3458 1013 3500 unus
1043 3447 1107 3516 est,
1137 3441 1187 3523 qui
1218 3429 1281 3502 vel
1289 3443 1403 3504 lurcos
1433 3399 1521 3502 malis
1550 3441 1746 3507 Christianis
1775 3464 1824 3506 nno

472 3531 602 3605 loedere,
619 3530 673 3591 sed
692 3528 807 3590 occulto
823 3536 855 3589 et
869 3528 1051 3603 inconfesse,
1072 3530 1188 3592 sociare
1204 3531 1323 3610 poterit.
1363 3530 1437 3603 (Ubi
1453 3532 1571 3593 venerit
1586 3532 1672 3595 filius
1689 3534 1823 3606 hominis,

470 3630 560 3702 putas
584 3620 662 3702 qnod
685 3619 774 3680 fidem
796 3617 971 3679 inventurus
996 3618 1082 3679 sitin
1099 3620 1240 3695 Τιιιιιι)
1264 3622 1328 3683 Nec
1352 3620 1414 3681 nlla
1435 3640 1533 3701 poena
1551 3628 1617 3683 tam
1635 3632 1686 3686 est
1710 3643 1823 3704 magna,

471 3728 559 3793 quam
583 3729 642 3772 non
664 3706 869 3770 meruerimus·
1617 3742 1619 3746 ·

954 3850 1374 3946 Epiloguaf

557 3996 693 4078 Exposui
714 4014 816 4082 omnes
838 3993 953 4068 rhodos,
978 3993 1085 4074 quibus
1107 4001 1180 4074 puto
1204 3995 1373 4056 methodica
1399 3993 1500 4074 aliqua
1523 3995 1646 4059 ratione
1661 4001 1716 4072 ,ad
1737 3998 1822 4081 signi·

471 4086 592 4151 ιοιιιιιι
615 4086 722 4149 stellae
741 4082 894 4189 perveniri
914 4102 1023 4170 posse:
1049 4102 1124 4164 quos
1147 4102 1221 4163 rogo
1245 4085 1389 4146 lectorem
1412 4085 1519 4145 iterum
1542 4093 1638 4165 atque
1662 4090 1777 4154 iterum
1796 4103 1822 4151 ιι

468 4196 508 4240 ex
531 4178 684 4238 assumtis
702 4173 858 4257 principiis
882 4172 1031 4234 aestimet.
1078 4172 1189 4251 Negat
1181 4193 1208 4234 rs
1231 4173 1319 4248 enim,
1345 4191 1420 4254 quae
1443 4189 1559 4254 quoque
1584 4175 1655 4239 loco
1688 4180 1820 4249 assumsi,

467 4274 557 4329 ruent
584 4274 616 4327 et
642 4265 696 4327 illa
725 4284 800 4347 quae
835 4269 954 4343 superat
955 4262 1031 4323 runi.
1078 4262 1175 4323 Illud
1187 4283 1277 4324 unum
1310 4283 1401 4344 snpra
1430 4281 1520 4343 saepe
1551 4267 1725 4373 repetitum
1754 4288 1820 4333 nuuc

488 4374 606 4438 noque
607 4354 734 4429 inculco,
759 4350 921 4416 subtilitati
945 4350 1128 4431 disputandi,
1154 4365 1220 4431 qua
1233 4339 1337 4413 multis
1359 4351 1485 4413 videbor
1504 4371 1589 4428 usus,
1614 4355 1775 4422 minimum
1794 4360 1819 4420 in

465 4376 525 4508 boe
548 4444 682 4526 negotio
691 4445 788 4506 locum
811 4440 953 4522 relinqui,
985 4441 1015 4501 in
1039 4461 1096 4542 quo
1121 4441 1308 4521 experientia
1329 4448 1407 4502 teste
1431 4450 1548 4502 tantum
1581 4445 1695 4510 valent
1715 4450 1818 4511 enthu-

468 4535 591 4598 siasmi:
617 4554 684 4596 cum
706 4553 755 4595 res
775 4540 840 4594 tota
863 4529 965 4591 divina
983 4530 1023 4591 sit
1043 4530 1143 4611 reique
1167 4531 1376 4613 interpretatio
1400 4530 1511 4605 divina,
1534 4539 1689 4615 utsupra
1705 4540 1816 4601 dictum

445 4623 556 4705 ¹Rogo
580 4632 680 4687 antem
702 4622 847 4695 lectores,
872 4639 929 4700 quo
952 4639 999 4681 me
1022 4621 1145 4701 propius
1169 4629 1292 4696 norunt,
1316 4628 1350 4681 ut
1371 4620 1504 4681 mihine
1527 4620 1606 4684 vitio
1635 4637 1776 4703 vertant,
1796 4627 1817 4687 si

465 4713 631 4788 breviores,
656 4731 753 4794 quam
761 4712 819 4791 ipsi
810 4711 910 4771 forto
935 4717 1158 4811 exspectarunt,
1183 4668 1336 4790 discursus
1358 4709 1548 4813 theologicos
1568 4719 1604 4773 et
1617 4717 1767 4794 politicos
1786 4716 1825 4777 de·

468 4801 682 4866 certaminibus
717 4802 807 4881 hujus
837 4799 981 4901 temporis
1012 4817 1171 4879 eorumque
1190 4784 1428 4880 catastrophe
1421 4799 1815 4887 1nserui,perpendantqoe

467 4892 668 4956 conditionem
694 4910 808 4963 meam,
833 4889 882 4970 qui
905 4909 924 4949 a
946 4886 1079 4951 Caesare
1109 4890 1273 4950 conductus
1306 4908 1387 4962 sum,
1410 4907 1470 4950 non
1492 4896 1527 4950 ut
1549 4908 1657 4956 essem
1690 4897 1814 4979 publicus

466 4989 570 5059 vates,
602 4982 655 5047 sed
678 4990 712 5043 ut
735 4977 950 5042 astronomiam
980 4977 1107 5057 genuino
1131 4998 1184 5039 sno
1216 4978 1362 5058 magistro
1387 4978 1529 5059 Tychone
1564 4980 1749 5060 destitutam
1768 5003 1812 5065 pro

465 5031 580 5135 viribub
603 5073 776 5153 perficerem
805 5088 897 5149 eoque
921 5065 951 5127 in
976 5063 1071 5138 oificio
1100 5066 1248 5129 rationem
1278 5069 1419 5130 haberem
1450 5067 1583 5131 omnium
1616 5073 1811 5175 hominumue

467 5159 574 5242 quibus
592 5162 723 5240 Magnus
740 5159 857 5224 Caesar
878 5158 955 5219 hanc
978 5156 1181 5221 astronomiae
1205 5158 1343 5221 excultae
1361 5166 1394 5220 et
1410 5158 1567 5238 perfectae
1590 5166 1727 5240 gratiam
1748 5163 1809 5227 inire
