4584 6192
950 591 1031 689 oapqr
1049 589 1093 643 lv.
1113 590 1138 645 2.
1659 596 1722 666 179

370 781 514 854 repugnat
538 771 639 835 sensui
659 780 689 832 et
710 768 784 850 Cap.
800 772 824 844 I,
842 767 894 833 ²0.
933 770 1048 831 Deinde
1073 772 1215 834 retractio
1237 771 1435 835 horizontalis
1454 775 1483 836 in
1509 777 1601 838 denso
1626 779 1721 841 recti-

369 861 461 924 lineae
494 860 664 942 superficiei
692 870 849 922 excrescet
879 860 909 921 in
943 860 1099 922 inlinitum.
1146 862 1225 923 Nam
1251 858 1304 922 ΟΕ
1335 863 1372 923 ad
1397 864 1452 924 DB
1482 874 1587 926 estut
1613 886 1721 929 secans

369 950 466 1030 anguli
492 952 614 1023 nullius,
641 949 695 1012 hoc
712 958 807 1012 estut
829 949 932 1010 radius
950 950 987 1009 ad
1013 957 1167 1010 secantem
1188 948 1271 1012 CAB
1295 952 1506 1031 complementi
1531 955 1720 1021 incidentiae.

349 1038 476 1102 ‘Notum
501 1049 614 1113 autern,
640 1050 793 1100 secantem
818 1035 879 1100 90⁰
902 1057 969 1099 esse
994 1038 1102 1099 lineam
1127 1039 1281 1101 infinitam.
1330 1041 1375 1101 At
1398 1043 1585 1120 experientia
1608 1053 1720 1119 notum,

368 1148 429 1190 esse
463 1128 646 1190 horizontali
680 1126 851 1189 retractioui
880 1135 993 1188 certum
1022 1148 1107 1190 suum
1138 1130 1256 1189 modum
1281 1128 1309 1188 in
1339 1149 1426 1208 aqna.
1476 1130 1613 1193 Circeius
1643 1133 1721 1194 enim
1802 1119 1807 1130 ⁸

367 1217 541 1297 angulorum
566 1236 686 1279 mensor
709 1237 742 1277 se
757 1217 822 1297 ipso
846 1215 945 1276 finitur
964 1226 996 1276 et
1010 1224 1137 1296 quatuor
1161 1225 1260 1278 rectos
1283 1219 1482 1296 amplectitur.
1522 1219 1656 1302 Cumque
1681 1223 1723 1282 sit

366 1307 507 1369 retractio
531 1307 616 1368 nisus
640 1306 676 1367 ad
701 1304 989 1386 perpendicularem,
1015 1324 1072 1366 uon
1097 1313 1144 1367 est
1168 1306 1263 1384 major
1285 1307 1412 1385 angulus
1436 1309 1511 1388 ejus,
1538 1329 1613 1389 qnae
1636 1311 1721 1372 hori-

366 1395 443 1459 zonti
467 1396 634 1474 parallelos
658 1405 706 1456 est
729 1414 794 1456 cum
817 1394 1065 1471 perpendiculari,
1092 1414 1179 1474 quam
1203 1403 1314 1457 rectus.
1351 1396 1419 1457 Non
1444 1406 1546 1479 potest
1569 1398 1661 1479 igitur
1684 1420 1721 1460 ne

367 1485 497 1548 maxima
520 1485 641 1566 quidem
664 1484 752 1545 medii
777 1482 947 1544 densissimi
972 1502 1039 1544 esse
1063 1483 1160 1562 major
1183 1485 1292 1562 angulo
1316 1493 1409 1545 recto.

452 1574 558 1635 Tertio
591 1572 783 1635 retractionis
815 1591 908 1633 cansa
939 1571 992 1633 fiet
1024 1573 1228 1652 corpulentia,
1263 1573 1341 1652 quod
1374 1592 1465 1653 supra
1495 1573 1586 1654 (Cap.
1612 1577 1636 1649 I,
1666 1574 1735 1649 10)-

367 1663 563 1726 refutabatur.

453 1750 573 1822 Quarto
598 1759 689 1812 aucta
711 1749 916 1829 profunditate
936 1749 1025 1810 medii
1050 1750 1208 1827 augebitur
1231 1750 1382 1811 retractio.
1420 1748 1619 1814 Continuetur
1642 1753 1721 1814 enim

367 1840 423 1904 AD
446 1841 478 1903 in
502 1841 541 1902 Κ.
588 1840 688 1919 Major
710 1838 802 1916 igitur
826 1839 877 1899 fiet
900 1839 1051 1918 proportio
1071 1839 1128 1899 ΒΚ
1153 1839 1190 1899 ad
1211 1836 1264 1900 ΟΕ
1288 1847 1468 1911 manentem,
1492 1859 1579 1919 quarn
1602 1842 1657 1903 BD
1682 1842 1720 1902 ad
1745 1894 1749 1904 .

368 1930 504 1992 eandem.
551 1930 652 2008 Major
683 1928 774 2005 igitur
806 1927 947 1988 retractio
972 1926 1000 1987 in
1026 1928 1050 1986 B
1079 1936 1220 1988 manente
1250 1928 1302 1987 illa
1324 1928 1353 1988 in
1379 1926 1414 1990 C.
1462 1930 1538 1990 Hinc
1568 1939 1720 2010 sequetur,

369 2019 442 2100 quod
468 2019 577 2099 ubique
592 2016 777 2079 Rothrnanni
800 2025 977 2094 argumenta
1001 2016 1135 2077 redolere
1158 2016 1307 2087 videntur,
1331 2017 1416 2077 BDK
1433 2036 1489 2078 non
1506 2037 1573 2079 esse
1598 2028 1720 2092 rectam,

369 2108 419 2170 sed
442 2127 556 2182 arcum,
582 2107 660 2186 quod
685 2103 776 2183 (Cap.
799 2106 822 2179 I,
849 2102 906 2179 22)
930 2106 1106 2184 negavimus
1130 2112 1163 2165 et
1185 2104 1372 2183 experientia
1397 2106 1482 2167 facile
1507 2114 1555 2168 est
1578 2109 1720 2170 refutare.

367 2194 476 2259 'Statue
500 2197 561 2258 tria
593 2203 706 2276 puncta
729 2195 758 2254 in
784 2200 853 2254 aere
878 2194 907 2254 in
936 2195 1041 2255 eadem
1074 2201 1175 2263 recta,
1209 2193 1298 2271 imple
1332 2195 1452 2256 situlam
1490 2215 1585 2276 aqua,
1616 2198 1724 2258 ordina

370 2286 472 2361 risum,
497 2295 531 2348 ut
554 2294 691 2346 extrema
714 2284 801 2344 simul
826 2283 1076 2361 comprehendas,
1105 2283 1234 2343 medium
1260 2283 1368 2344 iterum
1397 2283 1546 2346 coincidet
1578 2288 1722 2347 extremis

369 2377 458 2455 plane
481 2385 517 2437 ut
545 2373 629 2454 prius
654 2372 684 2435 in
706 2379 786 2442 abre.
824 2372 867 2433 Et
889 2391 963 2433 cave
987 2380 1017 2432 te
1037 2379 1160 2433 moveat
1182 2371 1280 2432 baculi
1299 2372 1328 2433 in
1354 2391 1432 2452 aqua
1456 2374 1579 2449 incurvi,
1602 2374 1632 2436 in
1651 2374 1721 2435 aiere

370 2464 440 2526 recti
472 2463 648 2544 phantasia.
695 2462 775 2523 Nam
799 2461 825 2522 is
856 2461 930 2522 nihil
953 2461 991 2522 ad
1022 2461 1078 2521 hoc
1112 2460 1358 2539 experimentum.
1406 2462 1535 2523 Videtur
1563 2463 1640 2524 enirn
1664 2481 1721 2523 non

370 2553 483 2627 eadem,
507 2553 562 2615 sed
586 2551 714 2613 dirersis
737 2550 887 2613 refractis.
935 2550 1026 2629 Sequi
1051 2559 1152 2611 autem
1177 2549 1206 2609 id
1232 2551 1309 2630 quod
1335 2549 1404 2622 dixi,
1430 2551 1474 2612 sic
1497 2560 1593 2630 patet.
1631 2553 1722 2613 ExB

371 2642 534 2705 descendat
568 2641 717 2702 retractus
741 2639 798 2700 BG
831 2640 860 2699 in
894 2639 1016 2700 fundum
1042 2637 1080 2699 G.
1127 2639 1231 2699 Aucta
1264 2639 1346 2699 fundi
1379 2640 1584 2719 profunditate
1618 2660 1655 2702 ex
1687 2661 1724 2702 ea

370 2740 463 2810 parte,
489 2730 561 2811 quia
585 2730 671 2791 simul
696 2738 822 2806 augetur
846 2729 982 2807 angulus,
1008 2727 1174 2788 descendat
1197 2746 1267 2806 ergo
1292 2748 1329 2788 ex
1353 2728 1377 2788 B
1401 2728 1469 2807 plus
1492 2731 1642 2790 retractus
1658 2730 1721 2792 BL.

370 2820 459 2882 Patet
480 2819 656 2893 manifeste,
683 2818 759 2898 quod
783 2818 818 2889 B,
847 2815 884 2890 G,
910 2818 937 2878 L
965 2826 1076 2895 puncta
1100 2834 1157 2877 non
1188 2816 1250 2877 sint
1277 2818 1376 2878 futura
1400 2818 1427 2877 in
1452 2828 1548 2899 recta.
1596 2820 1642 2880 Ac
1665 2819 1723 2880 etsi

371 2909 470 2990 quinto
494 2910 569 2971 haec
593 2907 692 2987 opinio
716 2906 835 2967 videtur
859 2926 924 2966 cunr
949 2906 1100 2967 densitate
1125 2905 1304 2983 conjungere
1333 2905 1540 2983 incidentiam,
1566 2917 1667 2969 tamen
1691 2927 1723 2969 re

371 3016 439 3060 vera
461 3006 606 3078 separat;
631 2995 700 3077 quia
724 2995 917 3056 incidentium
942 3012 999 3054 non
1024 2995 1112 3054 aliter
1136 2994 1322 3068 considerat,
1348 3014 1437 3074 quarn
1461 3004 1608 3074 qnatenus
1633 3004 1724 3077 anget

372 3086 574 3165 prolixitatem
590 3085 748 3157 transitus,
765 3103 841 3162 quae
857 3085 949 3145 etiarn
966 3083 1095 3156 aliunde,
1113 3090 1145 3144 ut
1160 3082 1248 3143 modo
1264 3084 1456 3163 depressione
1472 3085 1563 3158 tundi,
1586 3093 1722 3165 angetur.

454 3176 482 3237 Ε
506 3174 657 3237 contrario
682 3173 834 3235 tenebitur
856 3173 990 3250 ejusdem
1010 3173 1124 3249 culpae,
1152 3171 1201 3257 qui
1221 3172 1340 3244 dixerit,
1365 3172 1563 3235 differentiam
1587 3175 1723 3236 inciden-

374 3264 477 3326 tiarum
502 3263 579 3326 radii
599 3262 681 3325 Solis
700 3261 729 3323 in
754 3262 926 3342 superficies
952 3261 1031 3321 airis
1056 3269 1087 3320 et
1114 3260 1224 3320 Terrae
1249 3279 1419 3322 mensuram
1434 3281 1501 3323 esse
1524 3264 1723 3325 retractionis.

375 3352 413 3414 Ut
435 3355 504 3434 quia
527 3361 641 3414 certum
666 3362 722 3424 est,
749 3351 945 3413 retractiones
970 3369 1044 3428 quas
1068 3349 1232 3409 astronomi
1258 3351 1450 3411 considerant
1473 3351 1535 3412 fieri
1554 3372 1574 3412 a
1597 3353 1724 3415 circum·

376 3441 435 3503 fuso
458 3441 561 3504 Terris
586 3449 666 3503 a'ere.
715 3438 765 3501 Sit
788 3458 858 3518 ergo
882 3439 993 3499 Terrae
1018 3438 1190 3518 superficies
1215 3436 1283 3510 CB,
1307 3457 1396 3519 quarn
1424 3449 1532 3518 tangat
1560 3451 1644 3503 recta
1668 3441 1725 3517 (ΞΒ

376 3529 401 3589 in
423 3540 533 3610 puncto
564 3530 612 3604 B;
647 3530 726 3592 airis
759 3526 932 3607 superficies
957 3548 994 3587 ex
1026 3529 1131 3588 eodem
1164 3536 1267 3587 centro
1292 3530 1321 3589 A
1354 3529 1395 3590 sit
1418 3528 1472 3588 DE
1506 3538 1537 3590 et
1562 3528 1618 3591 GB
1642 3539 1726 3592 secet

376 3617 447 3681 hauc
470 3619 499 3680 in
523 3618 561 3680 Ε.
609 3620 730 3697 Tangat
755 3617 846 3696 igitur
876 3616 977 3696 aliqua
1008 3614 1194 3694 superficiem
1217 3615 1272 3675 DE
1439 3634 1491 3697 rig.
1513 3632 1555 3685 6¹.

377 3708 402 3767 iu
423 3707 448 3769 E
471 3718 583 3788 puncto
608 3706 761 3779 sectionis,
788 3725 863 3787 quae
888 3705 930 3765 sit
953 3705 1005 3765 rh.
1054 3705 1150 3784 Igitur
1174 3704 1200 3764 si
1216 3702 1273 3763 BG

378 3796 426 3857 fiat
446 3797 549 3859 radius
574 3797 659 3871 lucis,
685 3797 710 3857 is
734 3794 886 3856 coincidet
908 3813 973 3854 curn
997 3802 1141 3871 tangente
1165 3811 1273 3871 super-

378 3885 444 3947 ficiei
466 3886 591 3954 Terrae,
615 3886 747 3964 erigetur
770 3885 807 3944 ad
834 3892 1006 3961 tangentem
1032 3882 1072 3943 ΙΕ
1098 3882 1134 3942 ad
1160 3891 1274 3942 certum
1355 3900 1400 3960 ,ss

379 3975 524 4053 angulum,
559 3974 729 4035 differentia
762 3973 988 4034 incidentiarum
1022 3980 1070 4032 est
1102 3971 1181 4031 IEB.
1228 3969 1275 4028 Ea
1324 3961 1389 4048 sssf

378 4064 513 4139 paulatim
537 4062 689 4138 minuitur,
714 4063 758 4123 ita
782 4070 814 4122 ut
838 4062 866 4120 in
892 4060 1004 4122 vertice
1029 4060 1111 4120 nulla
1130 4059 1180 4134 sit,
1206 4058 1275 4137 quia
1314 4041 1351 4142 lf‘
1451 4069 1467 4119 Ρ,
1587 4097 1589 4105 .
1669 4115 1671 4118 .

381 4152 525 4214 avertice
555 4151 657 4213 radius
686 4151 723 4211 ad
755 4158 910 4229 utramque
940 4157 1113 4228 tangentem
1137 4166 1274 4227 perpen-
1312 4129 1472 4210 ΠἾ
1500 4124 1592 4182 “fi

381 4237 510 4303 dicularis
546 4240 645 4302 etad
683 4250 783 4301 rectos
816 4238 982 4300 descendit.
1037 4236 1069 4299 Si
1103 4255 1174 4314 ergo
1208 4235 1273 4315 quis
1315 4210 1357 4292 lp,
1449 4255 1452 4306 l
1537 4184 1591 4320 ss

382 4325 488 4403 dixerit,
511 4328 712 4392 retractiones
736 4327 955 4407 proportiouari
979 4326 1025 4387 his
1050 4326 1169 4404 angulis
1193 4323 1273 4392 IEll,
1333 4295 1560 4437 KQ&

383 4419 514 4482 mucinna
531 4417 684 4480 videbitur
699 4417 772 4478 haec
792 4417 870 4478 ratio
891 4414 1033 4477 metiendi
1057 4413 1272 4485 retractiones;
1442 4433 1444 4436 ·

385 4515 531 4586 propterea
566 4507 646 4588 quod
677 4507 715 4568 ad
750 4525 956 4586 quamcunque
989 4502 1181 4565 altitudinem
1206 4502 1354 4579 sphaerae
1388 4505 1467 4565 atris
1501 4505 1635 4585 sequitur
1667 4526 1722 4566 sua

386 4592 509 4659 atauo
529 4595 662 4658 maxima
676 4594 882 4668 horizontalis,
907 4594 951 4655 ita
964 4601 999 4654 ut
1014 4593 1151 4652 videatur
1166 4591 1370 4669 experientiae
1390 4592 1579 4655 satisfacere.
1611 4595 1725 4654 Verum

386 4678 583 4768 huncquoque
608 4685 688 4746 falsa
711 4693 769 4757 est,
793 4683 862 4764 quia
881 4682 924 4746 uti
949 4682 1070 4755 dictum,
1096 4687 1222 4758 separat
1244 4680 1391 4742 rationem
1414 4682 1499 4743 densi
1518 4704 1537 4742 a
1555 4683 1650 4761 figura
1673 4701 1725 4743 seu

389 4766 552 4849 incidentia,
586 4792 663 4855 quae
692 4781 779 4835 erant
811 4770 1027 4851 conjungenda.
1074 4770 1154 4831 Nam
1183 4769 1240 4828 hac
1273 4769 1391 4846 quidem
1424 4772 1540 4832 ratione
1565 4791 1622 4832 nou
1648 4772 1725 4831 aliae

323 4859 326 4940 ζ
390 4854 489 4924 futurae
521 4864 585 4925 sint
617 4860 815 4924 retractiones
847 4861 896 4921 vel
929 4861 1037 4920 saltem
1072 4858 1285 4919 refractiouum
1319 4857 1545 4921 inerementaa
1573 4861 1655 4921 nulla
1687 4861 1724 4920 ad

323 4947 327 4968 '
391 4961 526 5027 summam,
550 4952 616 5014 sive
639 4950 721 5013 tenui
747 4956 816 5011 atre
839 4968 892 5010 seu
916 4949 994 5009 vitro
1018 4947 1169 5027 pellucido.
1192 4946 1321 5026 sphaera
1343 4957 1473 5010 constet.
1511 4948 1603 5010 Patet
1626 4956 1725 5010 autern

391 5040 595 5116 “perimentis
619 5040 649 5102 in
673 5039 854 5101 varietatem
878 5038 1036 5099 densorum
1060 5035 1222 5098 mediorum
1240 5036 1341 5114 spargi
1361 5037 1453 5098 etiarn
1477 5037 1725 5099 incrementorum

390 5120 510 5192 diversas
531 5125 673 5192 formas.
724 5129 890 5212 Praeterea
922 5127 947 5188 si
990 5126 1186 5187 retractiones
1219 5133 1323 5184 essent
1353 5146 1372 5186 a
1402 5126 1468 5188 sola
1500 5126 1611 5206 figura,
1644 5127 1726 5193 nullu

1453 5231 1513 5288 12*

1402 3809 1504 3899 21³}

1454 3889 1456 3898 r

1452 3945 1455 3966 t
1551 3940 1559 3948 ”
1565 3948 1600 3974 κ...

1606 3976 1623 3988 *h
