4584 6192
469 624 513 690 80
886 625 986 676 thsrse
1004 624 1107 689 Koplarl
1125 626 1275 691 altorumque
1293 633 1395 678 mamae

559 799 634 879 Cap.
660 798 690 864 3.
736 801 783 862 De
808 802 872 862 luce
896 821 1091 881 repercussa,
1128 803 1206 884 quod
1238 803 1337 881 imago
1366 800 1617 879 (repercussionis
1649 804 1740 880 opus)
1765 820 1824 862 uon

467 889 557 968 plane
580 898 612 949 et
635 908 753 969 semper
776 889 817 950 sit
841 891 870 950 in
895 891 1143 969 perpendiculari.
1191 893 1255 952 Hoc
1280 898 1371 969 capnt
1396 897 1443 951 ast
1466 890 1516 950 via
1539 890 1577 950 ad
1600 907 1730 970 sequens

558 975 635 1057 Cap.
660 974 691 1040 4.
726 979 772 1039 De
791 978 923 1041 refracta
947 980 1029 1053 luce;
1054 979 1103 1040 ubi
1127 980 1315 1059 inquiruntur
1338 997 1447 1040 causae
1472 988 1503 1040 et
1526 997 1683 1040 mensurae
1708 978 1825 1040 refrac-

466 1066 580 1127 tionum
599 1066 689 1144 plane
709 1067 945 1129 laboriosissima
968 1068 1177 1147 inquisitioue;
1195 1070 1343 1147 repetitur
1365 1069 1573 1129 controversia
1587 1067 1739 1148 Tychonis
1755 1086 1825 1129 cnm

467 1153 679 1215 Rothrnanno:
705 1157 880 1229 ostenditur,
906 1157 983 1217 hanc
1007 1157 1102 1236 ipsam
1127 1159 1253 1219 formam
1276 1156 1488 1219 refractionum
1509 1177 1528 1217 a
1547 1158 1687 1239 Tychone
1709 1175 1825 1236 propo-

469 1243 561 1304 sitam
585 1262 652 1303 esse
676 1252 802 1305 naturae
826 1253 1060 1306 consentaneam
1084 1254 1115 1306 ot
1138 1246 1176 1306 iis
1200 1244 1422 1323 experimentis,
1447 1264 1522 1325 quae
1543 1245 1669 1306 Vitellio
1692 1245 1723 1306 iu
1748 1264 1828 1325 aqua

470 1331 594 1404 habuit3
620 1332 741 1393 additur
764 1332 938 1412 explanatio
967 1334 1136 1395 conicarum
1171 1335 1359 1409 sectionum,¹
1385 1334 1566 1408 ostenditur,
1597 1334 1695 1415 qualis
1719 1352 1828 1413 super-

468 1420 551 1481 ficies
575 1420 676 1481 radios
701 1422 739 1482 ad
768 1440 856 1482 unum
884 1431 1026 1500 punctum
1050 1432 1140 1501 cogat
1164 1424 1209 1494 (id
1237 1433 1361 1506 propter·
1389 1442 1517 1503 sequens
1546 1442 1612 1502 cap.
1639 1423 1708 1495 V.).
1754 1422 1827 1483 Jam

470 1509 576 1569 modus
600 1508 790 1584 observandi,
815 1519 847 1571 et
869 1511 945 1572 vitia
968 1521 1000 1571 et
1023 1512 1182 1585 cautelae3
1207 1522 1298 1572 etan
1323 1511 1460 1573 omnibus
1489 1511 1563 1573 locis
1587 1521 1618 1572 et
1642 1511 1828 1591 temporibus

472 1597 598 1658 eaedem
622 1598 831 1672 retractiones,
858 1599 981 1678 etquid
1005 1600 1073 1661 inde
1097 1600 1125 1660 in
1151 1601 1365 1661 astronomiam
1390 1610 1521 1661 veterem
1547 1609 1702 1680 sequatur,
1736 1609 1767 1660 et
1791 1599 1828 1660 de

467 1685 640 1764 prodigiosa
664 1687 845 1750 refractione
870 1688 898 1747 in
923 1688 1107 1750 Batavorum
1132 1688 1273 1750 hibernis.

558 1771 634 1854 Cap.
659 1772 688 1837 5.
735 1775 780 1836 De
806 1777 894 1836 modo
927 1777 1068 1851 visionis,
1100 1778 1298 1839 refutationes
1324 1775 1500 1855 Opticorum
1525 1787 1557 1837 et
1589 1776 1828 1837 anatomicorum

471 1872 503 1925 et
526 1863 589 1925 reri
613 1863 694 1923 modi
718 1864 886 1925 enucleatio
911 1884 964 1945 per
992 1884 1059 1945 cap.
1084 1862 1114 1927 2.
1140 1864 1170 1928 3.
1194 1862 1226 1928 a.
1250 1867 1300 1928 nbi
1332 1864 1506 1926 necessaria
1530 1865 1586 1925 luit
1609 1874 1640 1926 et
1664 1865 1828 1944 explicatio

471 1970 582 2023 eorum,
607 1952 734 2031 quaein
760 1953 837 2014 vitro
861 1953 988 2015 rotundo
1014 1974 1090 2035 aqua
1114 1955 1202 2032 pleno
1234 1955 1425 2034 contingunt,
1454 1962 1518 2021 tarn
1547 1956 1663 2016 ratione
1686 1952 1829 2033 imaginis

473 2060 561 2121 quam
586 2041 702 2101 ratione
725 2040 862 2119 picturae
887 2042 914 2103 in
938 2060 1052 2124 papyro
1077 2043 1216 2103 candida.

557 2129 634 2190 Illuc
667 2130 731 2208 jam
768 2131 941 2192 occasiones
979 2132 1144 2193 diffusionis
1184 2133 1346 2193 lucidorum
1376 2131 1405 2191 in
1444 2132 1529 2193 oculo
1557 2140 1589 2190 et
1624 2130 1764 2192 cautelae
1798 2129 1828 2191 in

470 2217 661 2278 aestimanda
684 2219 844 2281 oculariter
868 2221 1037 2298 quantitate
1062 2221 1226 2299 eclipsinm,
1251 2229 1283 2281 et
1298 2239 1408 2280 causae
1432 2218 1668 2300 perspicillorum
1689 2228 1752 2281 tam
1777 2238 1828 2279 se-

470 2306 570 2367 nilium
596 2325 683 2385 quam
703 2307 889 2386 juvenilium.

559 2394 634 2473 Cap.
661 2392 691 2457 6.
739 2397 784 2456 De
810 2397 895 2456 varia
928 2398 993 2458 luce
1024 2396 1166 2459 siderum.
1213 2396 1259 2456 De
1284 2394 1350 2456 luce
1374 2394 1455 2456 Solis
1481 2398 1582 2476 optica
1610 2396 1766 2477 inquisitio
1791 2395 1829 2457 ad

473 2482 640 2544 mirabilem
667 2484 740 2545 lucis
765 2493 902 2545 naturam
926 2486 1089 2565 pertinens.
1129 2485 1282 2558 Probatio,
1307 2483 1385 2564 quod
1401 2484 1487 2545 Luna
1508 2486 1598 2564 plane
1619 2486 1683 2547 luce
1707 2484 1829 2565 propria

468 2581 573 2632 careat
602 2582 633 2632 et
664 2573 743 2651 qnod
773 2573 866 2634 etiam
890 2595 908 2633 a
931 2574 1049 2635 Tellure
1073 2574 1248 2636 illustretur.

560 2659 606 2720 Dc
640 2661 750 2722 circulo
783 2662 1029 2736 illuminationis,
1063 2664 1099 2722 de
1124 2663 1228 2723 Lunae
1251 2661 1396 2741 phasibus
1422 2662 1567 2740 quaedam
1601 2660 1734 2723 subtilia.
1783 2661 1829 2722 De

471 2749 536 2810 lnce
559 2756 726 2810 ceterarum
750 2751 906 2812 stellarum
926 2753 989 2824 dcc,
1015 2770 1082 2812 cum
1106 2750 1319 2831 experimentis
1339 2750 1494 2831 eclipsium
1516 2759 1548 2812 et
1570 2750 1696 2813 aliarum
1720 2750 1829 2812 obser·

471 2836 574 2899 vatiou
597 2855 635 2900 m.
1652 2854 1654 2858 ⁴

587 2913 635 3006 ap.
661 2926 691 2987 7.
738 2927 784 2988 De
809 2928 914 2989 umbra
938 2928 1049 2990 Terrae
1074 2936 1105 2989 et
1138 2928 1227 3002 airis,
1262 2935 1294 2988 et
1326 2928 1433 2989 rubore
1456 2927 1560 2989 Lunae
1593 2927 1828 2998 demonstratur,

471 3016 586 3077 Lunam
611 3034 668 3077 non
693 3035 711 3075 a
734 3016 846 3077 Terrae
870 3017 924 3077 sed
949 3017 986 3078 ab
1011 3017 1089 3078 adria
1122 3018 1228 3079 umbra
1252 3017 1394 3087 deficere,
1427 3025 1460 3076 et
1482 3014 1651 3077 ostenditur
1683 3023 1829 3094 qnantum

472 3105 529 3165 hoc
552 3104 581 3164 in
606 3105 722 3166 calculo
745 3105 845 3184 possit
867 3105 997 3167 efficere.
1036 3105 1249 3167 Relractiones
1274 3105 1458 3185 quarundam
1482 3104 1636 3184 regionum
1661 3121 1699 3164 ex
1722 3102 1830 3183 eclipsi

469 3194 574 3256 Lunae
599 3203 773 3271 arguuntur.

562 3280 639 3361 Cap.
664 3279 694 3344 8.
719 3281 766 3342 De
791 3281 895 3343 umbra
909 3282 1023 3343 Lunae.
1040 3282 1188 3363 Exempla
1204 3281 1282 3363 quod
1298 3279 1352 3343 Sol
1368 3290 1450 3343 totus
1470 3299 1527 3341 nou
1547 3280 1640 3341 semel
1665 3280 1828 3357 deiecerit3

470 3372 508 3431 de
532 3370 641 3431 circulo
666 3370 746 3431 circa
769 3371 885 3431 Lunam
910 3371 1038 3431 lucente.

561 3455 637 3537 Cap.
664 3453 694 3521 9.
732 3459 778 3520 De
802 3460 1017 3537 parallaxibus,
1043 3468 1075 3519 et
1094 3457 1311 3519 demonstratio
1327 3476 1379 3517 seu
1395 3457 1611 3536 compendium,
1637 3458 1715 3537 quod
1736 3475 1829 3536 nuper

472 3547 510 3607 ad
535 3547 577 3607 M.
607 3547 701 3608 Tuam
729 3548 911 3628 perscripsi:
950 3548 999 3609 ubi
1027 3547 1144 3608 memini
1175 3546 1247 3607 milri
1279 3546 1410 3607 incidere
1440 3545 1544 3606 statim
1568 3553 1638 3624 post
1667 3546 1827 3625 ablegatas

473 3636 587 3710 literas,
613 3634 641 3696 in
665 3643 828 3715 praecepto
851 3655 898 3696 me
922 3655 1025 3715 parum
1054 3636 1290 3709 lralluoinatum;
1319 3634 1349 3694 in
1374 3635 1510 3713 exemplo
1542 3643 1641 3696 tamen
1666 3635 1828 3697 veritatem

469 3743 581 3786 messe.

563 3811 638 3891 Cap.
667 3811 716 3874 ln.
764 3812 810 3873 De
847 3812 997 3886 motibus;
1036 3812 1207 3873 demonstro
1239 3810 1397 3891 (lopemici
1436 3810 1604 3873 doctrinam
1642 3812 1759 3873 occulte
1797 3808 1826 3870 in

470 3902 606 3964 Euclidis
622 3899 740 3979 Opticis
755 3901 874 3962 inesse:
900 3900 1095 3962 fundamenta
1113 3900 1312 3961 ostenduntur
1331 3900 1644 3980 prosthaphaereseou
1661 3901 1827 3979 opticarum

470 4001 502 4052 et
524 3990 680 4054 distinctio
704 4011 724 4051 a
746 3989 891 4070 physicis.

564 4080 640 4162 Cap.
659 4078 720 4140 sil.
757 4078 953 4139 Problemata
968 4076 1146 4139 observandi
1167 4076 1295 4154 eclipses
1311 4095 1349 4136 ex
1374 4076 1575 4137 fundamentis
1590 4076 1698 4157 positis
1713 4076 1753 4136 ad
1769 4072 1829 4149 3⁰;

472 4170 522 4231 ubi
547 4167 687 4246 exempla
710 4167 865 4246 eclipsium
890 4174 921 4227 et
945 4165 1161 4227 demonstratio
1186 4166 1259 4243 ejus,
1284 4164 1363 4243 quod
1391 4164 1526 4226 tamdiu
1550 4184 1596 4226 me
1620 4172 1768 4239 torserat,
1792 4164 1830 4225 de

471 4257 643 4339 prodigioso
669 4256 838 4317 latitudinis
861 4255 992 4317 risibilis
1016 4255 1125 4334 angulo
1150 4254 1179 4314 in
1204 4253 1365 4331 eclipsibus
1389 4252 1481 4313 Solis.

561 4345 605 4407 Ut
627 4353 728 4406 autem
751 4346 855 4406 videas
879 4362 925 4404 me
958 4343 1037 4405 serio
1061 4362 1167 4422 agere,
1200 4350 1304 4422 typum
1338 4342 1500 4402 schematis
1524 4341 1562 4402 ad
1587 4359 1653 4421 cap.
1679 4338 1700 4403 5
1731 4339 1831 4419 perti-

471 4433 590 4506 nentis,
628 4432 676 4512 qui
704 4434 769 4512 jam
791 4434 830 4494 ad
854 4452 901 4493 me
935 4433 1059 4493 affertur
1083 4433 1138 4491 hoc
1170 4438 1338 4501 momento,
1371 4430 1452 4491 volui
1485 4430 1607 4491 addere.
1662 4428 1761 4490 Erunt
1791 4428 1830 4489 ad

474 4520 538 4586 100
562 4522 689 4601 figurae,
727 4542 800 4602 quas
834 4521 958 4582 consilio
994 4520 1157 4600 peritorum
1186 4516 1234 4577 hic
1263 4517 1357 4595 sculpi
1391 4536 1461 4579 curo
1485 4518 1514 4578 in
1545 4537 1612 4578 mea
1645 4515 1833 4596 praesentiri.

471 4611 637 4691 ubicunque
655 4611 720 4689 jam
743 4611 929 4689 imprimatur
952 4609 1037 4681 liber,
1063 4626 1098 4669 eo
1130 4604 1360 4667 transmissurus
1391 4624 1445 4684 pro
1469 4605 1715 4685 compensatione
1739 4604 1833 4667 sche-

471 4709 585 4763 matum
609 4708 705 4781 typos.

562 4790 669 4851 Artem
706 4805 802 4848 meam
836 4781 1100 4867 aquaeductoriam
1132 4782 1163 4844 J.
1197 4781 1326 4863 Byrgius
1359 4782 1545 4862 Landgrarii
1581 4790 1834 4861 automatopaeus

471 4879 587 4960 recepit
619 4875 824 4937 fabricandam
852 4876 881 4936 in
909 4872 1042 4936 metallo.
1091 4871 1197 4949 ltaque
1229 4872 1268 4930 D.
1294 4870 1451 4931 Welserus
1485 4890 1607 4951 operam
1640 4889 1726 4933 suam
1759 4870 1834 4932 milri

469 4968 625 5051 pollicitus
648 4973 697 5026 est
720 4964 750 5024 in
775 4963 908 5041 urgendo
931 4963 1130 5040 Argustana,
1158 4967 1190 5019 ut
1213 4967 1265 5019 aut
1290 4960 1368 5039 quod
1396 4960 1512 5038 recepit
1535 4960 1618 5021 bravi
1642 4958 1756 5020 efficiat
1780 4966 1835 5019 aut

472 5055 631 5139 pecuniam
654 5052 772 5115 reddat.

1052 5149 1254 5215 rariloquum.)
