4584 6192
513 1395 894 1500 RquREnnlsslmo
918 1395 973 1456 ΕΤ
996 1395 1281 1459 SERENISSIMO
1307 1397 1492 1461 PRlNClPl
1516 1396 1572 1459 Ac
1597 1399 1634 1458 D.

428 1532 795 1635 alterumve
835 1533 1312 1637 monmelscoro
1351 1533 1723 1650 couonmrtsl,

397 1716 432 1778 S.
465 1715 595 1776 Romani
628 1714 750 1794 Imperii
784 1714 972 1793 Septemviro
1005 1716 1138 1777 Electori
1173 1725 1204 1778 et
1231 1736 1285 1797 per
1317 1716 1437 1778 ltaliam
1470 1715 1754 1792 Archicancellario,
1870 1699 1874 1708 ¹

397 1804 550 1885 Episcopo
579 1803 757 1878 Leodiensi,
789 1804 1036 1866 Administratori
1065 1806 1233 1867 Monaster.
1278 1805 1464 1867 Hildeshem.
1496 1813 1527 1865 et
1558 1803 1754 1882 Frisingensl,

399 1892 530 1972 Principi
544 1894 573 1953 in
595 1890 711 1954 Stabel.
732 1890 843 1954 Comiti
859 1894 956 1955 l'alat.
975 1893 1084 1967 Rheni,
1110 1913 1176 1974 sup.
1202 1903 1234 1955 et
1255 1894 1339 1954 infer.
1358 1894 1517 1966 Bavariae,
1534 1892 1754 1972 westphaliae,

486 1981 568 2060 Aug.
593 1982 647 2042 &c
672 1981 760 2055 Daci,
783 1982 901 2044 March.
926 1982 1035 2044 Franci
1057 1992 1151 2044 mont.
1175 1983 1305 2044 Domino
1330 2002 1395 2044 nreo
1420 1981 1665 2043 clementissimo.
1739 2051 1742 2056 ,

490 2139 754 2202 Reverendissirne
774 2147 806 2202 et
823 2139 1023 2203 serenissime
1042 2141 1187 2220 Princeps
1201 2141 1335 2216 Elector,
1358 2141 1487 2203 Domine
1511 2141 1755 2204 clementissimo.

399 2227 477 2292 Cum
510 2228 713 2307 superioribus
744 2229 831 2292 aunis
864 2231 903 2290 ad
933 2249 1073 2309 magnum
1111 2231 1258 2292 cumulum
1297 2230 1502 2291 inventionum
1539 2229 1626 2308 hujus
1659 2229 1756 2290 ultimi

397 2318 491 2381 seculi
516 2316 700 2379 accessisset
724 2318 837 2379 arundo
862 2318 1020 2399 dioptrica,
1045 2337 1231 2398 nequaquam
1250 2319 1329 2380 iuter
1351 2320 1492 2397 vulgares
1517 2319 1758 2380 connumeranda

397 2406 648 2481 machinationes,
674 2407 812 2488 circaque
836 2426 902 2468 eam
926 2407 979 2469 alii
1002 2409 1038 2469 de
1063 2409 1164 2488 palma
1187 2408 1301 2488 primae
1327 2407 1509 2469 inventionis
1533 2413 1688 2469 certarent
1704 2403 1755 2482 ⁸),

398 2494 452 2557 alii
471 2495 507 2555 de
527 2494 711 2574 perfectione
729 2496 920 2558 instrumenti
937 2515 1005 2558 sese
1024 2497 1179 2576 jactarent
1198 2496 1335 2576 amplius,
1361 2496 1439 2575 qnod
1458 2495 1498 2557 ibi
1520 2515 1609 2557 casus
1628 2494 1755 2576 potissi-

397 2603 478 2646 mum
511 2584 602 2658 insit,
638 2583 686 2645 hic
714 2585 792 2646 ratio
826 2585 1015 2653 dominetur:
1051 2584 1210 2647 Galilaeus
1239 2604 1309 2647 vero
1343 2603 1432 2664 super
1460 2603 1515 2647 usu
1547 2585 1702 2664 patefacto
1726 2583 1756 2644 in

397 2671 606 2752 perquirendis
630 2674 748 2734 arcanis
778 2674 987 2735 astronomicis
1016 2672 1271 2754 speciosissimum
1298 2674 1480 2754 triumphum
1505 2680 1628 2752 ageret,
1654 2681 1687 2735 ut
1710 2671 1756 2734 cui

398 2760 558 2823 consilium
594 2762 843 2841 suppeditaverat
874 2763 1024 2824 industria
1047 2783 1101 2824 nec
1130 2782 1302 2823 successum
1335 2769 1499 2841 negaverat
1532 2762 1667 2823 fortuna:
1701 2778 1756 2840 ego

341 2845 345 2856 ’
400 2851 509 2911 ductus
540 2849 669 2912 honesta
701 2853 829 2930 quadam
863 2850 1064 2913 aemulatione
1092 2869 1200 2912 norum
1233 2850 1455 2912 mathematicis
1487 2868 1625 2929 campum
1654 2849 1756 2931 aperui

400 2939 562 2999 exserendi
585 2939 644 3000 vim
670 2939 791 3018 ingenii,
816 2939 872 3001 hoc
897 2949 945 3002 est
967 2959 1123 3002 cansarum
1150 2941 1215 3020 lege
1240 2939 1422 3018 geometrica
1445 2938 1754 3012 demonstrandarum,

402 3027 511 3107 quibus
535 3035 598 3088 tam
622 3028 759 3107 exoptati
784 3037 846 3090 tam
865 3029 1000 3108 jucunda
1022 3029 1171 3090 varietate
1196 3028 1375 3108 multiplices
1400 3029 1524 3090 effectus
1547 3028 1755 3090 inniterentur.

402 3114 480 3178 Cum
505 3115 582 3177 enim
608 3124 677 3177 ante
703 3136 756 3178 sex
780 3137 874 3178 annos
899 3117 1042 3196 Opticam
1065 3117 1280 3180 Astronomine
1304 3125 1421 3196 partem
1446 3116 1618 3190 edidissem,
1643 3115 1674 3177 in
1697 3135 1755 3197 qus

399 3211 432 3265 et
457 3205 494 3265 de
518 3205 642 3266 visionis
673 3207 760 3267 modo
795 3225 873 3267 nova
905 3207 1022 3267 ratione
1046 3208 1137 3268 etde
1166 3206 1347 3286 perspirillis
1378 3205 1492 3286 primus
1525 3205 1655 3267 omnium
1679 3203 1757 3284 qnod

399 3293 496 3354 sciam
529 3294 605 3355 talia
635 3293 874 3375 disputaveram,
908 3315 984 3376 quae
1013 3297 1052 3378 ad
1085 3295 1162 3356 hunc
1193 3314 1286 3376 usque
1325 3294 1403 3356 diem
1442 3301 1528 3355 stant
1560 3294 1754 3356 inconcussa:

400 3391 636 3445 consentaneum
671 3391 753 3458 erat,
789 3393 821 3445 ut
853 3384 1062 3458 ostenderem,
1101 3384 1207 3445 eadem
1245 3383 1455 3459 fundamenta,
1492 3384 1598 3464 quibus
1631 3383 1756 3446 visionis

402 3470 522 3532 modum
547 3471 711 3552 quibusque
735 3472 972 3552 perspicillorum
1002 3472 1182 3553 simplicium
1205 3474 1330 3535 effectus
1360 3480 1634 3551 superstruxeram,
1666 3471 1758 3533 etiam

401 3560 614 3639 compositioni
639 3560 824 3623 diversarum
849 3561 973 3623 lentium
995 3561 1222 3642 perspicnarum
1245 3562 1273 3622 iu
1300 3580 1388 3622 onam
1419 3559 1593 3622 arundinem
1618 3560 1758 3623 ferendae

402 3649 562 3711 sufficere:
597 3651 731 3729 adeoque
761 3670 797 3711 ne
822 3649 940 3730 quidem
968 3668 1058 3729 posse
1082 3649 1145 3711 fieri
1174 3649 1268 3729 (qnod
1292 3646 1430 3711 veritatis
1455 3657 1661 3727 argumentum
1685 3649 1758 3723 est),

402 3745 439 3798 ut
463 3738 531 3799 aliis
565 3738 788 3819 quibuscunque
821 3738 977 3818 principiis
1007 3757 1096 3818 quam
1129 3739 1235 3817 quibus
1260 3756 1315 3817 ego
1339 3756 1405 3798 sum
1429 3756 1509 3812 usus,
1543 3735 1759 3799 demonstratio

403 3827 481 3888 baec
505 3827 693 3907 expediatur.
740 3830 788 3889 Ac
812 3846 879 3888 cum
902 3827 1045 3888 Euclides
1070 3827 1196 3907 Optices
1220 3826 1352 3906 speciem
1375 3824 1482 3887 lecerit
1505 3823 1758 3906 Catoptricen,

405 3934 485 3995 quae
509 3916 545 3976 de
570 3916 655 3978 radio
679 3935 855 3995 repercusso
880 3915 958 3995 agit,
992 3915 1109 3977 nomine
1143 3915 1272 3977 deducto
1297 3935 1316 3976 a
1338 3913 1498 3995 praecipuo
1522 3915 1608 3994 hujus
1641 3913 1761 3994 generis

404 4003 664 4077 machinamento,
690 4005 820 4084 speculis
844 4023 1003 4084 eorumque
1026 4005 1102 4066 mira
1125 4013 1157 4065 et
1175 4004 1309 4084 jucunda
1332 4004 1499 4066 varietate:
1532 4005 1569 4065 ad
1593 4004 1760 4084 exemplum

403 4094 461 4154 lmc
486 4112 552 4155 meo
586 4092 689 4156 libello
720 4104 823 4155 natum
856 4101 905 4154 est
935 4111 1041 4154 nomen
1070 4093 1279 4172 Dioptrice,
1313 4092 1384 4173 quia
1415 4091 1481 4171 agit
1511 4093 1700 4172 potissimum
1724 4093 1761 4155 de

402 4182 489 4243 radio
513 4182 645 4244 refracto
671 4201 690 4242 a
713 4182 820 4243 mediis
844 4180 1003 4261 pellucidis
1027 4182 1146 4254 densis,
1170 4189 1234 4243 tam
1258 4180 1445 4243 naturalibus
1469 4181 1499 4242 in
1523 4181 1609 4246 oculo
1633 4184 1762 4244 humano

403 4290 493 4350 quam
517 4269 724 4334 artificialibus
747 4271 778 4332 in
801 4270 1040 4350 perspicillorum
1064 4269 1236 4345 varietate3
1264 4289 1321 4351 quo
1345 4270 1483 4350 subjecto
1512 4279 1619 4333 contra
1643 4269 1761 4352 Catop-

403 4359 519 4434 tricen,
554 4366 589 4421 ut
621 4357 739 4439 species
772 4367 879 4420 contra
911 4360 1061 4439 speciem,
1096 4358 1291 4439 distinguitur
1300 4376 1309 4434 ;
1338 4357 1518 4433 siccamen,
1547 4366 1582 4420 ut
1613 4359 1695 4440 prior
1722 4357 1764 4420 sit

403 4447 579 4527 Dioptrice,
612 4448 761 4527 posterior
785 4447 974 4527 Catoptrice‚
1007 4455 1170 4528 propterea
1200 4447 1280 4528 quod
1304 4445 1479 4526 Catoptrice
1507 4446 1588 4509 circa
1616 4446 1763 4528 imagines

402 4543 552 4612 versetur,
576 4555 653 4618 quae
668 4536 739 4615 qnid
753 4536 872 4598 omnino
888 4534 950 4598 sint
963 4537 1041 4598 citra
1064 4535 1268 4616 cognitionem
1287 4535 1366 4598 oculi
1380 4553 1418 4597 ex
1430 4535 1587 4617 Dioptrice
1602 4536 1763 4617 petendam

402 4623 535 4705 intelligi
558 4624 672 4705 nequit.

495 4711 565 4785 Qua
588 4712 681 4775 etism
694 4712 731 4773 de
750 4731 844 4773 causa
868 4712 975 4791 repetii
990 4713 1109 4774 modum
1133 4711 1259 4774 visionis
1279 4718 1310 4774 et
1324 4711 1503 4792 simplicium
1526 4711 1764 4792 perspicillorum

404 4803 562 4877 rationes3
586 4820 654 4864 cum
667 4809 702 4863 ut
714 4800 871 4880 Dioptrice
891 4801 1109 4881 quodammodo
1129 4803 1266 4882 perlecta
1287 4811 1377 4876 esset,
1398 4809 1462 4864 tum
1481 4800 1552 4882 quia
1573 4799 1765 4863 instrumenti

403 4892 542 4954 rationes
567 4891 605 4954 ab
630 4889 760 4952 hominis
784 4889 869 4951 oculo
893 4908 989 4951 nexae
1013 4899 1092 4966 sunt,
1116 4889 1271 4971 ipsumque
1294 4888 1524 4952 instrumentum
1548 4890 1765 4973 esimplicibns

404 4979 591 5060 perspicillis
614 4978 833 5058 compositum:
859 4983 892 5039 nt
915 4978 1042 5040 alterum
1067 4978 1132 5040 sine
1155 4977 1252 5041 altero
1276 4978 1410 5059 expediri
1434 4997 1490 5040 non
1514 4979 1620 5059 possit.
1667 4977 1764 5042 Deni-

404 5087 465 5150 que
492 5069 562 5150 qnia
585 5075 767 5132 censnemnt
790 5065 891 5147 aliqui,
915 5066 946 5128 in
962 5065 1080 5150 Opticis
1097 5066 1174 5130 hseo
1192 5085 1272 5130 amo
1294 5075 1484 5148 pertractata
1502 5086 1570 5130 esse
1594 5066 1765 5144 obscuriora
