4584 6192
1034 620 1116 671 Notae
1134 622 1248 673 Edam.
1367 658 1371 665 .
1425 636 1428 647 ·
1748 617 1810 686 831
1831 620 1833 625 '

557 791 603 857 39)
621 811 646 860 p.
667 793 726 846 ⁷²⁷.
763 796 909 861 Inscriptnm
928 804 965 846 est
986 797 1032 846 hoo
1056 798 1120 863 qnod
1146 799 1207 848 dicit
1224 799 1346 862 Kaplerus
1372 815 1432 862 opus
1452 799 1590 849 Cardinalis
1614 799 1677 848 illius
1696 798 1813 849 Camera-

468 868 550 920 oousis
569 864 596 929 (1
618 862 732 926 1⁴25il:
753 868 952 926 ,Concordantia
971 872 1135 919 astronomiae
1153 887 1208 920 cum
1227 871 1360 936 theologia,
1379 873 1557 921 concordantia
1575 872 1739 920 astronomiae
1758 886 1815 920 cum

467 939 586 989 historica
612 940 768 993 narratione,
797 946 823 989 et
851 940 1008 989 elucidarium
1038 941 1137 989 duorum
1166 945 1391 1005 praecedentium.“
1429 944 1511 991 Editio
1539 944 1651 1006 princeps
1670 942 1706 990 his
1732 943 1815 991 finitur

467 1011 564 1062 verbis:
591 1010 675 1074 ,Opus
695 1012 884 1060 concordantiae
913 1014 1077 1061 astronomiae
1101 1028 1156 1061 cum
1183 1014 1308 1079 theologia
1326 1013 1370 1062 dzc.
1391 1015 1490 1077 explicit
1516 1013 1619 1062 feliciter
1639 1012 1672 1063 M.
1692 1013 1815 1063 lohanuis
1872 1042 1875 1052 ι

467 1081 558 1147 segeti
575 1083 620 1131 riri
638 1083 777 1146 peritissimi
797 1083 907 1147 diligenti
931 1085 1096 1140 correctione,
1116 1083 1267 1149 Erhardiqne
1286 1086 1390 1134 Ratdolt
1407 1087 1470 1135 mira
1497 1086 1649 1147 imprimendi
1669 1091 1739 1134 arte:
1768 1099 1817 1148 qna

466 1168 545 1217 nuper
562 1156 588 1204 iu
600 1155 712 1204 Venetiis
731 1169 797 1202 nnnc
809 1155 938 1218 Augustae
951 1155 1134 1205 vindelicorum
1153 1157 1251 1204 excellit
1268 1158 1482 1205 nominatissimus.
1505 1153 1528 1203 t.
1541 1155 1627 1204 Nonas
1644 1156 1703 1205 Jau.
1719 1154 1814 1204 stow

468 1225 625 1289 concaptus
644 1232 682 1274 est
700 1232 821 1275 tractatus
840 1225 871 1274 de
890 1226 1004 1274 concord.
1034 1233 1168 1275 astacum
1191 1228 1265 1276 theol.
1286 1242 1351 1276 anuo
1373 1225 1441 1276 ists
1467 1230 1508 1285 „in
1532 1228 1631 1276 civitate
1651 1226 1816 1284 Coloniensi,“
1851 1270 1854 1277 .

470 1304 593 1350 amissus
612 1298 731 1361 posterior
750 1297 901 1359 „completus
920 1299 944 1345 in
964 1299 1063 1346 civitate
1082 1298 1213 1347 Basiliensi
1232 1314 1255 1348 a
1277 1297 1353 1348 itit.
1374 1301 1464 1349 mensis
1482 1299 1543 1360 Maji
1563 1298 1602 1348 die
1621 1299 1745 1348 decima.“

559 1377 749 1439 eonjuncuones
768 1377 836 1426 Jovis
855 1385 881 1426 et
899 1376 999 1426 Satnmi
1021 1379 1088 1427 sarie
1117 1387 1290 1441 comparantur
1314 1396 1357 1444 per
1383 1388 1462 1429 totum
1481 1380 1547 1428 huuc
1565 1379 1652 1428 librum
1671 1386 1697 1427 et
1714 1380 1818 1429 multum

469 1452 571 1502 turham
595 1451 673 1498 rhum
699 1449 840 1513 religiosum
859 1450 889 1498 ob
908 1451 955 1497 rim
983 1450 1157 1515 astrologicam
1174 1452 1199 1498 in
1222 1467 1262 1501 res
1289 1452 1481 1501 ecclesiasticas.
1520 1450 1711 1506 ,Revolusionss
1731 1450 1817 1500 Satur·

468 1522 556 1573 uales“
576 1528 602 1570 et
621 1522 805 1582 conjunctiones
824 1521 897 1569 trium
915 1522 1065 1584 superiorum
1084 1536 1187 1586 magnos
1206 1521 1320 1573 habuisse
1344 1523 1447 1573 effectus
1465 1524 1490 1571 iu
1510 1524 1622 1572 civitates
1642 1529 1667 1570 et
1685 1522 1818 1573 ecclesiam

468 1594 610 1644 Romanam
637 1592 806 1641 indubitanter
833 1592 941 1669 alli'at
960 1591 1116 1649 Cardinalis,
1136 1600 1162 1642 et
1180 1596 1307 1643 recensitis
1326 1593 1360 1641 22
1381 1595 1552 1651 „scismatibns
1571 1593 1707 1643 ecclesiae¹⁴
1733 1595 1818 1643 addit:

456 1664 581 1725 ¹„nullum
609 1664 769 1712 scismatum
790 1664 831 1711 diu
858 1678 1026 1727 perseverasse
1054 1663 1160 1729 legitur,
1189 1680 1263 1728 qnam
1290 1680 1426 1729 praesens,
1454 1666 1518 1729 quod
1545 1667 1614 1728 pejus
1639 1671 1678 1713 est
1695 1672 1722 1715 et
1739 1666 1819 1730 magis

468 1736 611 1788 induratum
634 1735 742 1798 quolibet
768 1735 941 1798 praecedente.
980 1734 1018 1783 Ad
1037 1733 1109 1797 hujus
1137 1738 1367 1786 exterminationem
1394 1737 1534 1791 decretum,
1563 1735 1610 1785 hoc
1633 1750 1699 1785 anuo
1723 1750 1820 1785 sacmm

469 1807 601 1859 ooucilium
628 1806 828 1871 congregandum
856 1807 881 1855 in
909 1807 1009 1855 civitate
1029 1804 1232 1864 Constancieusi,
1260 1809 1300 1857 nbi
1328 1824 1369 1857 rex
1388 1809 1555 1857 Romanorum
1581 1813 1607 1856 et
1624 1806 1750 1873 Ungariae
1777 1823 1819 1857 rex

468 1880 581 1944 promisit
597 1878 742 1927 interesse.“
779 1875 831 1937 (De
849 1878 891 1936 iis,
921 1892 985 1941 quae
1011 1885 1097 1926 contra
1115 1878 1232 1927 Hussinm
1252 1879 1406 1929 constanciis
1432 1880 1570 1943 agebantur
1588 1885 1614 1926 et
1631 1886 1750 1943 quantum
1768 1880 1820 1941 ipse

468 1952 512 2002 hic
526 1949 663 2000 cardinalis
676 1949 814 1998 interfuerit
826 1949 861 1997 illi
874 1952 1014 1998 sententiae
1027 1957 1114 1998 contra
1126 1950 1252 2005 Euenum,
1271 1951 1386 2015 legantur
1397 1949 1527 2009 historici.)
1551 1950 1686 2014 Keplerum
1704 1958 1821 2001 wourate

470 2027 654 2087 perscrutatum
673 2035 727 2070 esse
745 2020 811 2069 hune
829 2020 916 2070 librum
936 2029 962 2070 et
980 2016 1043 2090 qisae
1061 2023 1106 2083 ipsi
1125 2022 1259 2085 placebant
1278 2024 1370 2086 passim
1388 2038 1460 2072 sunm
1479 2024 1504 2071 in
1522 2036 1593 2071 usum
1611 2024 1730 2085 vertisse,
1754 2038 1820 2073 com·

468 2099 589 2161 parantes
608 2094 733 2156 utriusque
751 2093 868 2155 scriptum
886 2092 1098 2155 deprehendimus.

561 2178 607 2244 to)
626 2198 650 2245 p.
672 2178 732 2229 7³2.
759 2182 915 2246 Georgius
934 2180 1109 2232 Eichlerns
1128 2183 1228 2242 (Pastor
1241 2181 1400 2244 Gorlicensis)
1419 2185 1459 2247 qni
1478 2196 1542 2232 auno
1557 2179 1633 2231 16117.
1649 2181 1822 2234 calendarium

470 2263 498 2308 et
517 2260 652 2304 motuum
671 2254 701 2303 de
720 2259 819 2302 cometa
836 2254 994 2316 conscripsit,
1022 2253 1144 2317 quaedam
1163 2255 1265 2317 Kepleri
1291 2256 1359 2304 dicta
1377 2270 1390 2304 e
1408 2255 1468 2304 libro
1492 2254 1523 2303 de
1544 2253 1624 2305 Stella
1641 2269 1706 2304 nora
1724 2255 1820 2305 desum·

470 2329 534 2379 sisse
552 2325 655 2375 ridetur.
694 2323 794 2384 Quare
812 2331 893 2373 motus
910 2325 1033 2389 Keplerns
1051 2326 1114 2375 haec
1133 2328 1156 2376 ei
1175 2327 1256 2375 dedit:

563 2400 743 2455 Dissimulare
764 2416 818 2451 non
838 2415 948 2467 possum
969 2399 1108 2469 geminam
1129 2416 1146 2453 a
1167 2407 1195 2453 te
1216 2401 1319 2454 factam
1345 2399 1410 2453 mihi
1439 2397 1576 2467 injuriam.
1616 2400 1687 2453 Nam
1707 2406 1736 2454 et
1756 2400 1822 2455 mihi

471 2481 582 2546 tribuis,
606 2497 676 2551 quae
697 2496 759 2532 mea
779 2497 832 2532 nou
854 2486 926 2541 sunt,
949 2487 978 2532 et
997 2496 1067 2549 quae
1087 2497 1149 2533 mea
1162 2486 1234 2543 sunt,
1257 2480 1417 2550 antiquitati
1433 2480 1574 2532 adscribis.
1603 2480 1821 2550 Egone-scripsi,

472 2563 596 2620 cometas
618 2563 669 2615 sub
689 2561 796 2613 Lunam
823 2561 1004 2613 detrudendos
1026 2572 1055 2613 et
1081 2561 1226 2614 mutationi
1254 2561 1459 2628 subjiciendos?
1493 2562 1572 2632 Rogo
1600 2561 1732 2631 paginam
1759 2561 1822 2615 libri

424 2647 426 2652 “
472 2649 508 2700 de
522 2642 621 2698 Stella.
645 2643 716 2696 Nam
731 2657 791 2710 cap.
807 2640 852 2695 23.
868 2640 914 2693 fol.
934 2640 987 2693 115
1007 2644 1082 2708 (695)
1102 2642 1190 2694 habes
1210 2642 1375 2695 contrariam
1389 2657 1478 2694 meam
1496 2641 1677 2695 senteutiam:
1700 2648 1821 2695 cometas

473 2724 606 2793 trajicere
626 2738 678 2792 per
702 2738 794 2775 omnes
823 2720 971 2789 sphaeras,
1000 2729 1029 2775 et
1056 2724 1171 2775 eundem
1196 2729 1329 2775 cometam
1354 2738 1435 2791 posse
1457 2740 1494 2773 ex
1522 2722 1636 2775 aethere
1657 2739 1707 2790 per
1726 2722 1822 2776 Lunae

475 2806 625 2876 sphaeram
645 2819 752 2855 rursum
774 2801 800 2854 in
821 2802 964 2855 aetherem
985 2801 1058 2856 ferri.
1100 2803 1198 2872 ltaque
1219 2802 1346 2871 proxima
1371 2793 1513 2855 occasione
1535 2808 1668 2871 exspecto
1690 2819 1708 2856 a
1727 2809 1769 2867 te,
1791 2810 1824 2858 ut

475 2883 624 2941 convincas
645 2900 697 2947 me,
718 2882 775 2936 ista
795 2882 889 2944 verba,
912 2897 983 2951 quae
1004 2882 1070 2935 mihi
1091 2883 1197 2946 tribuis,
1220 2901 1281 2937 esse
1302 2899 1372 2936 mea.

564 2964 680 3026 Deinde,
696 2979 766 3033 quae
781 2968 812 3015 tu
830 2962 961 3015 adscribis
983 2962 1151 3032 antiquitati,
1171 2980 1234 3016 mea
1254 2969 1326 3026 suut,
1351 2965 1477 3015 desumto
1496 2979 1574 3032 exp.
1591 2962 1646 3018 189
1664 2966 1740 3030 (7³2)
1760 2962 1825 3018 libri

474 3046 537 3112 mei,
553 3045 607 3099 etsi
621 3043 743 3097 nonnihil
758 3045 919 3111 depravata,
936 3042 1006 3096 forte
1022 3043 1085 3113 quia
1100 3060 1196 3098 sensus
1218 3045 1362 3098 verborum
1376 3042 1426 3095 tihi
1440 3061 1494 3095 uon
1509 3051 1670 3113 perspectus
1686 3043 1746 3106 fuit,
1762 3061 1824 3098 nam

475 3132 510 3184 de
531 3124 668 3179 industria
688 3126 832 3177 obscurum
852 3124 979 3176 volebam
1001 3141 1071 3176 esse.
1107 3124 1160 3176 Hic
1181 3124 1272 3178 nescio
1294 3125 1467 3193 antiquorum
1488 3125 1692 3195 astrologorum
1713 3140 1825 3177 causam

473 3225 561 3281 agam
590 3211 688 3260 contra
713 3210 760 3269 te,
790 3220 825 3257 an
851 3204 903 3257 tibi
930 3203 1037 3274 gratias
1060 3221 1170 3274 agam,
1201 3205 1247 3274 qui
1272 3222 1334 3258 mea
1362 3205 1449 3263 verba
1478 3203 1620 3259 honorasti
1652 3204 1825 3274 antiquitatis

473 3286 681 3346 existimatione
711 3285 743 3338 iis
774 3284 930 3338 conciliata.
979 3284 1032 3337 Sed
1062 3284 1204 3339 consilium
1234 3302 1322 3339 meum
1350 3293 1379 3338 et
1405 3301 1513 3338 sensum
1543 3285 1651 3339 illorum
1681 3286 1823 3338 verborum

473 3368 633 3440 explicabo.
673 3366 736 3437 Ego
758 3365 858 3428 studui,
880 3372 912 3418 ut
932 3364 1042 3435 trigono
1064 3365 1146 3436 igneo
1173 3366 1331 3429 tribuerem,
1354 3382 1424 3435 quae
1443 3364 1562 3418 maxime
1583 3371 1676 3419 essent
1696 3364 1826 3434 vulgaria

474 3458 506 3506 et
526 3447 651 3503 omnibus
680 3452 763 3509 uota,
794 3445 900 3500 scilicet
924 3444 1008 3498 risum
1041 3446 1151 3516 captavi
1181 3445 1300 3501 lectoris.
1340 3445 1447 3500 Deinde
1477 3447 1529 3499 sub
1556 3446 1626 3499 risus
1650 3444 1826 3514 jucunditate

472 3529 554 3586 volui
581 3529 719 3581 occultare
745 3527 896 3580 salutarem
925 3526 1154 3589 admonitionem,
1185 3544 1255 3597 quae
1276 3528 1421 3597 prodesset
1450 3525 1637 3595 reipublicae,
1660 3542 1741 3595 quam
1762 3524 1826 3578 mihi

437 3673 442 3684 ,
473 3630 531 3669 non
552 3608 630 3663 licuit
648 3608 774 3677 apertius
796 3606 932 3677 prolerre,
955 3606 1055 3676 quippe
1077 3607 1122 3676 qui
1143 3607 1244 3661 hocin
1265 3609 1324 3660 loco
1346 3606 1512 3659 constitutus
1533 3623 1607 3669 sum,
1630 3606 1677 3659 ubi
1698 3605 1827 3659 cautione

474 3708 548 3764 opus
569 3696 620 3743 est.
662 3686 810 3759 Agnovisti
831 3686 876 3739 hic
896 3695 1017 3740 erratum
1039 3687 1279 3759 typographicam,
1301 3687 1420 3739 motibus
1440 3703 1492 3755 pro
1513 3688 1639 3748 moribus,
1662 3693 1745 3741 recte.
1778 3687 1827 3749 „ln

474 3769 636 3833 Germania,
659 3769 724 3832 dixi,
747 3775 776 3821 et
797 3767 864 3820 alibi
885 3769 1128 3822 exacerbabuntur
1153 3768 1235 3821 animi
1260 3766 1349 3836 magis
1371 3764 1549 3836 magisquo“:
1576 3771 1646 3835 puta
1666 3766 1693 3819 in
1713 3766 1826 3836 negotio

472 3850 630 3922 religionis.
675 3850 752 3912 ,Quo
773 3848 861 3918 magis
889 3849 1095 3911 convalescent,
1118 3848 1163 3917 qui
1185 3846 1377 3917 antiquitatem
1398 3846 1585 3909 defendunt“;
1607 3846 1632 3898 id
1650 3853 1701 3909 est,
1724 3854 1827 3916 quanto

472 3930 649 4007 potentiores
669 3930 817 3982 reddentur
830 3927 972 3998 Papistae,
995 3929 1039 3996 qui
1054 3929 1189 3981 hactenus
1210 3929 1321 3980 luerunt
1341 3925 1496 3987 debiliores
1518 3944 1599 3995 quam
1620 3934 1652 3979 ut
1671 3927 1827 3980 haereticos

467 4017 606 4070 evertere
627 4016 747 4081 possent,
773 4010 841 4072 ,hoc
862 4008 974 4077 propius
996 4009 1116 4070 coibunt,
1139 4009 1184 4078 qui
1206 4007 1380 4061 libertatem“
1405 4005 1510 4059 scilicet
1531 4009 1698 4070 defendunt;
1727 4007 1753 4059 id
1774 4013 1826 4069 est,

472 4098 532 4152 hoe
559 4091 649 4161 magis
679 4090 849 4143 concordiam
880 4089 951 4141 inter
973 4105 1002 4141 se
1028 4089 1172 4142 stabilient
1191 4086 1357 4151 Reformati,
1389 4103 1486 4156 nempe
1513 4087 1557 4157 qui
1586 4088 1744 4141 libertatem
1764 4105 1827 4140 cou-

473 4171 614 4232 scientiae
635 4172 827 4241 praetendunt.
859 4169 913 4231 „Et
928 4186 980 4238 quo
1001 4169 1174 4238 prosperiore
1196 4170 1223 4223 hi
1238 4176 1351 4222 utentur
1373 4167 1511 4230 fortunal,
1534 4168 1625 4230 idest,
1649 4168 1671 4220 si
1686 4166 1829 4222 reformati

472 4253 671 4313 liberabuntur
691 4259 766 4305 metu
787 4249 1000 4319 pontificiorum,
1035 4249 1103 4312 „hoc
1124 4250 1250 4303 acerbius
1271 4248 1386 4303 invicem
1411 4247 1601 4311 mordebunt‘,
1633 4249 1740 4313 idest,
1763 4256 1829 4302 tunc

473 4339 512 4392 de
534 4349 605 4387 novo
626 4331 811 4403 indulgebant
830 4329 947 4384 dissidiis
969 4329 1068 4384 mutuis
1083 4329 1237 4384 Lutherani
1258 4336 1287 4383 et
1302 4328 1481 4392 Calr'mistae,
1506 4337 1770 4399 ,consumentnrque
1792 4330 1828 4383 ab

473 4412 611 4474 inuicem¹⁴
635 4412 743 4476 idest,
774 4430 804 4464 se
832 4417 925 4464 mutuo
956 4411 1007 4480 ipsi
1036 4410 1197 4475 conficient,
1229 4419 1260 4465 ut
1288 4416 1388 4481 postea
1418 4415 1497 4463 tanto
1527 4410 1623 4463 melius
1646 4426 1663 4462 a
1683 4407 1828 4478 pontificiis

472 4496 634 4551 vincantur.

569 4573 665 4628 Habes
686 4570 899 4642 explicationem
913 4570 966 4624 loci
985 4569 1102 4625 obscuri.
1130 4571 1203 4624 Vale
1218 4576 1247 4624 et
1260 4570 1295 4624 D.
1312 4570 1466 4624 scultetum
1480 4575 1509 4622 et
1523 4568 1678 4623 Bittnerum
1699 4575 1828 4639 tuumque

474 4655 567 4714 fllium
587 4672 625 4708 ex
644 4671 686 4707 me
708 4654 810 4708 saluta.
852 4653 898 4706 24.
920 4653 984 4705 Jau.
1009 4652 1095 4707 1608.

570 4746 616 4808 tt)
635 4765 659 4814 p.
680 4745 740 4796 stt.
777 4748 900 4799 Desumta
917 4755 976 4797 sunt
997 4748 1061 4798 haec
1083 4748 1160 4797 rerba
1178 4754 1204 4797 et
1222 4761 1239 4797 a
1256 4746 1364 4810 Keplero
1382 4747 1408 4796 iu
1427 4746 1544 4795 Latinam
1572 4759 1643 4795 versa
1669 4746 1780 4811 linguam
1800 4761 1830 4796 ex

475 4821 563 4877 libello
580 4820 853 4871 Roesliu'sGermauica
872 4822 1008 4882 conscripto
1026 4820 1119 4883 lingua,
1139 4834 1212 4883 quem
1226 4820 1365 4882 inscripsit:
1388 4817 1525 4875 „iudicium
1540 4816 1599 4865 oder
1611 4817 1762 4868 Bedenclen
1775 4833 1829 4867 som

474 4895 577 4949 lieven
595 4891 685 4942 Stern“
706 4889 750 4940 dte.
771 4891 868 4955 (Comp.
887 4890 944 4940 Vol.
963 4891 984 4947 1,
1003 4907 1026 4954 p.
1047 4887 1119 4952 497.)
1138 4889 1248 4939 Roesliui
1269 4890 1418 4951 „judicium“
1437 4888 1545 4951 Keploro
1568 4890 1738 4937 transmissum
1758 4895 1830 4939 esta

476 4965 565 5026 Nobili
582 4964 702 5029 quodam,
728 4964 825 5013 lortea
874 4963 957 5018 odem,
988 4961 1020 5010 sd
1038 4977 1110 5026 quem
1127 4962 1258 5010 Roeslinns
1285 4962 1415 5023 epistolam
1440 4958 1570 5023 (epistolae
1590 4960 1654 5008 enim
1673 4960 1752 5009 forma
1769 4976 1829 5009 con-

477 5039 600 5101 scriptum
628 5042 666 5084 est
684 5034 796 5084 Roeslini
823 5068 837 5091 „
872 5034 988 5094 dicinm“,
1009 5040 1042 5090 et,
1064 5036 1129 5082 sicut
1157 5033 1204 5082 alio
1228 5033 1281 5083 loco
1307 5034 1379 5089 dicit,
1405 5033 1456 5096 ipso
1477 5032 1555 5079 inscio
1582 5032 1645 5094 typis
1672 5028 1829 5093 mandatum)

478 5109 596 5161 dederat.
631 5106 769 5169 Respondit
786 5106 909 5169 Keplerns
927 5106 993 5156 huuc
1011 5106 1037 5154 iu
1054 5105 1169 5154 modurn:

573 5181 777 5252 Wolgeborner
797 5180 932 5250 freyherr,
955 5178 1096 5250 Gnitdiger
1116 5180 1196 5235 Herr.
1236 5178 1269 5232 Ε.
1292 5178 1325 5231 G.
1351 5176 1427 5231 seind
1455 5176 1525 5231 mein
1553 5176 1717 5249 gehorsasuc
1745 5175 1829 5231 hoch-
