4584 6192
466 607 533 674 278
962 603 1133 653 &nonomine
1152 601 1214 652 Pars
1233 602 1332 667 Optica

469 786 614 868 sequitur.
653 786 734 862 Ergo
754 782 884 845 latitudo
899 800 951 842 seu
967 787 1159 857 augmentum
1174 777 1301 840 lucentis
1317 796 1408 840 cornu
1423 779 1485 840 iere
1500 779 1626 858 quidem,
1650 787 1828 842 nontamen

471 876 640 938 omnimode
659 871 823 951 respondet
841 869 988 948 digressui
1004 868 1109 929 Lunae
1125 890 1144 929 a
1157 868 1239 930 Sole.
1277 866 1464 929 Reinholdus
1481 867 1680 931 differentiam
1700 870 1730 930 iu
1750 887 1829 948 qua-

472 964 615 1038 draturis,
631 961 680 1024 ubi
701 960 831 1022 maxima
846 967 901 1030 est,
923 956 1056 1018 ostendit
1075 976 1143 1018 esse
1161 957 1306 1035 graduum
1320 957 1409 1017 trium
1430 956 1556 1018 semisse
1570 957 1638 1038 plus
1652 957 1702 1018 vel
1718 958 1828 1019 minus.

562 1050 650 1121 Quod
674 1049 700 1110 si
724 1067 827 1108 omnes
859 1045 1045 1107 subtilitates
1080 1046 1155 1107 libet
1187 1044 1372 1119 consectari,
1406 1044 1486 1105 aliud
1519 1046 1612 1107 etiam
1645 1046 1734 1107 deest
1762 1045 1831 1107 huic

473 1140 578 1214 modo,
611 1155 716 1216 nempe
745 1156 811 1198 curn
834 1133 890 1195 FG
923 1134 1049 1195 circulus
1081 1133 1309 1195 illuminationis
1332 1152 1391 1194 non
1423 1151 1514 1211 saepe
1538 1133 1580 1196 sit
1611 1135 1749 1214 aequalis
1772 1135 1831 1196 KL

474 1228 586 1290 circulo
601 1225 734 1298 visionis,
750 1224 803 1284 sed
822 1223 994 1302 plerumque
1009 1222 1113 1297 minor,
1138 1241 1209 1301 ergo
1229 1222 1306 1283 hauc
1330 1241 1446 1302 quoque
1467 1222 1505 1282 ob
1527 1241 1648 1286 causam
1672 1225 1831 1304 proportio

473 1316 552 1378 inter
576 1321 765 1392 angmentum
783 1311 878 1390 partis
903 1311 1029 1372 lucentis
1045 1321 1076 1372 et
1095 1311 1261 1371 discessum
1277 1311 1380 1371 Lunae
1396 1331 1414 1370 a
1428 1308 1500 1370 Sole
1524 1312 1658 1373 nonnihil
1678 1312 1830 1374 turbatur.

561 1403 630 1464 Etsi
654 1421 723 1462 vero
749 1400 820 1460 nilril
844 1399 1015 1460 turbaretur
1037 1400 1191 1479 proportio
1215 1417 1310 1478 neque
1330 1399 1368 1460 ab
1388 1399 1446 1459 hac
1469 1417 1563 1478 neque
1587 1400 1626 1462 ab
1648 1402 1703 1463 illa
1726 1420 1830 1475 causa,

474 1512 532 1554 non
556 1502 656 1551 tamen
681 1491 747 1550 ideo
771 1488 853 1549 visus
872 1487 950 1550 citra
973 1507 1103 1550 errorem
1124 1488 1166 1548 sit
1189 1487 1316 1560 iuturus,
1340 1488 1366 1547 si
1386 1507 1424 1547 ex
1447 1487 1644 1551 dodrantibus
1667 1490 1832 1552 semunciis

473 1580 642 1642 latitudiuis
665 1596 756 1638 cornu
780 1576 909 1638 lucentis
933 1576 998 1637 dies
1023 1578 1134 1637 aetatis
1158 1577 1263 1637 Lunae
1288 1595 1340 1636 seu
1363 1575 1580 1654 digressionem
1603 1598 1623 1639 a
1645 1577 1719 1641 Sole
1744 1597 1832 1639 scru-

473 1669 579 1749 pulose
599 1667 674 1728 velit
695 1666 847 1745 colligere.
885 1664 982 1744 Digiti
1001 1666 1079 1726 enim
1094 1665 1153 1726 etsi
1176 1665 1256 1725 intra
1278 1663 1422 1725 terminos
1445 1664 1569 1725 visionis
1588 1685 1657 1727 sese
1681 1666 1833 1745 recipiant

472 1756 654 1836 aequaliter,
689 1772 745 1833 quo
772 1753 928 1832 propiores
960 1760 1062 1814 tamen
1086 1761 1156 1814 sunt
1180 1752 1290 1812 circulo
1314 1751 1446 1825 visionis,
1472 1752 1528 1814 hoc
1552 1765 1702 1833 apparent
1731 1774 1830 1834 angu-

472 1844 593 1918 stiores,
619 1861 676 1923 quo
697 1842 793 1919 magis
818 1840 1058 1921 appropinquant
1072 1849 1175 1902 centro
1195 1841 1271 1900 disci
1285 1840 1423 1912 Lnnaris,
1444 1841 1500 1901 hoc
1521 1841 1644 1904 latiores
1669 1852 1830 1924 apparent.

475 1931 570 2011 Cujus
593 1932 636 1994 rei
661 1930 879 1991 demonstratio
902 1930 1115 2009 propemodum
1140 1928 1244 1989 eadem
1265 1936 1312 1989 est
1329 1948 1396 1989 curn
1420 1928 1482 2001 illa,
1509 1949 1584 2009 quae
1609 1933 1755 2004 ostendit,
1779 1952 1832 1993 cur

471 2022 634 2082 subtensae
666 2019 794 2080 arcubus
822 2017 925 2079 circuli
949 2036 1007 2079 nou
1036 2018 1110 2078 liant
1137 2017 1391 2097 proportionales,
1422 2018 1475 2079 sed
1500 2036 1557 2097 quo
1586 2021 1718 2083 minores
1741 2039 1832 2082 arcus

473 2110 530 2170 hoc
553 2108 615 2170 siut
638 2108 699 2169 illis
731 2107 894 2167 subtensae
926 2106 1131 2185 aequaliores:
1167 2114 1288 2167 etcum
1312 2105 1340 2165 iu
1364 2106 1509 2185 principio
1543 2109 1717 2186 quadrantis
1742 2104 1831 2172 2909

473 2198 639 2277 particulae
663 2195 803 2257 diametri
827 2194 972 2255 minutum
995 2213 1084 2255 unum
1107 2194 1232 2263 addant,
1256 2194 1286 2254 iu
1310 2194 1367 2255 fine
1390 2195 1518 2255 totidem
1540 2197 1696 2274 particulis
1720 2198 1831 2276 integri

476 2284 535 2348 13⁰
557 2283 611 2347 51¹
634 2285 848 2363 respondeant.
894 2283 1011 2361 Nempe
1040 2291 1135 2344 totum
1160 2284 1264 2344 Lunae
1293 2282 1479 2361 aspectabile
1503 2282 1772 2364 hemisphaerium,
1796 2295 1831 2346 ut

474 2392 565 2453 supra
579 2392 617 2434 ex
630 2373 682 2435 lib.
701 2372 758 2434 IV.
778 2390 823 2450 pr.
845 2367 897 2433 tt.
914 2370 1088 2432 Vitellianis
1104 2370 1284 2454 dixeramus,
1309 2380 1437 2449 apparet
1451 2372 1592 2449 planum3
1615 2375 1742 2453 proinde
1760 2374 1829 2455 qui-

474 2462 549 2524 libet
573 2461 638 2541 ejus
663 2460 866 2522 semicirculus
884 2478 939 2538 per
958 2459 1058 2539 polum
1083 2459 1293 2540 hemisphaerii
1317 2459 1444 2520 visibilis
1465 2461 1573 2521 ductus
1596 2473 1727 2542 apparet
1749 2464 1831 2526 linea

472 2559 566 2626 recta,
591 2550 669 2611 uude
694 2550 728 2609 fit
751 2556 784 2609 ut
807 2557 911 2626 partes
935 2548 1035 2609 circuli
1064 2548 1202 2627 partibus
1225 2557 1327 2609 rectae
1355 2549 1574 2627 respondeant,
1597 2560 1629 2610 et
1652 2553 1833 2632 aequalibus

473 2639 560 2700 unius
583 2646 685 2699 rectae
708 2637 883 2716 inaequales
907 2656 1011 2706 arcus,
1043 2636 1169 2698 latiores
1194 2637 1242 2717 qni
1265 2637 1342 2697 visui
1368 2637 1482 2698 directe
1506 2637 1701 2716 objiciuntur,
1736 2642 1832 2703 exiles

475 2727 576 2807 quiin
601 2725 730 2788 declivia
753 2725 834 2804 globi
859 2745 963 2787 versus
986 2725 1111 2786 visionis
1136 2726 1291 2786 terminum
1316 2744 1383 2785 sese
1407 2725 1585 2789 subducunt.

561 2816 647 2876 Haec
675 2814 751 2875 adeo
784 2833 877 2874 causa
907 2821 968 2886 est,
1003 2833 1055 2875 cur
1086 2814 1183 2893 prima
1214 2813 1367 2875 nascentis
1391 2814 1495 2876 Lunae
1527 2815 1714 2877 incrementa
1741 2819 1832 2878 valde

476 2905 562 2966 tarde
595 2910 764 2983 appareant
787 2911 818 2963 et
849 2903 955 2963 ultima
987 2902 1196 2964 evanescentis
1230 2904 1437 2977 decrementa,
1473 2912 1506 2964 at
1529 2904 1578 2965 ubi
1601 2904 1691 2966 Luna
1723 2906 1831 2967 dicho-

476 3001 583 3068 tomos,
608 3012 645 3054 ex
670 2991 806 3071 diligenti
831 3001 956 3071 aspectu
979 2992 1122 3053 sectionis
1145 2991 1233 3053 iaciei
1259 2992 1363 3053 Lunae
1391 2992 1472 3054 iutra
1495 3012 1608 3073 paucas
1633 2994 1724 3055 horas
1744 2996 1831 3074 judi-

475 3082 552 3144 cium
577 3083 612 3144 de
636 3100 709 3143 vera
733 3081 916 3158 quadratura
940 3080 1017 3142 ferre
1042 3080 1152 3159 possis.

562 3174 652 3233 Auuo
679 3165 763 3231 1602
796 3168 843 3229 die
871 3169 919 3231 11.
951 3166 1003 3231 21.
1029 3170 1207 3230 Decembris
1230 3167 1357 3246 vesperi,
1383 3188 1449 3230 cum
1479 3189 1537 3229 nou
1567 3170 1768 3249 respexissem
1794 3174 1833 3233 ad

474 3261 578 3322 horam
603 3260 805 3337 quadraturae
829 3258 953 3332 Lunae,
983 3258 1141 3319 videbatur
1169 3258 1241 3318 milri
1264 3257 1353 3317 Luna
1383 3258 1479 3319 adhuc
1503 3278 1580 3320 cava
1607 3260 1684 3320 hora
1708 3260 1834 3321 dimidia

475 3357 564 3409 sexta
586 3358 657 3427 post
680 3346 843 3409 meridiem.
881 3347 977 3427 Atqui
997 3347 1061 3425 jam
1085 3347 1123 3407 ad
1147 3347 1305 3409 terminum
1324 3353 1559 3428 τηςδιχοτομιας
1581 3357 1718 3410 venerat.
1751 3350 1831 3411 Nam

475 3437 528 3498 Sol
552 3437 698 3497 haerebat
721 3434 749 3494 in
774 3430 835 3498 29⁰
858 3433 912 3498 30‘
936 3443 974 3510 f,
1000 3435 1087 3496 Luna
1115 3435 1188 3496 iride
1217 3434 1331 3496 vestita
1359 3445 1503 3514 angusta,
1534 3444 1567 3498 ut
1589 3437 1667 3498 hauc
1696 3437 1778 3499 iuter
1801 3447 1834 3500 et

473 3526 639 3603 marginem
672 3526 776 3585 Lunae
809 3533 914 3603 posset
946 3524 1095 3585 diameter
1125 3524 1229 3585 Lunae
1263 3524 1426 3599 interesse,
1462 3526 1646 3587 transiverat
1678 3527 1831 3588 stellulam

476 3614 627 3694 quandam
650 3614 679 3674 iu
713 3614 943 3674 constellatione
966 3609 1118 3688 Piscis,*)
1153 3613 1196 3673 sic
1220 3621 1254 3674 ut
1282 3614 1356 3674 haec
1381 3614 1411 3674 in
1444 3614 1518 3674 iride
1543 3615 1647 3675 Lunae
1678 3614 1832 3678 haereret.

563 3758 588 3824 ⁸)
610 3760 683 3812 Dum
697 3758 812 3828 inquiro,
828 3771 963 3827 quaenam
979 3756 1050 3809 haec
1064 3757 1149 3811 stella
1162 3756 1254 3819 fuerit,
1274 3757 1379 3810 nullam
1393 3757 1445 3810 hoc
1458 3758 1519 3810 loco
1534 3757 1650 3826 reperio,
1667 3759 1835 3826 praesertim

473 3848 570 3896 tantae
584 3838 789 3910 magnitudinis,
806 3845 838 3891 ut
852 3837 940 3905 juxta
953 3836 1059 3890 Lunam
1079 3836 1215 3890 dividuam
1237 3836 1310 3890 cerni
1331 3837 1428 3905 possit.
1463 3838 1506 3890 De
1529 3837 1724 3891 observatione
1739 3846 1835 3893 tamen

473 3923 622 3977 etiamnum
643 3918 793 3973 certissime
816 3921 935 3971 constat.
978 3920 1057 3970 Anne
1078 3917 1166 3988 igitur
1186 3918 1238 3970 hoc
1259 3933 1358 3970 novum
1380 3918 1491 3988 aliquod
1511 3918 1745 3986 phaenomenou?

563 4008 636 4058 Hanc
663 4006 810 4069 hypothesin
839 4017 960 4055 excusans
995 4003 1063 4053 addit
1089 4004 1213 4067 Keplerus
1237 4006 1263 4051 iu
1291 4004 1444 4067 appendice:
1464 3999 1544 4051 Hanc
1563 3997 1625 4050 novi
1646 3999 1834 4067 phaenomeni

475 4082 657 4152 suspicionem
678 4097 733 4133 non
755 4086 857 4133 temere
879 4083 929 4130 aut
951 4076 1009 4129 sine
1033 4078 1168 4147 exemplis
1189 4094 1293 4130 moveo.
1335 4077 1452 4130 Videtur
1472 4077 1544 4130 enim
1564 4095 1619 4131 non
1640 4080 1710 4131 adeo
1731 4096 1834 4141 rarum,

473 4172 505 4217 ut
535 4169 656 4215 cometas
678 4161 717 4213 sic
748 4161 845 4213 stellas
876 4173 983 4227 quoque
1014 4157 1178 4229 peregrinas
1198 4157 1293 4213 videri.
1334 4157 1412 4210 Misit
1441 4158 1553 4210 David
1579 4158 1766 4211 Fabricius
1800 4162 1835 4213 ad

473 4242 613 4297 Brahcum
633 4240 842 4294 observationes
865 4239 997 4308 quasdam
1017 4236 1045 4290 in
1066 4237 1155 4290 Frisia
1174 4238 1301 4300 habitas,
1328 4238 1464 4290 dimensus
1485 4237 1614 4291 Mercurii
1635 4238 1797 4292 distantiam
1819 4256 1837 4293 a

474 4323 551 4375 clara
572 4322 689 4390 quadam
712 4321 831 4384 inccta,
855 4334 926 4390 quae
946 4335 998 4370 uec
1019 4334 1037 4370 a
1050 4317 1176 4370 Fabricio
1197 4318 1290 4386 potuit
1310 4317 1425 4370 inveniri
1446 4318 1563 4387 amplius
1585 4335 1636 4370 nec
1656 4333 1675 4371 a
1695 4335 1835 4389 quoquam

474 4402 540 4457 alio.
573 4401 619 4455 Sic
639 4400 705 4456 olim
724 4402 741 4455 J
747 4406 849 4454 ustus
871 4396 1046 4468 amics,
1068 4397 1239 4469 Landgravii
1254 4403 1495 4466 automatopaeus,
1516 4415 1576 4450 cum
1590 4399 1705 4468 globum
1727 4399 1835 4451 coeles·

475 4490 530 4539 tem
552 4482 691 4552 sculperet
720 4482 811 4535 stellis
838 4479 901 4533 lixis
927 4477 1063 4547 insignem
1088 4494 1204 4548 eumque
1225 4495 1286 4531 cum
1312 4479 1388 4530 coelo
1409 4477 1469 4546 ipso
1496 4479 1648 4542 conferret,
1670 4477 1698 4531 in
1718 4478 1836 4532 Antinoi

475 4563 565 4618 sidere
587 4562 708 4633 aliquam
728 4560 833 4630 reperit
853 4575 871 4613 a
891 4560 1051 4613 Ptolemaeo
1081 4558 1271 4627 praeteritam.
1312 4558 1355 4611 De
1377 4573 1412 4610 ea
1431 4574 1510 4621 vero,
1537 4574 1608 4627 quae
1634 4557 1715 4611 hodie
1741 4559 1837 4629 fulget

475 4644 502 4698 in
523 4650 636 4713 pectore
657 4643 747 4712 Cygni
775 4648 935 4694 constanter
961 4638 1096 4701 affirmat,
1119 4656 1173 4692 non
1193 4638 1280 4691 visam
1301 4656 1334 4691 eo
1362 4643 1485 4706 tempore
1506 4655 1559 4707 quo
1580 4638 1640 4707 ipse
1661 4654 1721 4691 curn
1742 4638 1836 4692 Laud·

475 4722 617 4797 gravianis
646 4720 824 4791 descriptioni
853 4719 936 4789 hans
967 4719 1063 4772 sideris
1094 4718 1273 4773 incumberet.
1316 4719 1389 4773 Sane
1416 4718 1457 4771 uti
1483 4733 1544 4771 eam
1573 4735 1663 4789 neque
1684 4718 1836 4789 Tyohonici

475 4808 609 4856 notarunt
631 4800 799 4869 (sexcenties
821 4801 926 4854 iterata
945 4799 1082 4853 mentione
1104 4799 1221 4868 simplici
1236 4797 1297 4866 ejus
1313 4814 1383 4869 quae
1399 4798 1426 4850 in
1444 4804 1558 4869 pectore
1574 4797 1664 4870 Cygni
1679 4798 1835 4868 antiquitus

476 4889 521 4936 est
539 4882 615 4947 visa,
643 4881 722 4952 quasi
743 4887 819 4935 esset
844 4880 983 4944 solitaria,
1006 4895 1066 4932 cum
1087 4879 1158 4931 haec
1179 4895 1251 4932 nova
1271 4878 1309 4932 sit
1329 4878 1369 4930 illi
1394 4877 1521 4946 proxima
1541 4885 1572 4931 et
1591 4879 1652 4931 loco
1674 4884 1704 4932 et
1725 4878 1834 4950 magni·

478 4959 600 5028 tudine),
631 4978 720 5032 neque
740 4962 918 5015 Ptolemaeus
939 4967 970 5015 et
991 4960 1083 5014 Geber
1110 4958 1138 5011 in
1166 4957 1349 5029 descriptione
1377 4958 1440 5012 viae
1466 4960 1576 5012 lacteae
1605 4957 1833 5019 accuratissima:

477 5059 538 5096 cum
557 5044 628 5096 haec
650 5050 742 5096 tamen
763 5058 836 5096 nova
856 5043 891 5095 ad
912 5037 973 5108 ejus
994 5038 1146 5109 marginem
1166 5039 1228 5092 loco
1250 5038 1401 5091 collocetur
1420 5037 1631 5092 evidentissimo.

567 5120 638 5171 Haec
656 5119 787 5182 Kepleme.
818 5118 897 5168 Stella
915 5117 1021 5167 Fabricii
1039 5122 1129 5172 estes,
1149 5129 1223 5180 quam
1240 5115 1314 5165 hodie
1331 5123 1423 5166 vocant
1440 5117 1574 5166 oeconomi
1593 5115 1672 5175 ,mira
1685 5114 1767 5165 Ceti“.
1794 5115 1835 5166 De

477 5190 525 5242 hac
545 5196 620 5255 atquo
639 5189 690 5241 alia
707 5192 732 5239 in
753 5190 839 5256 cygno
857 5190 913 5239 ride
930 5188 1019 5238 librum
1035 5186 1138 5251 Keplsri
1158 5188 1189 5238 de
1207 5185 1286 5237 Stella
1302 5184 1382 5237 Nova
