4584 6192
546 616 608 685 1ῗο
1009 617 1203 698 ‘Paralipomana
1220 626 1245 674 in
1265 624 1433 674 Vitellloncm.

600 801 652 865 rig.
673 799 715 848 5⁴·
784 799 861 861 oculi
894 799 1096 880 profunditas.
1144 802 1284 879 Igitnra
1313 799 1448 862 terminis
1471 802 1552 878 aad
1581 808 1763 881 spargantur
1785 824 1830 880 ay,
1854 802 1901 879 dd,

661 922 682 958 ,φ
791 888 982 950 inclinatione
1006 890 1129 963 minori;
1154 912 1199 962 aa,
1224 887 1263 966 βζ
1283 889 1406 969 majori:
1437 897 1615 951 concurrent
1641 908 1713 970 ergo
1742 914 1788 969 γα,
1811 893 1850 968 dd
1873 891 1902 952 in

661 985 672 1066 l
789 977 1006 1052 drenrotiori‚
1040 1002 1075 1040 aa
1098 998 1169 1040 vero
1194 987 1225 1039 et
1248 977 1283 1056 ζθ
1309 979 1381 1054 inq
1412 978 1541 1057 propiori
1577 979 1669 1039 fonte.
1717 977 1795 1040 Cum
1824 980 1902 1042 enim

657 1060 674 1108 ’τ
790 1072 851 1145 arrd,
874 1067 925 1144 βόγ
947 1066 1105 1128 interiores
1128 1067 1257 1146 majores
1282 1067 1343 1128 sint
1368 1085 1455 1147 quam
1474 1064 1535 1139 ατζ,
1549 1064 1601 1144 dia
1624 1067 1802 1143 exteriores,
1827 1068 1902 1131 snb·

649 1147 680 1232 i'.
790 1155 880 1215 tracti
904 1175 923 1214 a
945 1156 1059 1216 duobus
1083 1157 1175 1217 rectis
1200 1155 1249 1227 (Ε.
1266 1156 1290 1223 Ι,
1311 1152 1367 1227 32)
1393 1156 1559 1235 relinquent
1582 1155 1643 1216 illic
1666 1160 1724 1235 ydd
1747 1156 1901 1231 minorem,

644 1237 650 1312 l
678 1255 683 1316 ζ
790 1242 838 1304 hic
861 1240 914 1318 τηζ
940 1246 1091 1324 majorem.
1138 1243 1241 1316 Quare
1265 1244 1316 1318 (E.
1341 1244 1366 1318 l,
1391 1242 1449 1315 21)
1482 1251 1659 1306 concurrent
1690 1266 1741 1322 yn,
1764 1247 1803 1321 dli
1825 1245 1904 1307 ind

637 1317 646 1412 ,¹
682 1335 685 1368 r
790 1332 954 1404 remotiori,
988 1341 1019 1393 et
1051 1334 1146 1412 major
1178 1334 1235 1395 erit
1258 1338 1304 1393 αθ
1336 1333 1384 1392 rel
1407 1334 1452 1409 βθ
1481 1351 1569 1412 quam
1593 1354 1632 1408 αη
1659 1333 1707 1395 rel
1730 1335 1777 1410 βη.
1826 1332 1902 1396 Oum

632 1352 677 1504 fil
791 1439 861 1499 ergo
885 1429 989 1482 teneat
1011 1423 1114 1483 oculus
1138 1422 1315 1483 diametrum
1339 1423 1381 1498 αβ
1404 1430 1434 1481 et
1457 1423 1691 1499 profunditatem
1710 1444 1754 1499 ay,
1780 1430 1812 1483 et
1835 1425 1902 1484 sui-

625 1513 645 1590 ;³'
676 1511 684 1572 l
790 1509 892 1569 ficiens
915 1509 955 1570 sit
978 1511 1138 1572 observare
1161 1510 1383 1590 proportionem
1398 1515 1430 1588 dy
1451 1510 1489 1570 ad
1513 1506 1543 1582 ζτ
1567 1518 1598 1571 et
1621 1510 1774 1591 utriusque
1798 1513 1838 1572 ad
1862 1513 1904 1588 αβ

621 1593 630 1663 l
791 1616 844 1658 sen
859 1616 896 1657 ex
920 1600 1125 1661 attenuatione
1145 1599 1219 1661 lucis
1234 1619 1286 1660 sen
1303 1619 1339 1659 ex
1362 1598 1522 1660 illustratis
1544 1598 1740 1678 portiunculis
1764 1598 1902 1662 internae

629 1553 640 1626 l
683 1581 696 1632 r.

591 1617 725 1798 σβ-χτ
790 1687 966 1765 superficiei,
992 1707 1082 1767 quare
1106 1697 1137 1749 et
1159 1711 1206 1765 oq,
1230 1693 1275 1749 αθ
1298 1688 1491 1749 observabit:
1522 1688 1611 1767 idque
1635 1706 1693 1748 non
1717 1689 1901 1750 numerando

702 1801 713 1860 q
790 1794 873 1847 saue,
898 1776 951 1836 sed
976 1778 1176 1855 courparando
1201 1778 1243 1839 rei
1267 1777 1429 1838 distantias
1447 1795 1502 1856 per
1525 1777 1601 1836 hunc
1625 1794 1678 1837 ceu
1703 1776 1839 1838 habitum
1863 1777 1901 1839 ad

588 1805 727 1967 Μ
788 1862 868 1924 vires
891 1865 1022 1944 corporis
1046 1867 1092 1926 sui
1115 1867 1379 1945 extensionemque
1403 1884 1541 1926 manuum
1565 1874 1596 1925 et
1617 1883 1770 1943 passuum.

577 1966 618 2015 ⁸7
691 1971 731 2020 a:
877 1950 961 2014 Satis
984 1955 1059 2015 haec
1084 1955 1206 2029 faciunt,
1232 1964 1265 2016 ut
1288 1974 1364 2034 quae
1383 1955 1449 2034 jam
1477 1954 1582 2014 statim
1606 1954 1643 2013 de
1668 1953 1801 2015 binorum
1827 1973 1902 2016 ocu·

789 2040 882 2102 lomrn
915 2042 1062 2103 societate
1097 2043 1387 2117 demonstrabimus,
1422 2063 1459 2104 ea
1490 2051 1521 2102 et
1556 2042 1592 2101 de
1630 2042 1792 2120 singularis
1825 2043 1903 2105 oculi

538 2130 687 2193 diametro
713 2128 880 2194 latitudinis
915 2132 1121 2193 demonstrata
1155 2132 1380 2211 intelligantur:
1415 2132 1493 2211 quod
1518 2148 1609 2209 supra
1638 2141 1904 2210 proposueramus.

634 2217 804 2296 Propositio
827 2219 901 2280 XV.
944 2220 985 2281 Et
1009 2221 1119 2282 dictum
1145 2222 1265 2301 quidem
1285 2222 1321 2281 de
1346 2216 1611 2301 comprehensione
1635 2219 1755 2294 coloris,
1781 2220 1900 2300 plagae,

541 2307 722 2381 distantiae,
748 2314 844 2367 restat
868 2308 905 2368 de
934 2309 1114 2388 quantitatis
1142 2309 1406 2389 comprehensione
1436 2308 1584 2386 legitima,
1615 2325 1703 2387 qnam
1727 2327 1785 2370 uno
1810 2310 1901 2372 verbo

542 2396 711 2477 expediam.
759 2394 901 2474 Sequitur
933 2397 1010 2459 enim
1035 2399 1073 2459 ad
1108 2398 1404 2478 comprehensionem
1438 2398 1539 2475 anguli
1570 2406 1601 2457 et
1634 2396 1819 2467 distantiae,
1853 2397 1902 2460 ubi

543 2486 627 2546 visus
651 2503 689 2544 ex
712 2484 857 2545 lateribus
880 2484 910 2545 in
935 2486 1020 2547 oculo
1044 2488 1221 2549 coeuntibus
1245 2497 1276 2547 et
1299 2487 1408 2564 angulo
1438 2486 1517 2565 apud
1542 2505 1575 2545 se
1598 2485 1763 2547 constituto
1783 2486 1903 2565 judicat

543 2575 581 2635 de
604 2572 670 2634 basi
704 2572 882 2653 pyramidis,
917 2593 992 2654 qnae
1016 2583 1064 2636 est
1087 2576 1129 2637 rei
1163 2578 1246 2638 visae
1281 2575 1445 2656 quantitas.
1492 2573 1563 2634 Jam
1587 2574 1625 2634 ad
1659 2573 1812 2653 negotium
1845 2575 1901 2638 loci

542 2660 684 2740 imaginis
708 2661 830 2740 propius
855 2664 1044 2724 accedamus.

631 2748 776 2811 Definitio
809 2750 851 2812 lI.
904 2750 1098 2831 Superficiem
1130 2770 1324 2830 repercussus
1357 2752 1404 2812 rel
1438 2749 1628 2811 retractionis
1662 2749 1765 2811 dicunt
1797 2752 1900 2831 optici,

541 2857 620 2919 quae
653 2837 794 2899 definitur
826 2838 922 2899 tribus
955 2841 1074 2919 punctis
1099 2841 1153 2915 (ad
1185 2842 1245 2902 tria
1277 2840 1354 2901 enim
1388 2848 1501 2918 puncta
1528 2858 1587 2900 nou
1616 2840 1644 2899 in
1676 2839 1782 2900 eadem
1816 2850 1902 2902 recta

540 2926 644 3008 posita
667 2943 786 3005 semper
817 2928 978 3005 peculiaris
1011 2930 1153 3008 planities
1176 2931 1327 3008 ponitur),
1362 2937 1464 2990 centro
1488 2928 1587 3000 visus,
1611 2938 1723 3007 puncto
1747 2927 1790 2989 rei
1815 2928 1900 2990 visae

500 3064 505 3073 .
538 3024 571 3078 et
593 3024 704 3096 puncto
729 3033 923 3094 repercussus
953 3018 1015 3089 (vel
1044 3019 1248 3092 retractionis)
1277 3018 1307 3079 in
1338 3018 1492 3078 schemate
1516 3013 1569 3079 53.
1598 3016 1717 3095 punctis
1740 3016 1779 3090 D,
1799 3019 1840 3091 A,
1862 3018 1898 3080 B.

630 3104 801 3183 Propositio
825 3105 914 3168 XVl.
961 3107 1138 3185 llujusmodi
1168 3107 1354 3187 superficiem
1387 3107 1596 3166 demonstrant
1627 3106 1800 3168 necessario
1827 3126 1899 3187 per·

539 3192 776 3272 pendiculariter
813 3194 886 3272 erigi
929 3213 1020 3273 super
1061 3196 1246 3275 superficiem
1288 3194 1539 3274 repercutientem
1577 3191 1630 3253 s'eu
1672 3194 1897 3273 rel'ringentem.

539 3281 667 3343 Vitellio
699 3281 751 3343 lib.
776 3281 807 3344 5.
833 3302 862 3361 p.
888 3274 945 3356 25,
971 3284 1119 3345 Alhazen.
1154 3284 1204 3346 lib.
1230 3281 1260 3346 t.
1286 3306 1315 3345 n.
1344 3279 1394 3346 14.
1420 3282 1705 3344 demonstrationem
1735 3284 1901 3362 expediunt
1950 3345 1956 3356 ,

538 3369 590 3431 ille
612 3388 667 3449 per
689 3388 719 3449 p.
744 3368 796 3441 20,
822 3370 1070 3451 hicpern.10.
1096 3374 1268 3445 eorundem,
1294 3374 1371 3452 quod
1396 3371 1514 3432 scilicet
1537 3370 1637 3449 anguli
1662 3370 1843 3434 incidentiae
1868 3383 1900 3436 et

540 3477 735 3537 repercussus
758 3462 820 3520 sint
843 3461 1006 3539 aequales:
1042 3469 1073 3522 et
1095 3481 1218 3523 cansam
1248 3462 1368 3522 tandem
1394 3461 1460 3521 inde
1494 3459 1647 3531 derivant,
1682 3461 1760 3539 quod
1789 3470 1901 3523 natura

539 3556 614 3625 agat
635 3566 689 3626 per
714 3547 809 3608 lineas
833 3548 996 3623 breviores,
1022 3551 1099 3629 quod
1125 3570 1161 3611 ex
1184 3549 1310 3612 Euclide
1335 3563 1365 3609 et
1389 3549 1564 3609 Ptolemaeo
1588 3548 1763 3611 hauserunt.
1801 3551 1896 3631 Atqui

539 3635 614 3696 haec
638 3653 730 3713 opera
754 3656 812 3697 non
844 3646 915 3697 suut
948 3639 1060 3700 formae
1094 3640 1219 3699 consilio
1249 3638 1360 3699 utentis
1393 3647 1447 3698 aut
1478 3638 1566 3697 tinem
1598 3636 1809 3715 respicientis,
1843 3639 1897 3701 sed

540 3723 687 3786 materiae
711 3725 773 3785 suis
803 3727 995 3805 geometricis
1027 3728 1261 3789 necessitatibus
1295 3727 1451 3788 astrictae.
1500 3726 1665 3786 Praeterea
1688 3736 1719 3785 et
1742 3727 1899 3789 stellarum

537 3813 684 3891 imagines
709 3814 858 3876 cernimus
882 3815 912 3875 in
937 3815 1060 3876 lacubus
1085 3817 1191 3877 iisdem
1224 3834 1452 3896 repercussnum
1476 3814 1612 3892 legibus,
1636 3813 1686 3874 ubi
1710 3816 1898 3896 comparatio

541 3902 684 3963 lineamm
709 3903 828 3982 penitus
852 3904 1019 3965 evanescit.
1066 3905 1202 3985 Denique
1226 3905 1252 3966 si
1276 3905 1406 3984 genuina
1426 3910 1507 3963 esset
1531 3903 1760 3978 demonstratio,
1786 3923 1898 3985 seque-

540 3998 622 4051 retur
651 3991 743 4052 etiam
767 3992 796 4052 in
821 3992 973 4072 negotium
1003 3993 1226 4054 refractionum.
1273 3993 1369 4072 Atqui
1394 3991 1520 4053 Vitellio
1545 3989 1596 4052 lib.
1624 3988 1675 4054 10.
1699 4010 1728 4070 p.
1757 3991 1841 4065 1,2.
1866 4004 1899 4055 et

538 4080 676 4140 Alhazen
700 4080 752 4141 lib.
779 4078 809 4143 7.
834 4101 863 4142 n.
889 4078 919 4143 9.
955 4090 1073 4142 mutant
1103 4083 1150 4143 hic
1176 4082 1299 4143 sormam
1333 4079 1599 4142 demonstrationis
1610 4098 1619 4152 ;
1652 4099 1748 4159 nequa
1769 4083 1899 4144 'anima

538 4166 625 4228 lineis
658 4169 845 4231 brevissimis
869 4170 913 4230 ita
941 4169 989 4230 hic
1022 4171 1225 4247 argumentari
1256 4171 1428 4249 expeditum
1453 4176 1510 4229 est.
1559 4168 1656 4229 Nobis
1684 4171 1796 4232 sufficit
1822 4190 1897 4233 con·

538 4262 632 4327 stare,
658 4258 735 4335 qnod
759 4277 953 4337 repercussus
977 4259 1030 4319 fiat
1053 4258 1082 4320 in
1106 4260 1228 4338 plagam
1258 4260 1443 4339 oppositam,
1469 4255 1610 4317 refractio
1635 4257 1673 4317 ad
1697 4259 1897 4338 perpendicu-

538 4343 647 4417 larem,
673 4363 748 4423 quae
774 4367 810 4406 ex
833 4356 943 4426 puncto
977 4347 1114 4408 radiante
1140 4349 1169 4408 in
1196 4349 1382 4427 superficiem
1415 4345 1628 4424 refringentem
1653 4346 1791 4409 ducitur:
1823 4348 1898 4411 illud

538 4449 627 4509 exp.
657 4430 705 4495 19.
735 4454 802 4514 cap.
828 4437 852 4497 I.
884 4436 940 4499 hoc
969 4455 998 4514 ρ.
1025 4435 1076 4499 20.
1106 4456 1171 4514 cap.
1197 4437 1241 4498 l.:
1276 4455 1398 4516 qnorum
1432 4441 1588 4514 utmmque
1620 4453 1658 4494 ex
1688 4455 1745 4497 sua
1776 4438 1899 4517 propria

537 4538 631 4582 causa
655 4521 840 4599 deduximus,
865 4526 943 4587 unde
968 4526 1055 4586 simul
1080 4526 1172 4586 etiam
1203 4526 1385 4604 sequebatur
1418 4523 1588 4602 aequalitas
1620 4524 1797 4602 angulomm
1820 4525 1898 4589 iuci-

432 4666 436 4674 .
538 4608 659 4671 dentiae
683 4619 715 4671 et
737 4631 942 4691 repercussus.
983 4614 1059 4674 Hinc
1079 4615 1144 4692 jam
1165 4615 1192 4675 iu
1213 4633 1323 4692 genere
1343 4612 1551 4674 adhibebimus
1575 4623 1793 4690 argumentum,
1816 4615 1897 4695 quod

536 4697 566 4759 in
594 4700 695 4801 specie
721 4700 847 4763 Vitellio
876 4704 912 4764 de
945 4703 1174 4764 retractionibus
1209 4710 1364 4781 usurpat,¹
1383 4710 1525 4783 quantum
1558 4720 1595 4761 er
1624 4701 1679 4761 illa
1710 4702 1898 4767 obscuritate

537 4787 804 4939 c⁰¹'dgildiiiteesriim
827 4880 937 4958 plagae
961 4880 1145 4940 collocentur
1161 4879 1189 4939 in
1209 4880 1322 4951 orbem,
1349 4886 1509 4941 transeant
1532 4895 1604 4955 ergo
1628 4897 1683 4957 pcr
1699 4880 1730 4941 A
1751 4889 1898 4960 punctum

537 4982 731 5043 repercussus
755 4967 843 5027 binae
863 4975 978 5046 ,rectae
1002 4966 1071 5041 BC,
1098 4968 1152 5029 DE
1177 4967 1206 5028 in
1241 4968 1397 5047 superficie
1429 4967 1664 5045 repercutiente,
1699 4967 1898 5049 designantes

537 5063 665 5129 quatuor
686 5056 806 5135 plagas.
855 5056 1007 5117 Transeat
1034 5056 1099 5135 jam
1123 5054 1233 5119 BFGC
1259 5056 1432 5136 superficies
1465 5073 1658 5136 repercussus
1681 5076 1736 5137 per
1766 5058 1899 5122 alteram

536 5138 642 5202 barum
666 5143 812 5206 lineamm
834 5143 904 5218 BC,
939 5164 1015 5226 quae
1040 5144 1065 5206 si
1095 5145 1257 5207 inclinatur
1280 5145 1309 5205 in
1338 5146 1494 5224 superficie
1526 5145 1749 5224 repercutiente
1772 5143 1898 5218 ncta,
