4584 6192
1037 619 1069 671 de
1088 616 1169 670 Stella
1185 618 1266 670 Nora.
1766 612 1827 684 591

474 795 555 860 Sunt
577 795 654 857 euim
678 793 810 856 infinitas
834 795 1042 875 proportiones
1065 796 1160 877 ipsius
1184 795 1332 869 musicae,
1362 795 1415 856 sed
1443 812 1550 857 revera
1573 794 1774 876 ἀναρμοστοι,
1797 802 1833 858 ut

476 884 527 959 55,
554 881 605 958 60,
632 879 694 956 66;
718 883 762 944 sic
786 881 837 959 78,
863 882 915 961 84,
940 883 977 948 91
991 904 1000 959 ;
1029 885 1073 947 sic
1098 883 1150 959 30,
1176 881 1227 954 35,
1252 881 1305 947 42.
1331 917 1371 927 -
1395 883 1545 945 Pataviuo
1575 885 1619 947 illi
1653 884 1831 966 philosopho

476 994 582 1036 nomeu
608 983 655 1036 est
678 973 842 1033 Antonio
865 974 1066 1035 Laurentio
1090 975 1132 1034 de
1157 975 1281 1035 Monte
1304 972 1496 1035 Pulciauo.
1522 1004 1564 1014 -

564 1069 728 1132 Stellarum
743 1070 850 1149 globos
868 1080 958 1150 putas
979 1072 1156 1151 purissimos
1180 1072 1487 1152 simplicissimosque‚
1512 1069 1583 1130 mihi
1603 1070 1741 1132 videntur
1764 1089 1831 1133 esse

474 1159 588 1220 similes
613 1167 735 1220 nostrae
760 1159 899 1221 Telluris.
938 1160 982 1221 Tu
1006 1161 1216 1240 philosophum
1240 1162 1356 1240 allegas
1381 1158 1594 1239 philosophus:
1619 1160 1644 1220 si
1664 1168 1831 1239 rogaretur,

474 1248 692 1327 experientiam
719 1247 842 1309 diceret.
880 1248 924 1309 At
937 1258 1022 1310 tacet
1045 1250 1241 1329 experientia,
1267 1270 1332 1311 curu
1352 1268 1438 1310 nemo
1462 1248 1502 1308 ibi
1527 1246 1636 1322 fuerit3
1660 1248 1752 1327 igitur
1776 1268 1832 1311 uec

473 1347 567 1416 negat
589 1356 644 1397 uec
668 1337 808 1399 affirmat.
854 1338 923 1416 Ipse
948 1357 1018 1398 vero
1043 1347 1235 1417 argumentor
1257 1338 1453 1417 probabiliter
1476 1357 1494 1395 a
1515 1335 1720 1409 similitudine,
1744 1345 1777 1397 et
1799 1345 1833 1400 ut

473 1434 507 1487 tu
537 1425 707 1486 inductione
732 1446 750 1485 a
773 1425 878 1499 Luna,
913 1445 989 1505 qnae
1021 1428 1116 1488 multa
1149 1428 1241 1488 hahet
1273 1427 1384 1489 similia
1416 1424 1618 1487 terrestribus.
1666 1425 1773 1504 Itaque
1801 1434 1833 1487 st

473 1514 627 1576 humorem
643 1514 741 1574 stellis
756 1514 864 1587 tribuo,
890 1523 921 1575 et
940 1515 1087 1594 regiones,
1111 1534 1186 1595 quae
1203 1516 1241 1577 ab
1261 1516 1452 1576 exhalatione
1475 1512 1589 1574 humori
1613 1512 1822 1591 compluantur

474 1612 506 1662 et
536 1612 691 1664 creaturas
724 1602 879 1676 viventes,
913 1603 1018 1683 quibus
1049 1606 1079 1666 id
1110 1605 1236 1667 utilitati
1270 1605 1359 1667 cedit.
1414 1604 1480 1664 Nec
1509 1601 1585 1662 euim
1614 1602 1696 1663 solus
1727 1601 1832 1664 infelix

475 1691 528 1751 ille
553 1691 713 1764 Brunus‚
747 1692 849 1771 prunis
881 1700 979 1753 tostus
1003 1692 1137 1765 Romae,
1171 1695 1223 1755 sed
1257 1694 1349 1755 etiam
1372 1691 1547 1753 Braheus
1578 1709 1663 1751 meus
1692 1690 1721 1751 iu
1754 1692 1832 1753 hanc

473 1780 530 1840 ivit
554 1779 755 1853 senteutiam,
790 1798 857 1840 esse
881 1781 979 1842 stellis
1003 1780 1127 1844 incolas.
1175 1783 1212 1843 Id
1236 1801 1292 1861 ego
1316 1789 1401 1842 tanto
1433 1779 1574 1840 libentius
1597 1797 1721 1858 sequor,
1753 1780 1832 1859 quod

472 1876 507 1929 ut
530 1868 670 1945 planetas
695 1868 737 1928 sic
761 1868 911 1929 Tellurem
935 1870 1025 1930 etiarn
1050 1871 1121 1932 ferri
1145 1871 1260 1931 affirmo
1285 1890 1350 1931 curn
1374 1868 1563 1931 Aristarcho.
1595 1866 1663 1937 Quo
1685 1868 1830 1948 principio

472 1956 577 2037 posito
601 1956 672 2016 uihil
698 1964 746 2018 est
769 1971 843 2034 opus
867 1958 1037 2019 adscribere
1062 1968 1193 2020 motuum
1219 1979 1284 2020 cum
1303 1958 1374 2021 Sole
1399 1957 1619 2036 colligationem
1643 1957 1830 2037 sympathias

474 2044 674 2124 magneticae.
719 2046 799 2108 Nam
823 2046 888 2107 siue
912 2066 966 2108 usu
990 2047 1116 2108 rationis
1141 2047 1294 2126 colligatio
1318 2046 1381 2108 fieri
1405 2066 1463 2107 nou
1490 2054 1596 2124 posset
1610 2046 1704 2106 Terra
1728 2046 1830 2125 quies-

473 2146 584 2207 cente;
609 2152 733 2212 magnes
757 2153 828 2195 vero
853 2145 938 2195 caret
961 2155 1014 2196 usu
1039 2137 1180 2197 rationis:
1206 2138 1342 2216 quodque
1366 2136 1439 2214 agit,
1464 2152 1522 2194 nou
1547 2134 1752 2203 circularibus,
1776 2135 1830 2196 sed

473 2222 567 2283 rectis
592 2222 657 2300 agit
681 2222 778 2295 lineis,
802 2231 835 2283 ut
853 2224 998 2284 materiae
1023 2226 1132 2286 solent.
1171 2224 1232 2286 Sed
1247 2244 1302 2286 uec
1325 2225 1369 2285 ita
1384 2232 1441 2294 est,
1465 2242 1521 2283 uou
1546 2224 1830 2285 accommodantes

472 2312 664 2390 planetarum
695 2319 793 2372 motus
827 2311 870 2374 ita
902 2313 1036 2391 praecise
1070 2332 1186 2393 unoque
1215 2321 1246 2374 et
1273 2313 1379 2374 eodem
1412 2313 1499 2373 modo
1529 2312 1566 2371 ad
1591 2309 1703 2373 Solem.
1749 2311 1830 2373 Aliis

471 2399 551 2460 enim
584 2410 615 2459 et
648 2399 717 2460 aliis
750 2400 823 2461 locis
854 2401 1045 2479 perficiuntur
1078 2402 1227 2463 stationes
1260 2411 1291 2463 et
1318 2401 1437 2463 similia.
1485 2398 1604 2461 Sufficit
1632 2400 1725 2479 igitur
1757 2400 1830 2462 mihi

470 2507 564 2549 causa
587 2488 789 2567 colligationis
814 2509 832 2548 a
856 2487 1022 2569 Copernico
1046 2491 1145 2564 dicta,
1176 2499 1273 2551 motus
1296 2490 1440 2551 videlicet
1463 2488 1608 2561 Telluris,
1634 2506 1710 2567 quae
1733 2508 1829 2568 usque

471 2577 511 2637 ad
534 2575 752 2637 minutissimos
776 2578 878 2657 apices
902 2579 1066 2640 satisfacit.
1104 2579 1151 2640 De
1175 2588 1276 2640 cetero
1295 2587 1393 2640 motus
1417 2579 1606 2656 planetarum
1625 2577 1689 2657 ipse
1713 2595 1829 2656 quoque

470 2665 611 2725 adscribo
642 2665 820 2743 magneticis
854 2667 1015 2728 virtutihus
1039 2677 1073 2728 ut
1094 2669 1270 2747 plurimum3
1303 2668 1356 2727 sed
1381 2668 1451 2728 illae
1479 2666 1607 2727 virtutes
1638 2666 1828 2743 magneticae

470 2754 543 2815 mihi
577 2754 663 2814 lineis
694 2755 785 2815 rectis
816 2766 996 2833 operantur,
1031 2757 1072 2816 uti
1107 2758 1223 2829 solent,
1255 2764 1286 2815 et
1309 2757 1397 2816 modo
1430 2754 1709 2833 comprehensibili,
1740 2754 1827 2815 modo

470 2844 596 2914 usitato,
622 2860 767 2922 quemque
798 2844 1011 2922 experimentis
1036 2844 1065 2905 iu
1094 2846 1187 2905 Terra
1216 2845 1433 2923 deprehendas.
1481 2842 1596 2913 Quodsi
1630 2843 1700 2921 quid
1731 2842 1828 2916 video,

471 2942 503 2991 tu
529 2931 607 2991 lecto
638 2949 703 2990 meo
737 2931 812 2992 libro
837 2933 874 2993 de
903 2934 1003 2994 Marte
1037 2932 1161 2994 habebis
1193 2952 1250 3013 quo
1284 2933 1514 3011 persuadearis,
1549 2951 1568 2992 a
1594 2950 1641 2991 me
1676 2932 1829 3011 fastigium

468 3020 603 3080 coeleste
634 3019 806 3097 impositum
830 3020 1038 3101 philosophiae
1065 3021 1253 3101 magneticae
1278 3021 1419 3095 Gilberti,
1445 3021 1491 3082 cui
1517 3021 1580 3099 ipse
1604 3020 1830 3082 tundamentum

470 3115 616 3187 posuerat
639 3116 792 3169 terrestre.

558 3196 605 3257 De
629 3196 721 3256 stella
745 3194 813 3257 Ceti
836 3197 954 3269 videbo,
979 3206 1010 3258 et
1024 3198 1063 3258 ad
1082 3197 1252 3259 Fabricium
1275 3198 1415 3259 scribam.
1453 3199 1522 3277 Ipse
1547 3197 1666 3278 quidem
1689 3197 1828 3272 affirmat,

470 3285 658 3364 disparuisse
683 3284 800 3345 iterum.

562 3369 647 3433 (Quae
665 3380 800 3437 sequuntur
818 3373 933 3437 legantur
951 3373 976 3421 iu
995 3380 1081 3422 annot.
1102 3370 1145 3423 35.
1165 3380 1191 3423 et
1210 3373 1267 3438 Opt.
1286 3374 1303 3422 l.
1323 3372 1358 3434 c.)

559 3452 597 3501 Ex
614 3452 801 3517 Breuggeri
819 3455 976 3516 responsione
995 3451 1029 3515 (d.
1051 3453 1075 3502 d.
1096 3452 1120 3501 7.
1139 3452 1225 3503 Martii
1247 3451 1325 3514 ¹608)
1347 3454 1411 3503 haec
1439 3453 1530 3503 addere
1556 3453 1655 3515 placet:
1683 3452 1784 3512 Scribis,
1802 3461 1829 3505 te

470 3531 588 3587 aspectus
606 3524 825 3582 extraordinarios,
849 3525 989 3589 quintilem,
1015 3525 1167 3590 biquiutilem
1187 3533 1212 3573 ct
1230 3525 1390 3589 sesqnadrum
1409 3526 1440 3575 ab
1460 3526 1612 3586 experientis
1639 3525 1829 3589 meteorologica

469 3595 645 3658 comprobatos
662 3594 772 3643 habere:
791 3598 895 3659 optarim
915 3610 974 3661 ego,
993 3597 1066 3658 hujus
1086 3597 1253 3659 experientiae
1271 3597 1396 3659 specimen
1415 3596 1510 3651 ridere,
1530 3608 1588 3642 uam
1607 3595 1722 3643 intanto
1741 3608 1827 3657 aspec-

469 3674 542 3715 tuum
561 3679 662 3714 nnmero
681 3673 708 3713 et
725 3668 860 3722 varietate,
889 3668 930 3730 qui
948 3682 1044 3730 semper
1071 3672 1215 3722 occurrunt,
1243 3667 1284 3715 ubi
1310 3669 1418 3714 incertus
1437 3668 1469 3713 sis
1489 3667 1529 3714 cui
1554 3679 1638 3713 eorum
1665 3666 1829 3714 mutationem

470 3737 582 3800 aliquam
608 3737 672 3784 aeris
691 3736 831 3792 adscribas,
861 3740 944 3787 nescio
963 3738 1083 3802 quomodo
1111 3739 1304 3800 experimentum
1332 3751 1420 3799 capere
1448 3736 1553 3784 debeam
1571 3736 1703 3783 ueletiam
1728 3737 1827 3798 possim.

471 3808 545 3867 Quod
564 3821 620 3855 sero
638 3807 735 3871 reliquis
755 3816 811 3857 octo
830 3809 995 3873 superaddere
1008 3810 1045 3857 ris
1059 3810 1221 3875 bissextilem,¹
1236 3808 1320 3857 hortor
1337 3808 1434 3865 saltem,
1455 3820 1546 3855 careas
1562 3820 1594 3854 ne
1606 3807 1631 3853 in
1650 3806 1829 3868 locupletandis

470 3878 612 3941 aspectibus
631 3879 733 3927 nimium
750 3881 785 3927 sis
802 3880 917 3929 liberalis.
956 3879 982 3929 Si
1002 3880 1068 3929 euim
1085 3880 1234 3943 proportioni
1255 3876 1298 3940 Ἄ,
1319 3878 1400 3927 locum
1418 3878 1530 3933 dederis,
1557 3877 1692 3939 irrumpent
1710 3884 1736 3926 et
1754 3877 1828 3935 aliae.

470 3965 492 3999 e.
513 3963 538 4014 g.
561 3945 605 4009 ¹1„
621 3955 646 3997 et
661 3945 716 4011 ⁶s„,
735 3964 838 4013 quarum
855 3951 899 3999 illa
917 3951 961 4000 dut
978 3951 1133 4000 harmoniam
1151 3950 1310 4014 terdiapasou
1322 3964 1377 3998 cum
1396 3949 1489 4004 ditono,
1509 3955 1535 3996 et
1552 3947 1615 3996 haec
1634 3947 1753 4009 diapason
1773 3962 1829 3998 cum

469 4019 626 4069 semiditono.
665 4019 706 4068 Sic
732 4029 758 4069 st
779 4017 821 4083 ³1„
852 4022 902 4070 sire
931 4023 1089 4083 disdiapason
1117 4036 1172 4071 cum
1201 4022 1372 4077 diatessaron,
1400 4027 1429 4068 ut
1456 4020 1519 4069 alias
1546 4017 1637 4066 multas
1664 4024 1829 4080 praeteream.

469 4092 560 4156 'frigas
588 4104 674 4139 vocum
693 4092 718 4139 in
736 4091 870 4141 harmoniis
898 4094 1048 4142 considerari
1075 4107 1147 4155 posse
1181 4107 1231 4141 nou
1258 4108 1339 4157 nego:
1368 4091 1411 4140 sed
1430 4105 1515 4140 earum
1541 4088 1761 4139 considerationem
1780 4105 1830 4139 non

468 4163 638 4213 necessariam
656 4176 711 4210 esse
729 4164 868 4212 contendo:
894 4170 946 4213 tum
964 4165 1023 4228 quia
1040 4166 1116 4213 tertia
1133 4179 1180 4212 vox
1198 4163 1258 4212 nihil
1278 4164 1375 4214 confert
1394 4162 1426 4211 ad
1443 4162 1615 4217 harmoniam,
1639 4167 1693 4210 tum
1711 4163 1769 4225 quia
1786 4161 1831 4211 ills
1935 4168 1940 4177 ·

467 4236 525 4298 ipsa
542 4233 665 4282 interdum
684 4239 722 4282 est
741 4224 928 4301 ἅναρμοστος,
948 4235 1070 4284 interdum
1088 4235 1163 4298 plane
1182 4235 1258 4284 nulla
1296 4234 1352 4283 Nou
1371 4234 1469 4297 quidem
1488 4248 1527 4282 me
1545 4232 1617 4287 latet,
1635 4234 1656 4281 si
1675 4232 1767 4283 chorda
1784 4235 1829 4286 AB

467 4309 569 4355 secatur
586 4305 612 4351 in
631 4303 668 4360 G,
687 4304 808 4367 triplicem
826 4322 897 4368 posse
919 4307 1015 4355 institui
1043 4306 1218 4363 collationem,
1245 4312 1298 4354 tum
1315 4307 1422 4369 partium
1441 4307 1505 4353 inter
1523 4319 1565 4362 se,
1586 4303 1628 4352 AC
1648 4304 1680 4352 ad
1700 4303 1758 4361 CB,
1777 4310 1830 4354 tum

466 4376 596 4438 utriusque
621 4376 722 4424 seorsim
751 4391 806 4424 cum
834 4382 905 4435 tota,
934 4386 962 4426 ut
979 4376 1032 4434 AC,
1051 4378 1096 4427 AB
1116 4382 1142 4426 et
1162 4376 1212 4436 CB,
1234 4376 1286 4427 ΑΒ.
1324 4376 1383 4425 Esto
1411 4383 1466 4424 rota
1493 4374 1585 4425 chorda
1608 4373 1653 4423 AB
1677 4372 1829 4438 Spartium,

467 4453 625 4510 segmentum
644 4449 724 4508 malus
743 4446 786 4496 CB
805 4448 907 4497 duarum
926 4451 1042 4513 partium.
1080 4449 1152 4498 Haec
1170 4450 1293 4512 proportio
1315 4447 1470 4496 harmoniam
1490 4446 1534 4496 dat
1552 4447 1685 4509 diapente,
1711 4447 1749 4495 cui
1769 4446 1830 4496 nihil

467 4519 541 4569 deest
560 4518 593 4566 ad
611 4518 649 4566 sni
667 4517 852 4580 perfectionem,
873 4522 960 4585 cuique
979 4521 1130 4584 comparatio
1149 4521 1239 4569 residui
1258 4521 1379 4584 segmenti
1398 4521 1449 4568 sire
1467 4532 1523 4567 cum
1541 4523 1595 4566 tota
1612 4518 1664 4565 sire
1676 4532 1732 4568 curn
1752 4517 1830 4567 altero

466 4597 598 4653 segmento
618 4588 677 4637 nihil
697 4590 800 4638 confert.
838 4591 968 4641 Bisecetur
983 4594 1036 4653 jam
1062 4591 1155 4641 chorda
1173 4591 1218 4640 AB
1237 4593 1263 4639 iu
1282 4590 1302 4640 G
1321 4598 1348 4640 et
1365 4591 1398 4638 sit
1416 4595 1471 4638 tota
1488 4590 1533 4639 AB
1553 4588 1628 4651 dupla
1646 4588 1679 4637 ad
1699 4587 1750 4643 CB,
1770 4602 1828 4637 cou-

466 4659 588 4710 sonantia
607 4661 654 4708 erit
672 4659 800 4722 diapason.
837 4662 885 4712 Hic
904 4665 984 4728 trigae
1002 4678 1052 4711 uon
1072 4669 1110 4712 est
1128 4662 1213 4711 locus:
1244 4663 1291 4712 etsi
1310 4662 1374 4710 enim
1393 4660 1480 4724 triplex
1507 4660 1585 4723 possit
1612 4659 1707 4707 institui
1730 4658 1830 4707 collatio

465 4736 652 4795 segmentomm
669 4730 735 4779 iuter
752 4746 779 4780 se
798 4741 824 4783 et
842 4748 898 4782 cunr
916 4740 983 4791 tota,
1002 4740 1088 4783 tamen
1106 4749 1156 4782 uon
1176 4734 1267 4784 dautur
1283 4741 1334 4781 tres
1352 4731 1527 4795 symphoniae,
1554 4729 1673 4794 siqnidem
1691 4730 1754 4779 ratio
1775 4728 1829 4786 AB,

465 4800 513 4851 Ac
533 4806 559 4849 et
578 4802 632 4857 ΔΒ,
652 4800 695 4851 CB
714 4808 752 4851 est
769 4806 866 4861 eadem,
886 4813 912 4855 et
929 4805 1058 4854 harmonia
1076 4806 1174 4860 eadem,
1191 4806 1239 4854 nisi
1257 4805 1327 4853 dicas
1345 4803 1465 4865 diapason
1484 4800 1582 4851 differre
1601 4814 1618 4850 a
1636 4801 1764 4863 diapason.
1801 4798 1829 4849 Iu

466 4874 574 4923 unisono
592 4872 728 4922 introducis
746 4877 836 4941 trigam
853 4884 961 4933 mamm,
990 4889 1054 4941 quae
1073 4883 1130 4926 utut
1146 4877 1173 4925 iu
1191 4877 1341 4941 geometris,
1368 4875 1410 4923 ubi
1427 4874 1524 4923 numeri
1551 4873 1707 4922 abstractis
1723 4872 1832 4922 materis

466 4943 667 4999 considerautur.
688 4945 785 4996 admitti
803 4956 903 5011 posset,
922 4954 1007 4997 tamen
1026 4949 1051 4995 in
1070 4949 1182 5005 musica,
1208 4948 1249 4997 uhi
1267 4946 1436 5010 proportiones
1453 4944 1575 4993 materiae
1603 4942 1829 5003 accommodantur,
1850 4989 1852 4994 .

465 5015 550 5066 locum
569 5031 619 5065 uon
637 5014 721 5065 habet.
747 5016 915 5083 Requirnntur
933 5019 966 5068 ad
983 5019 1137 5069 harmoniam
1158 5018 1357 5070 constituendam
1375 5016 1502 5066 minimum
1522 5015 1586 5065 dnae
1605 5029 1685 5065 voces.
1711 5016 1746 5062 At
1763 5013 1830 5062 rucis

465 5100 526 5137 cnm
544 5100 595 5136 nou
613 5100 673 5134 soce
700 5086 782 5137 nullus
801 5095 839 5139 cst
857 5096 1000 5147 concentus,
1028 5103 1104 5155 quare
1127 5105 1175 5140 nec
1200 5089 1344 5146 harmonia,
1372 5093 1397 5138 et
1420 5085 1523 5153 proinde
1548 5084 1617 5135 nulla
1634 5084 1675 5135 hic
1700 5090 1738 5134 est
1756 5086 1829 5149 triga

465 5156 542 5208 Adde
560 5156 625 5222 quod
646 5154 690 5220 'ln
710 5162 848 5223 proportio,
868 5175 942 5225 quam
960 5168 988 5211 tu
1006 5162 1124 5212 bissextili
1143 5161 1255 5226 aspectui
1284 5172 1427 5224 comparas,
1453 5156 1554 5209 residue
1569 5155 1647 5209 hahet
1663 5147 1831 5223 haram
