4584 6192
988 555 1116 618 Appendix
1134 556 1166 604 ad
1189 554 1271 619 Caput
1289 556 1309 607 Ι.
1458 549 1462 558 '
1763 557 1820 624 l5l

469 736 578 784 constat
598 737 629 784 et
648 731 730 802 niger
750 739 803 785 est.
844 733 922 803 Ergo
943 734 1125 803 corrumpitur
1146 751 1165 786 a
1186 735 1247 787 luce
1269 734 1413 802 paulatim.
1455 734 1526 787 Hinc
1546 736 1623 788 dolor
1642 737 1679 789 ab
1700 736 1824 806 inspecto

468 810 548 865 Sole:
570 810 636 864 hinc
657 812 798 866 oculorum
818 813 922 866 senium
944 832 980 867 ex
1001 823 1093 882 parte.

555 909 600 960 Ad
630 909 664 960 11.
705 910 749 961 De
779 910 898 963 colorum
929 910 1033 963 risione
1063 911 1184 963 inductio
1213 912 1289 963 facta
1316 918 1367 962 est.
1417 910 1555 962 instantia
1583 928 1648 964 vero
1679 913 1761 965 datur
1789 914 1823 966 de

468 987 573 1040 visione
600 987 807 1042 scintillationis
839 992 995 1051 oculorum
1027 993 1059 1043 de
1087 990 1191 1043 risione
1222 990 1324 1058 speciei
1354 989 1523 1042 inhaerentis
1544 990 1571 1042 in
1596 990 1738 1059 spiritibus
1759 999 1824 1061 post

467 1067 646 1121 remotionem
668 1068 784 1121 risibilis
807 1070 863 1129 rei;
885 1071 1037 1123 derisione
1060 1070 1226 1138 impuritatis
1248 1071 1389 1123 humorum
1405 1069 1475 1121 oculi
1496 1078 1561 1137 post
1582 1071 1682 1140 capitis
1704 1071 1821 1126 doleres.

465 1148 542 1217 Ergo
563 1164 620 1200 nen
641 1156 735 1214 potest
756 1150 789 1200 de
811 1150 881 1202 omni
912 1150 1015 1202 visione
1044 1150 1184 1202 concludi:
1216 1157 1334 1202 nonest
1363 1150 1448 1218 igitur
1479 1150 1617 1202 conclusio
1646 1149 1820 1204 universalis.

465 1226 518 1279 Sed
539 1233 571 1279 et
590 1226 655 1294 plus
677 1235 721 1279 est
742 1228 769 1279 in
791 1230 963 1281 conclusione
985 1246 1065 1298 quam
1087 1230 1114 1282 in
1136 1229 1305 1297 praemissis.
1348 1230 1416 1290 Quid
1440 1237 1496 1283 tum
1518 1229 1589 1282 enim
1612 1229 1633 1281 si
1656 1231 1822 1283 concedatur

465 1322 576 1374 semper
596 1306 669 1358 inter
690 1308 808 1360 colorem
829 1318 858 1362 et
879 1310 965 1361 visum
987 1310 1120 1361 interesse
1142 1309 1252 1377 aliquod
1275 1309 1403 1371 medium,
1431 1310 1548 1361 nondum
1575 1316 1668 1362 tamen
1689 1308 1820 1379 sequitur,

465 1386 549 1454 plane
571 1386 675 1455 requiri
697 1388 811 1440 medium
834 1390 868 1440 ad
890 1388 1087 1441 informandam
1109 1389 1239 1441 visionem
1261 1406 1309 1441 seu
1332 1391 1366 1441 ad
1387 1390 1546 1441 movendum
1569 1388 1663 1442 risum.

555 1482 627 1535 Nam
648 1499 697 1535 cur
717 1484 804 1536 minus
826 1494 972 1537 cernantur
993 1488 1098 1538 colores
1120 1486 1200 1537 oculo
1222 1486 1303 1553 plane
1325 1485 1426 1538 admoti
1442 1501 1543 1537 causae
1564 1470 1715 1538 reddun'tur
1736 1486 1819 1539 aliae.

449 1560 499 1624 ll
519 1561 549 1615 si
571 1563 661 1624 color,
692 1563 746 1615 hoc
776 1574 819 1615 est
854 1566 1010 1633 superficies
1042 1565 1081 1617 rei
1117 1564 1231 1617 visibilis
1263 1572 1394 1634 tangeret
1425 1566 1547 1626 oculum,
1578 1565 1686 1617 doleret
1716 1565 1820 1618 oculus.

468 1638 499 1707 2)
521 1642 607 1694 Unius
629 1643 730 1695 saltem
753 1644 823 1695 oculi
845 1661 910 1696 usus
933 1662 993 1696 esse
1014 1653 1118 1713 posset.
1148 1640 1180 1709 3)
1196 1646 1253 1696 Nec
1274 1646 1336 1713 plus
1350 1646 1383 1695 de
1404 1644 1494 1696 colore
1516 1644 1590 1696 cerni
1611 1652 1715 1711 posset,
1739 1660 1821 1713 quam

469 1729 600 1789 quantum
622 1720 695 1774 intra
717 1722 847 1776 circulum
868 1725 991 1791 pupillae
1013 1724 1151 1777 foraminis
1174 1724 1274 1776 includi
1294 1731 1396 1794 potest.
1427 1721 1456 1798 d)
1471 1722 1653 1792 Praecipuum
1674 1730 1726 1785 est,
1749 1725 1821 1792 quod

468 1817 516 1869 per
536 1807 695 1853 contactum
716 1802 787 1854 oculi
802 1809 832 1854 et
852 1804 985 1856 ridendae
1007 1804 1160 1873 superficiei
1182 1804 1338 1856 excluditur
1353 1803 1438 1856 omnis
1459 1803 1609 1855 illustratio
1630 1802 1738 1864 coloris,
1761 1801 1820 1855 sinc

469 1895 522 1949 qua
541 1879 638 1949 nequit
658 1881 717 1933 lieri
738 1882 826 1935 risio:
855 1883 906 1935 nisi
929 1890 1060 1953 quantum
1086 1883 1196 1935 luculae
1218 1883 1344 1935 obtinent
1370 1883 1538 1952 quorundam
1559 1882 1717 1935 animalium
1738 1880 1820 1934 oculi.

469 1959 497 2018 5)
517 1958 639 2012 Subesse
661 1960 773 2029 insuper
794 1961 875 2014 aliam
898 1980 1017 2025 causam,
1040 1980 1121 2032 quam
1143 1963 1187 2013 vel
1208 1964 1342 2016 hactenus
1364 1964 1464 2015 dictum
1485 1962 1530 2012 rel
1551 1961 1717 2014 Aristoteles
1739 1966 1819 2014 autu·

469 2045 534 2101 mat,
556 2056 606 2091 cur
627 2056 671 2091 res
693 2042 800 2093 oculum
822 2050 942 2111 tangens
957 2062 1009 2096 non
1032 2043 1166 2104 videatur,
1189 2050 1269 2110 patet
1289 2042 1352 2094 hinc
1374 2045 1443 2111 quod
1465 2041 1549 2094 etiam
1564 2058 1624 2093 cum
1644 2057 1689 2094 res
1711 2039 1821 2094 nimium

468 2118 622 2187 propinqua
641 2119 674 2171 iit
694 2121 788 2183 oculo,
817 2123 991 2190 quantumvis
1019 2121 1139 2190 supersit
1165 2121 1266 2190 aliquid
1288 2122 1367 2173 medii
1394 2120 1516 2181 externi,
1543 2128 1637 2174 tamen
1658 2119 1770 2172 confuso
1791 2126 1821 2172 et

469 2214 537 2265 pene
558 2215 613 2250 non
635 2200 767 2261 cernitur,
795 2203 842 2252 sed
864 2203 1046 2254 circumdatur
1074 2202 1156 2254 limbo
1183 2201 1328 2254 indiscreto
1350 2209 1379 2254 et
1399 2218 1470 2270 pene
1496 2199 1651 2262 umbratili,
1680 2198 1758 2268 cnjus
1780 2198 1820 2252 rei

468 2292 550 2329 causa
571 2277 645 2330 infra
666 2280 758 2347 capite
779 2281 874 2350 quinto
900 2282 1065 2351 explicatur.
1107 2283 1197 2334 Nocet
1223 2281 1316 2351 itaque
1338 2284 1411 2333 nuda
1438 2278 1630 2349 propinquitas
1655 2278 1740 2332 etiam
1761 2278 1819 2331 sina

468 2365 594 2425 respectu
616 2358 709 2420 medii,
742 2360 917 2428 quodetiam
945 2378 1038 2414 senum
1071 2360 1141 2413 oculi
1173 2368 1310 2429 arguunt,
1342 2361 1440 2430 quibus
1461 2376 1505 2412 res
1536 2358 1640 2411 eminus
1670 2364 1821 2411 cernuntur

468 2436 567 2488 rectius
589 2454 671 2506 quarn
693 2456 708 2489 e
730 2440 894 2510 propinquo.

553 2515 605 2568 His
628 2533 696 2586 ergo
718 2519 809 2571 causis
830 2520 1012 2588 experimenti
1035 2519 1143 2572 adducti
1165 2519 1385 2587 suppetentibus,
1408 2517 1543 2571 nonlicet
1563 2514 1763 2571 conclusionem
1783 2518 1819 2570 ad

471 2611 547 2647 unam
568 2594 700 2664 aliquam,
722 2599 915 2651 multominus
938 2601 972 2652 ad
994 2600 1078 2652 aliam
1099 2611 1212 2667 praeter
1233 2600 1284 2651 has
1306 2598 1489 2668 restringere,
1512 2597 1592 2667 idque
1618 2601 1697 2650 tanto
1718 2595 1817 2667 magis,

470 2677 536 2743 quod
558 2674 603 2726 hic
625 2676 804 2730 fundamenta
825 2678 937 2731 visionis
959 2680 1142 2746 explicandae
1164 2685 1318 2731 struuntur.

552 2755 597 2807 Ad
619 2756 665 2807 lll.
707 2757 760 2809 Est
780 2758 947 2811 insufficiens
968 2758 1138 2811 enumeratio
1159 2758 1186 2810 in
1208 2758 1313 2825 majori.
1355 2758 1426 2810 Nam
1447 2773 1535 2826 nequo
1562 2773 1659 2825 corpus
1680 2756 1752 2810 Solis
1773 2758 1818 2810 vel

470 2832 564 2885 coloris
587 2851 676 2903 neque
706 2837 821 2889 medium
848 2846 940 2890 moret
970 2839 1093 2899 oculum,
1125 2839 1172 2889 sed
1203 2837 1308 2906 species
1331 2854 1380 2889 seu
1409 2836 1511 2888 lumina
1531 2853 1580 2888 seu
1606 2836 1675 2888 radii
1696 2834 1768 2890 Solis
1789 2842 1820 2889 et

471 2912 585 2965 colorum
607 2930 658 2980 per
683 2915 798 2969 medium
826 2918 1022 2970 descendentes
1044 2926 1073 2969 et
1099 2917 1290 2969 orbiculariter
1311 2918 1337 2968 in
1358 2913 1587 2983 hemisphaerium
1613 2916 1724 2969 vibrati.
1766 2915 1819 2969 Est

471 2991 536 3044 enim
557 3009 628 3044 unus
651 3000 682 3044 et
702 2994 771 3046 idern
793 2998 886 3048 modus
912 2997 1022 3050 visionis
1045 2997 1142 3058 omnis,
1166 2996 1223 3048 sire
1244 2996 1331 3058 Solis,
1354 2995 1411 3047 sire
1433 2995 1543 3057 coloris,
1566 2995 1624 3047 sire
1645 2995 1732 3065 ignis,
1760 2994 1817 3047 sire

471 3089 520 3125 των
538 3077 719 3143 ὶαμποντων,
742 3078 811 3142 quod
834 3077 1028 3130 alterationem
1050 3075 1164 3145 parietis
1187 3077 1259 3128 oculi
1280 3075 1389 3128 attinet.
1417 3074 1485 3127 Sela
1505 3075 1575 3127 haec
1589 3079 1633 3127 est
1653 3073 1816 3136 differentia,

471 3152 534 3217 qued
557 3152 663 3204 colores
685 3153 761 3220 prius
787 3155 919 3208 illustrari
942 3165 1066 3224 oportet,
1090 3155 1198 3224 reliqua
1223 3172 1253 3207 se
1274 3155 1339 3224 ipsis
1361 3153 1481 3206 illustria
1502 3162 1573 3208 sunt.
1615 3153 1662 3207 Sol
1683 3154 1767 3207 etiam
1788 3159 1818 3207 et

472 3228 537 3297 ignis
559 3231 618 3283 aha
639 3232 760 3285 illustria
780 3237 904 3287 reddunt.

554 3311 656 3363 Verum
679 3313 845 3366 Aristoteles
867 3315 974 3366 videtur
995 3315 1046 3366 hoc
1066 3330 1115 3380 pro
1137 3314 1262 3365 confesso
1286 3328 1439 3374 assumere,
1465 3313 1535 3381 qu'od
1557 3313 1663 3380 species
1684 3319 1817 3382 tanquam

473 3390 565 3442 nudum
587 3391 713 3443 accidens
734 3411 786 3445 non
811 3394 898 3461 possit
918 3393 1042 3446 excitare
1072 3394 1192 3461 aliquam
1220 3392 1380 3454 motionem,
1413 3392 1464 3444 nisi
1486 3400 1621 3460 quatenus
1642 3391 1670 3445 in
1691 3390 1817 3460 subjecto

474 3472 530 3519 aare
557 3469 696 3537 pellucido
728 3472 863 3525 inhaeret.
907 3475 966 3525 Hoc
994 3490 1058 3524 vero
1088 3473 1187 3525 falsum
1209 3480 1264 3533 est,
1297 3480 1328 3522 ut
1355 3472 1406 3524 hoc
1435 3472 1526 3540 capite
1557 3479 1705 3525 ostensum.
1747 3472 1817 3524 Nam

476 3545 575 3600 luminis
597 3566 647 3600 seu
668 3551 805 3604 radiorum
827 3554 863 3605 ab
885 3552 1037 3605 illustribus
1059 3552 1279 3604 descendentium
1301 3558 1365 3603 sunt
1386 3558 1480 3604 certae
1502 3551 1659 3619 passiones,
1682 3558 1816 3621 quatenus

477 3625 557 3679 lumen
579 3646 633 3680 non
661 3639 796 3698 quatenus
818 3632 845 3683 in
873 3632 1010 3700 pellucido
1032 3638 1097 3684 a'ere
1122 3632 1264 3692 inhaeret,
1292 3630 1441 3699 cujusmodi
1470 3638 1534 3683 sunt
1559 3631 1667 3684 emissio
1689 3638 1718 3683 et
1738 3635 1817 3682 exte·

478 3707 571 3768 nuatie,
594 3708 682 3776 iisque
704 3711 857 3763 contrariae
879 3712 1049 3780 repercussio
1071 3721 1100 3763 et
1120 3710 1250 3764 refractio
1269 3727 1318 3761 seu
1339 3710 1526 3762 condensatio.
1568 3712 1644 3780 Ergo
1666 3709 1734 3762 nihil
1753 3724 1817 3776 pro·

479 3783 544 3838 bibet
563 3787 687 3854 ejusdem
701 3790 785 3842 etiam
800 3791 922 3843 actiones
944 3793 1074 3859 quasdam
1089 3808 1159 3852 esse,
1182 3806 1288 3858 nempe,
1310 3789 1485 3858 experientia
1499 3796 1580 3852 teste,
1604 3787 1816 3842 illustrationem

480 3871 503 3915 et
520 3866 712 3921 alterationem
733 3870 877 3938 parietum,
900 3872 997 3940 quibus
1013 3889 1065 3923 non
1080 3877 1188 3923 tantum
1209 3870 1386 3922 affundentur
1408 3869 1512 3922 colores
1527 3887 1576 3923 seu
1591 3870 1649 3931 lux,
1672 3865 1817 3920 sedetiam

481 3937 657 4011 imprimuntur
678 3956 707 4001 et
730 3950 859 4003 contrarii
881 3952 1066 4003 destruuntur.

553 4025 652 4079 Subire
673 4037 766 4082 autem
788 4032 879 4082 lumen
901 4032 1020 4082 defluens
1047 4030 1190 4098 passiones
1219 4029 1288 4081 istas
1310 4029 1368 4081 sine
1395 4028 1525 4081 beneficio
1553 4025 1665 4095 hospitii
1687 4042 1737 4078 seu
1757 4026 1816 4094 pcl-

484 4099 556 4167 lucidi,
577 4105 616 4158 sic
638 4109 733 4174 probo.
776 4109 965 4177 Repercussus
986 4111 1018 4161 fit
1043 4116 1170 4178 respectu
1193 4107 1245 4160 loci
1266 4116 1295 4161 et
1316 4108 1374 4160 sine
1400 4115 1537 4177 tempore,
1563 4113 1594 4159 at
1615 4104 1684 4158 nulli
1709 4103 1818 4175 corpori

484 4186 611 4238 materiate
633 4193 724 4239 motus
747 4188 843 4241 localis
864 4189 922 4241 sine
945 4196 1067 4257 tempore
1089 4188 1229 4258 competit.

556 4265 624 4326 Quid
646 4266 669 4317 si
692 4284 756 4320 vero
779 4268 853 4320 dicat
873 4268 982 4336 aliquia,
1004 4268 1171 4320 Aristoteles
1196 4274 1298 4321 motum
1323 4269 1395 4320 bunc
1416 4285 1465 4320 seu
1491 4264 1663 4320 allectionem
1688 4261 1818 4333 pellucidi

487 4341 639 4413 iseoganan
661 4364 715 4398 non
742 4348 825 4415 plane
857 4347 1001 4417 physicam
1032 4347 1154 4400 asserit?
1186 4349 1374 4416 Respondeo‚·
1394 4363 1489 4400 sensus
1517 4345 1603 4415 igitur
1623 4341 1817 4397 Aristotelicas

488 4417 597 4476 coincidet
619 4442 680 4478 cum
701 4443 784 4478 sensu
806 4428 966 4495 opticorum,
989 4426 1116 4480 different
1137 4434 1230 4480 tamen
1250 4428 1345 4480 verba.
1374 4429 1414 4478 At
1434 4443 1482 4478 cur
1503 4442 1556 4478 non
1578 4422 1669 4492 petius
1691 4428 1818 4476 naturam

488 4508 556 4554 rtruta
575 4504 697 4557 imitatus
719 4505 747 4558 in
767 4507 828 4559 lucc
849 4507 950 4559 statuit
971 4514 1072 4559 rnatum
1093 4507 1289 4575 analogicum?
1317 4506 1387 4559 Nam
1409 4507 1480 4576 quod
1501 4503 1582 4558 audio
1602 4503 1638 4555 ab
1660 4501 1739 4555 aliis:
1768 4501 1819 4554 lux

489 4586 524 4629 ‘tu
543 4583 645 4651 species
672 4601 774 4638 merum
803 4587 928 4639 accidens
957 4586 1104 4639 motionem
1136 4587 1242 4639 nullam
1269 4584 1405 4638 sustinere
1431 4590 1538 4654 potest,
1567 4597 1667 4651 regere
1699 4596 1754 4651 ego
1781 4596 1819 4636 cx

490 4656 562 4714 eulem
579 4663 771 4732 philosophia,
801 4682 899 4735 corpus
921 4665 948 4717 in
973 4671 1109 4718 memento
1136 4664 1238 4718 moveri
1261 4682 1315 4717 non
1336 4671 1439 4732 potest.
1481 4662 1571 4725 Quale
1599 4660 1694 4730 itaque
1719 4674 1818 4729 corpur

490 4726 538 4789 lucis
557 4735 626 4807 (sine
648 4739 781 4811 materia)
804 4745 869 4798 talis
890 4751 919 4795 et
939 4749 1029 4797 motus
1052 4742 1121 4810 (sine
1144 4738 1291 4812 tempore),
1312 4751 1459 4815 utrumque
1481 4740 1666 4812 analogicum.

556 4828 681 4884 Summa:
704 4831 811 4885 videtur
824 4832 990 4886 Aristoteles
1011 4833 1182 4903 distinguere
1198 4834 1270 4887 inter
1290 4831 1409 4902 speciem
1429 4831 1550 4885 colorum
1568 4834 1598 4882 ct
1616 4848 1649 4884 ro
1669 4846 1739 4901 φως,
1759 4843 1820 4881 cum

491 4898 561 4960 lemen
579 4911 614 4963 ab
636 4910 709 4964 omni
730 4912 829 4974 colore,
852 4928 913 4965 cum
933 4912 1049 4975 videtur,
1072 4913 1165 4966 lumen
1186 4919 1345 4982 spargatur.

557 4987 653 5057 llajeri
674 4989 769 5060 itaque
791 4990 926 5045 dissoluta
939 5007 1028 5061 neque
1050 4992 1188 5045 conclusio
1210 4991 1343 5062 sequitur.
1372 4988 1464 5050 Quare
1485 4989 1521 5041 ad
1534 4986 1581 5044 Ν.
1602 4984 1685 5040 facile
1705 5000 1819 5055 respon·

492 5051 559 5129 dliv·
577 5067 655 5137 euius
675 5068 763 5123 minor
784 5068 837 5124 ruit
856 5070 885 5125 in
905 5071 953 5125 111.
975 5070 1113 5125 condutio
1134 5077 1165 5124 et
1184 5070 1299 5124 inventa
1319 5074 1365 5123 est
1384 5066 1466 5121 falsa.
1497 5063 1619 5120 Medium
1637 5063 1711 5120 cuim
1730 5079 1820 5136 nequo
