4584 6192
553 592 618 662 362
1041 592 1216 645 nmnomlse
1232 591 1294 644 rm
1312 591 1410 658 opilea

638 768 716 836 cam
744 787 818 851 ergo
849 765 1000 832 hora12.
1034 767 1218 847 superfuerit
1246 767 1398 832 semihora
1420 767 1460 829 ad
1492 764 1640 845 medinm,
1670 773 1777 831 centro
1799 765 1908 830 Lunae

554 857 729 926 1500100010
751 863 961 921 anteverteute
979 864 1115 919 centrum
1128 857 1262 934 umbrae,
1288 875 1364 939 quae
1387 855 1503 919 iaciunt
1521 857 1552 918 in
1571 851 1702 921 transitu
1720 855 1759 933 1¹,
1784 855 1910 937 pulchre

550 948 663 1024 assuit,
685 955 721 1011 ut
741 948 818 1010 hora
842 943 894 1008 12.
921 944 950 1009 1¹
973 953 1109 1007 centrum
1131 945 1236 1008 Lunae
1260 948 1289 1009 in
1312 944 1478 1008 meridiano
1500 952 1668 1009 notaretur.

638 1037 675 1100 In
693 1033 844 1119 Tychouis
860 1033 1247 1097 Braheobservationibus
1272 1034 1403 1096 omnium
1425 1033 1669 1096 commodissima
1693 1032 1762 1096 huic
1785 1032 1912 1113 negotio

550 1134 585 1190 et
605 1124 762 1188 meridiani
784 1122 1009 1204 opportunitate
1032 1130 1065 1184 ct
1086 1123 1268 1186 observandi
1297 1122 1457 1203 diligentia
1484 1132 1535 1185 est
1562 1122 1685 1204 eclipsis
1708 1122 1816 1185 Lunae
1840 1122 1913 1184 anui

555 1211 650 1280 1588
672 1210 703 1277 3.
728 1212 843 1274 Martii.
888 1211 968 1274 Nam
989 1217 1054 1273 toto
1078 1212 1247 1275 durationis
1270 1219 1420 1292 tempore,
1443 1210 1625 1292 praesertim
1647 1211 1678 1273 in
1701 1209 1912 1290 nonagesimo,

552 1302 702 1368 distantia
723 1301 881 1364 limborum
903 1320 922 1362 a
945 1299 1034 1363 corde
1058 1300 1171 1363 Leonis
1194 1307 1227 1363 et
1250 1299 1344 1382 Spica
1362 1300 1500 1380 Virginis
1522 1300 1702 1363 creberrime
1725 1307 1821 1379 capta
1844 1298 1913 1362 fuit.

554 1391 615 1456 Illa
637 1407 708 1453 vero
731 1387 915 1452 commodius
936 1387 1067 1451 refertur
1084 1388 1113 1452 in
1131 1396 1250 1469 partem
1274 1390 1412 1465 alteram,
1436 1408 1512 1471 qnae
1536 1389 1813 1452 demonstrationes
1836 1406 1913 1451 con·

553 1479 632 1544 tinet
652 1477 876 1542 restitutionum
900 1476 1064 1540 Lunarinm
1088 1496 1126 1539 ex
1149 1476 1321 1557 eclipsibus.
1334 1471 1378 1553 ⁸²)

641 1567 839 1630 Problema
872 1565 978 1628 xxn.
1042 1567 1296 1629 Instrumento
1336 1564 1518 1646 ecliptico
1560 1573 1734 1647 tempora
1776 1572 1915 1628 notare

554 1655 744 1738 expedite.
789 1654 872 1718 Nihil
896 1653 981 1730 novi,
1014 1654 1072 1717 uisi
1102 1655 1182 1737 quod
1213 1673 1299 1718 nsum
1331 1653 1524 1719 instrumenti
1555 1654 1672 1735 explico
1702 1662 1735 1717 et
1763 1654 1916 1736 quomodo

549 1741 654 1810 'omnia
683 1743 722 1807 ab
752 1762 812 1806 uno
844 1742 1040 1806 observatore
1072 1743 1278 1825 perficiantur,
1317 1761 1510 1826 quaecunque
1538 1742 1686 1807 hactenus
1723 1741 1917 1807 observanda

545 1832 762 1909 occurrebant,
785 1832 1021 1895 demonstratur.

643 1919 834 1984 Observator
855 1919 950 2002 igitur
971 1938 1095 1983 mensae
1126 1920 1248 1997 adstat,
1280 1926 1447 1982 transtrum
1479 1918 1603 1984 brachio
1627 1920 1666 1983 ad
1694 1927 1809 1983 motum
1833 1917 1917 1983 Solis

553 2011 759 2085 transferens,
792 2009 927 2090 regulam
951 2026 1022 2071 vero
1045 2009 1095 2071 vel
1117 2008 1262 2071 attollens
1286 2008 1334 2070 vel
1358 2007 1538 2087 deprimens,
1570 2018 1661 2090 atque
1684 2009 1735 2073 ubi
1765 2008 1918 2090 placuerit

560 2099 683 2182 aliquod
705 2104 886 2162 momentum
909 2097 1044 2162 omnibus
1067 2097 1303 2160 circumstantiis
1331 2104 1437 2159 notare
1461 2106 1493 2160 et
1515 2096 1607 2160 iudex
1629 2099 1746 2161 rotulae
1770 2106 1854 2161 recte
1877 2098 1918 2160 ad

557 2188 675 2256 rantum
697 2186 852 2261 habuerit,
881 2186 998 2267 signum
1024 2187 1100 2250 facit
1121 2194 1155 2249 et
1176 2185 1206 2248 in
1239 2186 1388 2267 quadrato
1420 2185 1594 2249 asimuthali
1617 2195 1650 2249 st
1673 2188 1702 2250 in
1727 2194 1862 2250 transtro
1887 2196 1920 2248 st

560 2277 592 2342 in
614 2277 730 2358 regulo,
754 2295 815 2358 qua
832 2294 866 2338 se
884 2281 988 2338 mutuo
1011 2283 1126 2352 secant,
1151 2274 1257 2357 hisque
1271 2275 1367 2338 tribus
1390 2273 1485 2355 signis
1508 2276 1634 2338 eandem
1652 2284 1757 2338 notam
1779 2276 1916 2358 apponit,

559 2373 670 2449 postea
691 2365 816 2429 immoto
838 2364 1038 2428 instrumento
1067 2382 1222 2427 numerum
1245 2383 1298 2427 seu
1321 2371 1425 2426 notam
1448 2362 1600 2444 signorum
1621 2364 1768 2428 exscribit
1791 2372 1825 2428 et
1848 2365 1919 2447 quid

559 2455 651 2518 iudex
673 2453 895 2529 monstraverit,
920 2451 991 2534 quid
1013 2453 1229 2527 transversale,
1252 2453 1322 2534 quid
1345 2452 1452 2515 umbra
1470 2453 1499 2514 iu
1519 2452 1618 2516 divisa
1640 2454 1798 2530 diametro,
1822 2453 1918 2516 addit.

559 2542 608 2608 Ee
631 2543 714 2605 laeto
737 2561 854 2605 rursum
877 2560 912 2606 se
935 2541 975 2603 nd
997 2542 1079 2604 alind
1110 2549 1293 2605 momentum
1325 2542 1533 2622 aucupandum
1566 2543 1692 2606 confert.
1739 2544 1792 2606 Ita
1818 2543 1922 2606 omnia

561 2632 667 2696 eodem
691 2631 756 2693 loco
779 2631 886 2694 iisdem
918 2629 1057 2693 manibus
1080 2637 1113 2692 et
1139 2631 1205 2694 sine
1237 2629 1417 2693 titubatione
1449 2630 1639 2694 efficiuntur:
1670 2632 1750 2713 quod
1777 2631 1808 2694 iu
1838 2632 1921 2695 lucro

561 2720 741 2802 ponendum,
765 2719 815 2782 ubi
837 2719 993 2800 adjutores
1015 2718 1107 2801 periti
1130 2719 1289 2783 defuerint.
1334 2719 1416 2782 Nam
1438 2717 1550 2781 insueti
1578 2720 1647 2800 plna
1669 2720 1806 2797 turbant,
1830 2739 1922 2803 quam

563 2807 722 2890 atbuvaut.
1665 2805 1667 2812 '

652 2898 686 2959 In
709 2894 885 2960 azimntbali
905 2894 996 2975 igitur
1014 2895 1163 2977 quadrato
1187 2894 1405 2958 aaimuthorom
1418 2902 1590 2976 tangentes,
1613 2896 1643 2958 in
1658 2897 1766 2977 regula
1778 2905 1923 2961 secantes

563 2986 729 3050 distantiae
751 2983 905 3048 luminaris
920 2984 1076 3061 avertice,
1100 2984 1131 3047 in
1145 2992 1280 3048 transtro
1303 2991 1465 3064 tangentes
1493 2984 1629 3065 ejusdem
1651 3005 1739 3048 arcus
1763 2985 1922 3051 invenien-

564 3083 625 3151 tur,
649 3074 786 3156 legitima
809 3072 995 3136 dimensione
1016 3072 1232 3153 particularum
1251 3072 1406 3137 adhibita:
1431 3081 1463 3135 et
1480 3074 1556 3136 haec
1575 3074 1636 3137 tria
1657 3075 1806 3156 probandi
1819 3096 1925 3140 ,causa

564 3164 605 3228 ad
626 3164 706 3226 idem
732 3160 878 3243 temporis
911 3169 1094 3225 momentum
1126 3163 1304 3226 eliciendum
1336 3161 1526 3225 adhibentur.
1571 3164 1750 3244 Exemplum
1780 3174 1926 3248 sequetur

563 3253 595 3318 in
618 3254 675 3316 hue
698 3273 734 3316 ca
757 3251 820 3314 itis.

557 3383 561 3389 -
653 3270 923 3405 Protpheorema
945 3339 989 3401 ad
1012 3356 1169 3421 sequens
1198 3339 1395 3420 problema.
1442 3337 1628 3411 Quodvis
1655 3340 1808 3421 ellipsis
1832 3343 1924 3424 ejus,

566 3449 636 3512 qua
665 3428 729 3494 801
763 3427 1018 3508 pavimentum
1053 3429 1175 3509 pingit
1208 3446 1273 3509 per
1315 3428 1439 3491 rimam
1476 3428 1678 3505 admissus,
1718 3431 1772 3493 sit
1804 3433 1925 3495 sectio

566 3519 710 3582 conica.
755 3517 835 3581 Nam
858 3517 909 3579 via
931 3514 1013 3579 Solis
1036 3516 1066 3581 iu
1090 3517 1174 3581 coelo
1198 3525 1247 3580 est
1269 3518 1407 3592 circulus,
1432 3517 1461 3579 in
1486 3517 1683 3598 aequinoctiis
1706 3520 1868 3596 maximus,
1893 3530 1925 3582 et

565 3606 780 3690 propemodum
804 3605 931 3668 circulus
956 3606 1049 3679 (alter
1068 3606 1146 3669 enim
1163 3606 1201 3670 ab
1221 3608 1318 3669 altero
1341 3625 1435 3668 nexus
1450 3607 1585 3669 nonnihil
1608 3607 1801 3689 interrumpit
1824 3611 1924 3673 omni-

565 3698 687 3761 modam
710 3694 974 3772 ciroularitstem),
1003 3694 1034 3757 in
1057 3695 1199 3758 solstitiis
1222 3695 1405 3775 tropicorum
1429 3696 1634 3775 magnitudine
1657 3696 1816 3774 minimus,
1847 3699 1923 3763 locis

566 3784 751 3850 intermediis
774 3783 981 3847 intermedius.
1026 3783 1096 3847 Jem
1120 3803 1191 3847 vero
1215 3793 1247 3846 et
1270 3784 1430 3848 fenestella
1452 3793 1607 3847 nostrast
1629 3786 1787 3850 universus
1812 3787 1925 3850 Terrae

566 3876 674 3956 globus
696 3874 736 3937 ad
766 3893 888 3936 sensnm
911 3871 1012 3936 estin
1044 3891 1102 3935 axe
1130 3873 1169 3935 ad
1200 3893 1305 3937 omnes
1336 3873 1405 3936 illos
1438 3873 1565 3935 circulos
1597 3875 1712 3939 dierum
1742 3878 1925 3941 naturalium

566 3972 660 4029 recto.
706 3964 789 4043 Ergo
812 3962 910 4025 lineae
943 3969 1158 4024 connectentes
1190 3963 1381 4026 fenestellam
1405 3982 1471 4025 cum
1495 3963 1630 4026 omnibus
1657 3965 1777 4044 punctis
1811 3967 1924 4036 circuli,

566 4073 653 4136 quem
678 4071 794 4135 quoque
818 4051 866 4112 die
890 4049 945 4113 Sol
967 4051 1172 4131 perambulat,
1206 4052 1262 4113 hoc
1286 4059 1335 4115 est
1360 4051 1437 4113 radii
1460 4050 1543 4115 Solis
1566 4071 1624 4115 unc
1657 4054 1774 4133 integro
1800 4056 1849 4117 die
1872 4074 1926 4136 per

567 4143 647 4205 idern
670 4143 804 4203 foramen
828 4138 971 4221 ingressi,
996 4140 1095 4220 juncti
1119 4140 1252 4203 universi
1275 4160 1313 4202 ex
1335 4140 1471 4203 omnibus
1495 4140 1576 4203 Solis
1600 4141 1731 4217 situbus,
1766 4144 1926 4207 efformaut

567 4249 674 4294 conum
706 4238 820 4292 rectum
844 4228 962 4309 (Apoll.
988 4227 1063 4291 (lon.
1087 4230 1112 4302 I,
1136 4228 1197 4290 def.
1226 4229 1253 4291 1.
1278 4225 1309 4293 4.
1333 4226 1392 4303 8.).
1440 4228 1502 4292 Sed
1532 4229 1621 4292 iidem
1653 4232 1728 4292 radii
1753 4231 1837 4296 Solis
1861 4233 1924 4297 lor-

529 4367 537 4378 .
566 4328 653 4383 mant
675 4318 767 4381 etiam
789 4318 870 4381 intra
892 4336 1045 4380 cameram
1068 4335 1121 4381 seu
1144 4318 1310 4381 fenestram
1339 4337 1445 4380 conum
1473 4319 1600 4382 alterum
1630 4321 1774 4383 exteriori
1797 4322 1927 4386 similem

567 4409 655 4485 (ibid.
670 4407 695 4484 I,
712 4408 771 4471 def.
790 4407 833 4483 1),
849 4426 915 4470 curn
930 4427 1005 4469 scra
1019 4428 1151 4488 aopoppr
1168 4407 1269 4487 anguli
1284 4407 1347 4470 sint
1360 4407 1458 4488 aequi.
1492 4408 1702 4472 Pavimeutum
1716 4428 1789 4473 vero
1804 4412 1926 4494 ponitur

567 4499 658 4580 plano
681 4497 847 4559 horizontis
874 4496 1052 4577 parallelon.
1099 4496 1141 4557 Et
1164 4496 1242 4558 radii
1265 4496 1347 4559 Solis
1371 4497 1400 4558 iu
1429 4515 1603 4579 quocunque
1627 4499 1687 4561 situ
1710 4517 1767 4578 per
1790 4500 1925 4564 10000000

567 4586 697 4669 ingressi
720 4586 932 4649 continuantur
947 4586 978 4648 in
1001 4586 1215 4667 pavimentum.
1253 4584 1420 4666 Fingantur
1437 4603 1492 4666 per
1506 4594 1603 4649 totum
1621 4588 1758 4650 diurnum
1781 4591 1926 4654 circulum

567 4678 664 4740 multa
687 4683 719 4738 et
742 4675 918 4739 continuata
932 4672 1013 4738 Solis
1036 4694 1173 4755 corpora,
1197 4694 1269 4755 ergo
1287 4675 1364 4738 radii
1379 4674 1418 4737 ab
1437 4676 1574 4738 omnibus
1597 4676 1686 4739 simul
1708 4676 1925 4758 ingredientur,

568 4767 625 4830 hoc
649 4773 698 4827 est
720 4764 893 4844 superficies
916 4763 1021 4825 conica
1043 4763 1228 4844 ingredietur
1246 4782 1301 4843 per
1323 4764 1469 4825 foramen.
1507 4764 1550 4826 Et
1572 4765 1625 4827 illo
1648 4777 1769 4829 secatur
1793 4789 1813 4829 a
1835 4770 1926 4849 plano

568 4854 745 4937 pavimenti.
791 4852 873 4932 Ergo
897 4853 1061 4915 communis
1085 4853 1197 4922 sectio,
1222 4853 1278 4914 hoc
1302 4861 1350 4914 est
1372 4853 1438 4926 via,
1462 4871 1552 4933 quam
1576 4855 1691 4934 ellipsis
1716 4853 1836 4921 Solaris
1859 4868 1925 4920 toto

459 4955 464 4964 ’
570 4945 618 5007 (110
642 4941 797 5016 describit,
823 4949 871 5002 est
894 4942 990 5003 sectio
1014 4942 1128 5004 conica.
1168 4939 1332 5021 comorga
1351 4940 1406 5004 Sol
1426 4960 1483 5004 000
1508 4942 1635 5018 occidit,
1661 4946 1714 5005 sed
1739 4946 1926 5009 horizontem

570 5032 749 5096 fenestellae
772 5028 902 5109 stringit,
926 5030 1049 5111 planum
1071 5029 1235 5093 horizontis
1259 5031 1406 5092 estimas
1430 5031 1497 5093 coni
1520 5032 1601 5094 illius
1624 5032 1722 5095 lineae
1745 5035 1926 5115 parallelon,

570 5140 662 5203 quare
683 5121 778 5184 sectio
797 5117 846 5181 hic
865 5126 914 5181 est
931 5119 1074 5200 parabole
1090 5118 1208 5199 (Apoll.
1223 5119 1249 5191 1,
1267 5118 1333 5195 11).
1373 5120 1420 5182 At
1436 5119 1487 5182 nbi
1500 5118 1555 5184 Sol
1573 5122 1663 5201 plane
1684 5142 1745 5186 nou
1764 5125 1880 5189 occidit
1898 5133 1927 5186 et
