4584 6192
477 615 539 684 144
686 531 703 558 0
944 614 1363 679 annemundum
1421 651 1429 659 .

472 813 543 855 esse
575 792 770 873 proportione
792 791 833 851 ad
864 791 994 851 calorem
1027 791 1113 851 unius
1136 790 1237 862 Solis,
1270 811 1358 870 quam
1383 805 1416 853 ut
1439 794 1477 853 ab
1502 794 1640 869 bomine,
1668 800 1756 879 cujus
1784 809 1833 863 est

471 898 557 956 certa
579 883 690 943 caloris
714 899 868 950 mensura,
896 893 1020 958 uterque
1044 880 1131 940 simul
1164 879 1277 957 percipi
1300 893 1332 940 et
1351 883 1483 959 judicari
1505 887 1615 961 possit.
1662 887 1709 948 Er
1734 889 1830 952 effac.

472 971 554 1032 tibus
578 983 680 1032 tamen
703 969 834 1029 siderum
862 981 1008 1047 apparet,
1039 967 1138 1027 inesse
1163 970 1192 1027 in
1221 968 1385 1029 visceribus
1409 971 1522 1031 Terrae
1549 994 1671 1036 sensum
1695 978 1830 1055 ipsorum

470 1059 591 1120 caloris.
637 1058 731 1120 Nulla
754 1075 881 1135 uamque
904 1065 1007 1135 potest
1029 1058 1207 1134 evaporatio
1231 1076 1283 1116 seu
1312 1058 1421 1137 frigida
1444 1079 1497 1118 seu
1525 1063 1626 1123 calida
1649 1068 1830 1145 (compara.

471 1147 554 1209 tione
578 1147 618 1208 ad
641 1149 712 1216 nos)
735 1145 807 1205 cieri
830 1145 895 1205 siue
918 1144 1018 1205 calore
1041 1144 1141 1224 aliquo
1164 1157 1347 1206 estennaute
1370 1159 1403 1207 et
1426 1147 1615 1213 sublimante.
1655 1155 1733 1232 Apti
1757 1173 1829 1217 rem

471 1245 544 1297 suut
564 1237 707 1315 planetae
737 1252 840 1293 omues
863 1235 943 1294 ciere
966 1251 1105 1312 vapores.
1153 1231 1299 1294 Omnibus
1331 1236 1423 1313 igitur
1451 1257 1523 1298 suus
1546 1240 1656 1301 caloris
1691 1242 1830 1307 effectus,

472 1325 519 1386 De
550 1324 655 1403 ignitis
686 1341 802 1383 rursum
831 1341 880 1381 res
910 1335 957 1381 est
991 1322 1125 1382 evidens.
1173 1321 1218 1381 De
1248 1323 1484 1386 cincindularum
1518 1327 1617 1389 lucula
1649 1332 1831 1394 tenuissima

471 1432 583 1492 negare
607 1432 664 1473 non
697 1405 803 1489 potes,
837 1411 906 1489 quin
939 1430 1005 1470 cum
1038 1409 1139 1469 calore
1163 1411 1213 1469 sit.
1262 1410 1378 1472 l'ivunt
1405 1414 1482 1473 euim
1506 1427 1538 1476 et
1561 1428 1738 1493 moventur,
1773 1422 1830 1483 huc

471 1513 573 1563 autem
596 1520 654 1561 uon
678 1502 743 1560 sine
765 1499 966 1559 calefactione
989 1499 1150 1577 perficitur.
1197 1496 1258 1559 Sed
1283 1519 1377 1579 neque
1408 1506 1644 1578 putrescentium
1679 1508 1828 1587 lignorum

471 1590 522 1650 lux
554 1609 610 1650 suo
642 1589 743 1648 calore
776 1587 970 1659 destituitor;
1009 1606 1078 1646 nam
1112 1587 1177 1664 ipsa
1211 1589 1338 1666 putredo
1368 1590 1488 1667 qnidam
1522 1593 1621 1655 lentus
1653 1596 1734 1675 ignis
1768 1609 1826 1662 est

472 1676 620 1749 Quamvis
643 1676 829 1737 Aristoteles
860 1676 1043 1753 distinguat,
1077 1675 1245 1735 concedens
1271 1677 1323 1736 illa
1350 1680 1487 1752 λιιμιω,
1522 1700 1637 1760 negans
1661 1702 1734 1746 vero
1763 1709 1829 1764 qn:

470 1766 620 1842 ι’μιοιιιιε
644 1764 769 1845 quodsi
792 1764 952 1824 sanissime
976 1764 1140 1841 intelligas,
1166 1777 1286 1825 nonest
1310 1766 1391 1827 aliud
1415 1786 1502 1846 quam
1518 1769 1574 1831 hoc
1594 1772 1704 1846 dicere,
1730 1775 1827 1837 lucem

470 1856 552 1915 illam
575 1855 604 1916 in
628 1853 840 1915 remississimo
860 1852 955 1930 gradu
979 1871 1056 1912 esse.
1095 1850 1341 1921 claustrorum
1362 1869 1408 1915 est
1434 1876 1465 1915 se
1486 1858 1550 1936 ipso
1570 1860 1670 1922 lucere
1689 1863 1823 1925 carbun-

469 1945 577 2017 culum,
603 1942 739 2021 equidem
762 1951 795 2002 et
817 1941 845 2001 ei
869 1952 901 2000 et
923 1941 1060 2001 omuibus
1088 1941 1213 2019 gemmis
1246 1943 1380 2004 tribuunt
1412 1945 1558 2017 virtutes,
1593 1967 1720 2028 quarum
1749 1970 1827 2032 quae

469 2043 541 2093 aunt
555 2032 583 2092 in
599 2029 789 2101 carbunculo,
804 2029 956 2090 mediante
970 2029 1079 2090 caloris
1094 2030 1224 2107 quadam
1239 2031 1355 2091 ratione
1369 2033 1489 2110 prodire
1504 2047 1740 2100 cousentaneum
1755 2041 1824 2103 erit

558 2120 627 2181 Jam
657 2128 689 2180 et
718 2128 842 2179 econtra
874 2118 1059 2197 probandum
1092 2127 1159 2191 est,
1192 2119 1323 2180 calorem
1353 2121 1381 2180 iu
1411 2121 1499 2182 rebus
1532 2126 1643 2186 ceteris
1675 2129 1827 2191 universis

470 2209 668 2271 adventitium
691 2226 759 2268 esse
784 2217 815 2267 et
838 2226 857 2266 a
880 2207 954 2267 lucis
983 2206 1084 2267 calore
1115 2207 1265 2285 pendere,
1297 2208 1424 2287 ideoque
1455 2212 1611 2289 passivum
1643 2225 1728 2277 reete
1756 2219 1827 2281 dici,

468 2298 573 2372 Patet,
598 2297 668 2378 quia
692 2296 765 2357 nihil
788 2305 846 2369 est,
870 2295 948 2374 quod
973 2315 991 2353 a
1015 2315 1048 2355 se
1070 2296 1135 2373 ipso
1160 2294 1290 2357 calorem
1315 2297 1444 2371 habeat,
1469 2301 1661 2365 materiatum
1684 2323 1755 2368 cum
1778 2307 1829 2369 sit.

469 2387 504 2448 ld
528 2387 557 2447 iu
580 2387 627 2456 iia,
651 2404 728 2464 quae
754 2404 773 2444 a
795 2383 868 2447 Sole
891 2384 939 2444 vel
969 2384 1029 2462 igni
1062 2384 1214 2455 calefiunt,
1248 2386 1438 2447 manifestum
1466 2396 1524 2450 est.
1571 2391 1720 2454 Liberata
1747 2397 1827 2457 enim

469 2475 643 2554 praesentia
666 2474 775 2535 caloris
798 2473 847 2533 vel
869 2472 948 2551 iguis
971 2491 1088 2533 rursum
1112 2472 1286 2551 frigescunt.
1323 2472 1382 2543 Qui
1404 2494 1475 2536 vero
1497 2478 1527 2538 in
1552 2480 1757 2544 animantibus
1781 2494 1831 2547 est

468 2565 571 2638 calor,
605 2573 719 2624 certum
752 2562 829 2642 quod
853 2580 891 2621 ex
924 2560 1044 2621 arteriis
1074 2562 1103 2621 in
1137 2580 1245 2639 corpus
1278 2564 1390 2623 veniat.
1446 2564 1560 2628 Statim
1589 2569 1667 2630 euim
1700 2589 1830 2651 corpora

470 2653 635 2731 frigescunt
666 2651 785 2712 arteriis
817 2649 1000 2711 interclusis.
1050 2649 1083 2709 ln
1109 2650 1238 2710 arterias
1262 2671 1299 2711 ex
1331 2653 1422 2713 corde
1450 2655 1551 2729 veuit,
1583 2657 1611 2717 in
1641 2660 1733 2721 corde
1756 2679 1829 2724 veru

469 2759 527 2803 uon
549 2759 665 2813 uereor,
690 2740 774 2818 cujus
798 2739 840 2799 rei
856 2738 1011 2799 Fernelius
1036 2738 1259 2800 similitudinem
1284 2739 1382 2800 inesse
1406 2741 1492 2813 dixit,
1516 2763 1578 2806 rem
1603 2746 1702 2824 ipsam
1725 2749 1828 2811 inesse

469 2830 628 2903 affirmare,
653 2829 805 2889 flammam
829 2845 934 2905 nempe
958 2845 1127 2905 perennem.
1175 2827 1254 2888 Nam
1277 2829 1322 2888 cui
1348 2829 1390 2890 rei
1423 2839 1493 2891 sunt
1523 2835 1695 2911 pulmonum
1725 2838 1826 2914 folles,

469 2925 569 2981 aerem
592 2919 745 2991 afflantes,
771 2937 807 2977 ne
832 2917 897 2976 rita
920 2915 1135 2976 intercludatur
1159 2915 1277 2977 delectu
1302 2918 1390 2990 aeris,
1416 2927 1449 2979 ut
1472 2921 1552 2982 solet
1571 2922 1599 2982 in
1625 2923 1714 3002 igne;
1739 2935 1825 2988 arte.

469 3008 578 3070 riarum
603 3008 731 3068 fumaria
754 3016 786 3068 et
808 3006 912 3084 pulsos
936 3024 989 3065 seu
1013 3005 1156 3083 expulsus
1181 3005 1267 3077 lumi,
1293 3026 1329 3065 ue
1354 3008 1538 3086 opprimatur
1562 3011 1609 3071 hic
1634 3013 1783 3091 igniculus
1808 3036 1827 3078 a

470 3115 523 3159 suo
548 3105 750 3169 excremento,
775 3094 874 3157 cordis
900 3093 1054 3154 latebrosa
1079 3092 1204 3172 lampas,
1229 3095 1352 3173 sanguis
1370 3115 1408 3155 ex
1423 3097 1488 3175 ipso
1511 3118 1606 3161 cavae
1630 3121 1726 3164 venae
1750 3111 1826 3165 cau-

470 3187 536 3247 dice
559 3205 613 3265 per
646 3185 783 3245 canalem
813 3183 994 3262 peculiarem
1017 3182 1046 3242 in
1070 3200 1121 3243 cor
1153 3182 1311 3243 traductus
1335 3185 1494 3247 adinstar
1525 3188 1602 3261 olei,
1637 3193 1716 3252 unde
1740 3195 1828 3255 vivat

469 3275 542 3335 haec
573 3273 717 3335 flamma?
754 3272 822 3334 Non
856 3272 912 3333 hoc
942 3271 1109 3342 contendo,
1143 3273 1313 3351 pulmonum
1343 3280 1444 3334 aerem
1476 3285 1507 3336 et
1541 3295 1635 3338 venae
1668 3282 1826 3345 artoriatin

473 3362 648 3441 sauguinem
672 3361 744 3423 nihil
769 3380 837 3421 esse
862 3361 917 3420 nisi
943 3379 1054 3421 merum
1079 3360 1252 3421 alimentum
1272 3361 1360 3440 hujus
1385 3364 1541 3438 flammae;
1566 3386 1621 3428 uec
1640 3368 1725 3445 illud,
1750 3371 1825 3432 nihil

468 3452 497 3512 in
522 3451 650 3512 arterias
683 3450 812 3512 transire
846 3449 902 3510 nisi
931 3468 1013 3510 mera
1045 3458 1237 3510 excrementa
1265 3450 1352 3529 liujus
1386 3453 1573 3529 flammulae,
1598 3457 1641 3517 sic
1665 3467 1700 3519 ut
1723 3461 1827 3522 emula

470 3540 518 3601 uni
542 3540 624 3601 cordi
647 3558 701 3601 ceu
726 3539 851 3618 principi
876 3538 1019 3599 serviant.
1068 3535 1209 3598 Concedo
1233 3539 1325 3611 euim,
1358 3558 1409 3600 cor
1433 3541 1528 3619 ipsum
1564 3546 1659 3606 totius
1683 3548 1825 3610 animalis

468 3627 633 3690 ministerio
658 3628 842 3708 deputatum.
891 3625 1031 3689 Concedo
1060 3625 1114 3687 hos
1145 3627 1231 3708 quasi
1264 3628 1378 3689 reditus
1402 3630 1430 3689 in
1455 3649 1506 3691 cor
1529 3642 1673 3714 tanquam
1698 3636 1727 3696 iu
1753 3639 1823 3699 offi-

468 3719 566 3780 cinam
599 3717 717 3788 invebi,
749 3725 781 3777 ut
805 3717 852 3778 hic
882 3716 1054 3788 elaborata,
1089 3716 1150 3776 alia
1176 3734 1231 3795 per
1262 3717 1403 3779 arteriam
1435 3719 1464 3779 in
1498 3740 1606 3800 corpus
1640 3724 1825 3801 uuiversum,

468 3806 650 3869 inevitabilis
675 3806 816 3867 utilitatis
839 3823 940 3877 causa,
966 3805 1146 3866 dividantur.
1193 3805 1316 3867 Interim
1347 3807 1414 3885 ipsa
1441 3812 1633 3873 attractionis
1657 3822 1689 3874 et
1712 3817 1824 3895 expui.

465 3897 559 3958 sionis
593 3897 689 3957 lorma
720 3902 904 3974 naturaeque
936 3893 1208 3955 machinamentum
1243 3894 1271 3955 in
1305 3897 1432 3957 valvulis
1465 3899 1549 3960 elata
1588 3920 1662 3961 voce
1695 3903 1820 3980 clamat,

465 3986 564 4048 inesse
588 3985 616 4046 in
632 3984 722 4045 corde
747 3984 895 4045 flammam
919 3982 1072 4056 artificem,
1097 4002 1173 4062 quae
1189 3984 1227 4044 ab
1251 3983 1480 4062 ingredientium
1505 3989 1704 4069 vectigalibus
1724 3993 1822 4056 vitam

467 4076 587 4147 toleret,
612 4081 805 4134 excrementa
827 4091 893 4134 cum
919 4072 955 4133 iis
987 4071 1126 4150 operibus
1151 4072 1229 4144 suis,
1254 4074 1360 4152 quibus
1383 4074 1546 4137 efficiendis
1575 4085 1624 4138 est
1653 4080 1819 4157 destinata,

394 4162 400 4178 '
465 4182 531 4225 uum
555 4162 661 4242 spiritu
685 4161 801 4223 seilicet
825 4162 910 4222 vitali
933 4163 1072 4221 exturbet
1095 4180 1150 4239 per
1172 4162 1298 4221 eandem
1325 4163 1419 4235 viam,
1445 4163 1503 4225 irno
1528 4165 1571 4227 sic
1599 4186 1668 4228 esse
1693 4189 1821 4250 compa-

465 4261 564 4314 ratam
587 4259 724 4312 naturam
757 4250 888 4311 universi
921 4250 1054 4328 corporis
1078 4259 1109 4310 et
1132 4250 1160 4310 in
1185 4269 1220 4310 eo
1244 4250 1360 4322 cordis,
1389 4261 1462 4313 ota
1490 4254 1589 4316 cordis
1624 4260 1821 4322 recrementis

465 4359 574 4421 corpus
598 4339 766 4402 rectissime
791 4346 988 4400 sustentetur.
1036 4338 1114 4399 Nam
1138 4338 1195 4399 nisi
1219 4349 1357 4401 naturam
1387 4353 1506 4419 urgeret
1536 4343 1706 4407 flammulae
1731 4348 1822 4427 hujus

465 4429 688 4491 conservandae
713 4429 899 4499 necessitas,
922 4436 1042 4506 poterat
1070 4427 1165 4488 levius
1190 4436 1221 4488 et
1253 4428 1442 4509 tranquillius
1469 4431 1609 4493 invehere
1641 4436 1822 4515 sauguinem

466 4518 495 4581 in
519 4537 571 4581 cor
595 4526 627 4579 et
650 4518 689 4578 ab
712 4519 816 4579 eodem
841 4518 1017 4596 exprimere,
1042 4526 1075 4577 ut
1098 4517 1127 4576 io
1152 4524 1250 4596 epate,
1276 4537 1330 4579 nec
1355 4528 1436 4579 motu
1461 4522 1592 4601 systoles
1616 4531 1648 4583 et
1671 4524 1821 4588 diastolas

464 4608 522 4670 luit
544 4627 629 4689 opus.
678 4604 793 4668 Contra
817 4607 842 4667 si
866 4625 1011 4686 quaeras,
1046 4624 1175 4685 quonam
1199 4606 1286 4667 modo
1310 4606 1388 4685 iguis
1421 4609 1530 4689 aliquis
1559 4628 1612 4672 seu
1641 4613 1766 4677 flamma
1788 4614 1821 4677 in

464 4699 567 4760 clauso
591 4715 665 4757 vase
688 4694 855 4757 rectissime
880 4695 1050 4756 conservari
1075 4695 1181 4774 possit,
1215 4696 1302 4774 quale
1327 4715 1377 4757 cor
1400 4716 1468 4759 esse
1499 4701 1702 4763 necessarium
1727 4704 1820 4766 erat?

464 4785 657 4867 Respondeo,
682 4803 740 4846 non
765 4784 823 4846 alio
848 4785 950 4857 modo,
985 4803 1073 4863 quam
1098 4803 1155 4863 quo
1179 4803 1230 4845 cor
1253 4795 1284 4846 et
1315 4785 1532 4849 conformatum
1556 4796 1605 4850 est
1628 4797 1660 4851 et
1684 4793 1822 4871 aperitur

464 4886 556 4957 atque
580 4873 740 4937 clauditur.
779 4871 881 4943 Quare
905 4891 963 4934 non
988 4872 1100 4945 dubito,
1126 4873 1194 4952 quin
1211 4873 1287 4934 hane
1311 4874 1439 4936 lucularu
1463 4877 1557 4939 oculis
1581 4896 1698 4960 quoque
1723 4882 1820 4944 simus

465 4964 638 5044 excepturi3
670 4963 695 5023 si
720 4962 805 5023 nobis
839 4961 995 5040 contingat
1028 4963 1151 5023 exclusa
1183 4962 1241 5022 diei
1266 4962 1330 5024 luce
1356 4963 1383 5023 iu
1408 4965 1507 5026 cordis
1541 4966 1676 5030 latebras
1710 4970 1821 5032 illaesa

465 5056 589 5117 llamma
616 5053 671 5114 hac
705 5051 910 5129 introspicere.
956 5051 1005 5112 lta
1028 5051 1111 5120 calor
1133 5049 1273 5112 animalis
1296 5072 1316 5112 a
1339 5053 1403 5113 luce
1427 5053 1587 5133 dependet.
1625 5057 1669 5119 Ut
1687 5068 1820 5132 taceam,

465 5143 543 5226 quod
566 5141 696 5212 animam
718 5158 773 5222 per
795 5158 828 5203 se
861 5138 1040 5201 invisibilem
1070 5138 1128 5199 luci
1160 5148 1319 5219 cognatam
1351 5141 1514 5204 essentiam
1542 5143 1653 5208 habere
1686 5165 1819 5214 consen-
