4584 6192
1051 550 1135 616 Caput
1153 550 1197 600 lv.
1216 550 1242 601 2.
1759 552 1822 619 183

470 726 597 791 medium
615 726 657 788 ad
678 725 809 788 medium
823 725 851 786 in
872 725 1032 802 densitate,
1057 727 1100 790 sic
1115 730 1173 790 hae
1196 730 1367 810 pyramides
1387 750 1485 792 vacua
1499 733 1537 792 ad
1556 733 1677 794 humore
1691 732 1821 811 plenam.

469 816 602 896 Denique
617 815 689 896 quia
705 815 859 895 proportio
878 816 1042 878 mediorum
1057 826 1105 879 est
1120 818 1255 880 trifariae
1275 820 1534 895 considerationis,
1560 840 1624 881 cum
1639 820 1821 882 densitatem

469 905 614 985 recipiant
635 905 666 966 in
690 904 820 984 longum,
846 904 940 965 latum
964 915 996 966 et
1017 907 1206 984 protundum,
1232 926 1409 987 progressus
1425 929 1490 970 sum
1514 909 1606 970 etiam
1630 910 1668 970 ad
1693 928 1819 989 propor-

468 997 576 1057 tionem
604 991 740 1056 cubicam
768 994 847 1055 inter
877 992 973 1055 lineas
995 993 1062 1067 EQ,
1087 995 1144 1056 ΕΗ
1173 997 1371 1075 quaerendas.
1419 996 1498 1068 Quin
1522 1007 1554 1058 et
1581 999 1659 1059 alias
1687 998 1821 1060 consului

467 1085 569 1147 lineas.
617 1082 806 1144 Demittatur
828 1101 866 1142 ex
889 1082 988 1162 aliquo
1011 1093 1186 1162 punctorum
1215 1085 1418 1160 retractionis,
1448 1095 1552 1166 utpote
1576 1106 1614 1147 ex
1638 1084 1666 1148 G
1690 1104 1820 1165 perpen-
1940 1116 1950 1135 ·

466 1172 608 1234 dicnlaria
631 1171 661 1232 in
687 1172 807 1232 tondum
832 1168 900 1232 GY.
949 1169 1096 1241 Quaestio
1128 1174 1204 1248 erit,
1234 1184 1332 1236 utrum
1361 1175 1542 1253 triangulum
1568 1174 1661 1249 GIY,
1693 1175 1750 1236 hoc
1774 1182 1823 1235 est

467 1260 546 1323 basis
568 1259 616 1321 IY
650 1258 834 1321 divideretur
868 1279 886 1319 a
917 1258 972 1323 GP
1004 1262 1135 1322 retracto
1168 1263 1198 1324 in
1230 1263 1422 1343 proportione
1453 1264 1614 1325 densitatis
1646 1264 1819 1325 mediorum.

465 1350 526 1413 llos
548 1347 657 1411 modos
680 1367 783 1409 omnes
807 1348 956 1427 conjunxi,
981 1349 1051 1428 quia
1074 1352 1199 1412 eundem
1224 1371 1326 1413 omnes
1350 1352 1465 1413 habent
1488 1354 1653 1414 elenchum.

548 1438 631 1499 Nam
664 1456 839 1518 quacunque
871 1436 987 1498 ratione
1021 1439 1118 1511 linea,
1151 1440 1272 1518 planum
1302 1442 1349 1503 vel
1379 1441 1513 1521 pyramis
1541 1441 1584 1502 EI
1613 1442 1652 1501 ad
1675 1439 1742 1514 ΕΡ,
1768 1448 1822 1502 aut

466 1525 641 1588 abbreviata
664 1525 707 1586 Yl
733 1525 771 1586 ad
793 1526 849 1587 YP
872 1526 1003 1587 retineat
1034 1529 1162 1588 eandem
1195 1529 1301 1607 ubique
1334 1530 1573 1608 proportionem,
1609 1536 1712 1609 utpote
1743 1548 1819 1607 quae
1912 1550 1918 1557 ·

466 1623 511 1677 est
533 1613 708 1688 mediorum,
734 1623 814 1676 certe
838 1614 881 1675 El
905 1624 1033 1694 tangens
1057 1616 1222 1677 distantiae
1250 1619 1352 1697 puncti
1376 1620 1405 1679 A
1430 1639 1448 1678 a
1472 1619 1583 1678 vertice
1607 1618 1658 1678 fiet
1682 1617 1711 1678 in
1735 1616 1819 1678 hori-

466 1703 573 1765 zontali
598 1702 748 1764 distantia
770 1703 893 1777 infinita,
920 1705 1026 1765 reddet
1050 1704 1141 1783 igitur
1164 1715 1196 1766 et
1218 1706 1272 1767 ΕΡ
1294 1707 1342 1767 vel
1365 1706 1420 1767 YP
1443 1706 1599 1767 infinitam.
1641 1705 1727 1768 Unde
1746 1703 1820 1767 IGP

468 1793 591 1873 angulus
623 1792 814 1853 retractionis
847 1792 1031 1868 abolebitur,
1066 1804 1098 1853 et
1126 1795 1339 1874 approximans
1372 1794 1518 1856 horizonti
1550 1794 1697 1873 paulatim
1724 1793 1820 1855 minor

467 1891 553 1962 atque
576 1881 675 1942 minor
698 1881 825 1952 evadet,
856 1882 932 1960 quod
958 1882 995 1941 ab
1020 1884 1207 1962 experientia
1236 1885 1393 1945 refutatur.
1440 1885 1519 1945 Nam
1547 1883 1693 1944 maximus
1716 1889 1766 1943 est
1789 1881 1818 1942 in

469 1970 630 2031 horizonte.
676 1970 742 2031 Nec
766 1969 836 2030 illae
860 1969 888 2029 in
914 1990 1034 2031 scenam
1058 1972 1246 2033 introductae
1269 1973 1441 2052 pyramides
1459 1971 1535 2033 bene
1559 1971 1737 2033 conveniunt
1753 1990 1818 2032 cum
1928 1979 1931 1985 '

467 2077 547 2139 prop.
573 2057 605 2120 7.
629 2055 662 2121 8.
688 2056 762 2138 Cap.
786 2059 811 2131 l,
837 2058 907 2138 quia
937 2061 1053 2139 species
1081 2061 1157 2121 lucis
1190 2062 1357 2141 superficiei
1389 2061 1591 2122 dimensiones
1621 2060 1726 2133 habet,
1760 2077 1817 2119 uon

467 2148 607 2228 corporis.
654 2146 791 2227 Denique
814 2147 889 2209 haec
913 2149 1029 2227 species
1052 2148 1081 2211 in
1106 2150 1173 2229 ipsa
1197 2150 1351 2229 superficie
1385 2149 1532 2210 densioris
1560 2147 1746 2227 retringitur,
1780 2147 1818 2223 ab

467 2237 518 2298 bac
542 2234 685 2315 passione
709 2244 791 2297 recto
815 2245 897 2297 motu
930 2237 1036 2311 tortor,
1071 2239 1315 2320 qualitercunque
1343 2239 1452 2300 fundus
1475 2238 1518 2299 illi
1547 2245 1693 2299 occurrat.
1741 2234 1820 2299 Sunt

466 2326 554 2405 igitur
584 2325 694 2386 fundus
718 2333 750 2386 et
780 2324 878 2387 lineae
900 2325 958 2400 EI,
982 2327 1035 2389 ΕΡ
1059 2336 1091 2388 et
1118 2327 1263 2390 confictae
1291 2330 1347 2389 hae
1376 2327 1548 2409 pyramides
1570 2326 1601 2387 in
1628 2324 1818 2388 retractionis

467 2414 585 2494 negotio
608 2413 700 2493 plane
724 2414 938 2476 accidentaria.

551 2503 686 2565 Tandem
707 2503 799 2582 igitur
818 2503 891 2564 itum
907 2512 954 2565 est
969 2504 1007 2564 ad
1023 2504 1118 2583 ipsam
1137 2505 1179 2566 rei
1204 2505 1371 2584 imaginem,
1396 2504 1444 2565 cui
1458 2504 1557 2565 locum
1568 2521 1663 2582 ,supra
1681 2519 1747 2580 cap.
1762 2501 1817 2564 Ill.
1895 2566 1907 2584 .

467 2610 500 2654 ex
530 2592 642 2673 opticis
676 2592 863 2653 definivimus
892 2591 921 2652 in
954 2611 1099 2653 concursu
1132 2593 1208 2654 radii
1241 2592 1345 2655 visorii
1375 2612 1442 2654 cum
1474 2592 1596 2654 catheto
1628 2590 1818 2652 incidentiae.

467 2679 510 2743 fiit
528 2680 596 2760 jam
620 2681 730 2743 fundus
754 2681 821 2754 LK,
845 2688 877 2741 et
899 2681 1027 2742 altitudo
1052 2682 1143 2743 medii
1167 2682 1252 2743 densi
1277 2683 1343 2746 CK.
1382 2681 1432 2744 Sit
1453 2680 1570 2743 visibile
1594 2681 1625 2742 in
1648 2680 1690 2753 M,
1717 2685 1819 2741 erecta

466 2769 720 2849 perpendicularis
751 2770 779 2830 in
813 2769 999 2848 superficiem
1032 2790 1128 2849 aquae
1157 2790 1195 2832 ex
1218 2772 1265 2847 M,
1300 2791 1342 2834 sc.
1372 2772 1420 2833 Ml
1449 2777 1497 2831 est
1529 2770 1690 2843 cathetus,
1723 2766 1818 2829 sitG

466 2866 603 2937 punctum
626 2857 834 2932 retractionis,
865 2859 922 2920 erit
950 2868 1035 2920 recta
1058 2858 1137 2921 AGI
1161 2860 1263 2922 radius
1287 2861 1430 2933 visorius,
1463 2859 1533 2938 quia
1555 2858 1639 2919 visus
1664 2875 1721 2918 non
1746 2874 1817 2935 per-

466 2948 535 3026 cipit
558 2947 677 3009 radium
694 2946 723 3008 in
742 2944 771 3006 G
791 2946 900 3026 frangi,
925 2948 994 3026 quin
1019 2949 1184 3023 existimat,
1209 2950 1277 3010 inde
1302 2948 1444 3010 advenire
1464 2954 1569 3018 toturn,
1594 2963 1734 3026 quorsum
1753 2945 1817 3023 ipse
1933 2972 1939 2984 ·

467 3035 567 3098 obrius
599 3057 620 3096 a
652 3045 811 3115 spectante
844 3037 989 3115 dirigitur.
1043 3035 1203 3100 Concurrit
1239 3058 1311 3117 ergo
1343 3035 1421 3100 AGI
1455 3056 1521 3097 curn
1553 3036 1603 3095 Ml
1634 3033 1756 3095 catheto
1788 3033 1817 3093 iu

467 3133 571 3203 puncto
605 3126 629 3186 l.
686 3122 788 3194 Quare
819 3145 857 3186 ex
887 3126 1053 3206 opticorum
1086 3127 1256 3188 definitione
1286 3129 1300 3189 I
1333 3127 1415 3188 locus
1449 3124 1507 3185 erit
1538 3121 1684 3201 imaginis.
1730 3121 1818 3183 Hauc

468 3213 622 3293 imaginem
646 3213 742 3292 primo
766 3213 810 3274 sic
834 3214 986 3275 consului:
1011 3235 1048 3274 an
1073 3235 1193 3294 semper
1216 3217 1245 3277 in
1260 3217 1301 3277 IE
1326 3215 1471 3294 parallelo
1496 3214 1534 3274 ad
1554 3210 1608 3273 BC
1632 3208 1818 3290 superficiem

468 3301 674 3381 permanendo,
699 3302 929 3385 retractionibus
953 3303 1113 3365 metiendis
1140 3306 1289 3384 praebeat
1312 3324 1426 3365 ansam.
1473 3303 1518 3364 At
1541 3302 1598 3363 hoc
1622 3300 1730 3361 talsum
1753 3298 1819 3378 ipse

468 3409 567 3453 sensus
600 3391 753 3452 oculorum
786 3392 967 3454 testabatur.
1028 3391 1095 3463 Quo
1129 3394 1209 3455 enim
1242 3394 1389 3472 obliquius
1425 3391 1566 3471 inspicias
1604 3408 1733 3469 aquam,
1763 3389 1819 3450 hoc
1928 3411 1931 3416 ⁴

469 3480 559 3560 magis
582 3480 753 3542 ascendunt
776 3480 922 3559 imagines
947 3479 985 3541 ad
1010 3482 1215 3561 superficiem:
1246 3484 1271 3544 si
1297 3482 1409 3544 directe
1439 3480 1590 3559 despicias
1614 3497 1652 3539 ex
1675 3477 1705 3538 A
1728 3476 1758 3537 in
1783 3474 1818 3550 (l,

470 3569 544 3630 nulla
566 3568 717 3630 videbitur
741 3569 869 3631 altitudo
894 3569 976 3630 tundi
996 3570 1034 3632 K.
1073 3569 1154 3640 Quid
1178 3574 1258 3650 quod
1281 3573 1386 3633 modus
1410 3571 1468 3631 iste
1492 3568 1615 3630 taudem
1639 3586 1706 3628 cum
1728 3584 1820 3643 supra

471 3655 614 3737 descripto
637 3657 791 3721 coincidit.
838 3658 1002 3720 Probatum
1027 3665 1075 3721 est
1098 3660 1185 3732 enim,
1212 3660 1238 3721 si
1260 3661 1299 3734 D,
1316 3662 1340 3728 Ι,
1355 3659 1436 3733 Η,Ε
1461 3660 1552 3738 (quae
1571 3657 1636 3735 jam
1660 3662 1730 3717 sunt
1752 3654 1820 3715 loca

471 3744 638 3827 imaginum)
669 3746 730 3808 sint
757 3747 786 3809 in
815 3748 921 3809 eadem
948 3748 1093 3826 parallelo
1122 3750 1161 3810 ad
1184 3748 1249 3821 BC,
1273 3750 1330 3810 LK
1355 3756 1387 3809 et
1409 3748 1475 3819 DL,
1500 3747 1558 3818 lM,
1583 3744 1653 3816 HN,
1676 3742 1735 3803 ΕΚ
1757 3740 1820 3802 sint

472 3836 735 3915 perpendiculares,
760 3844 795 3898 ut
817 3835 864 3897 bic
888 3855 1004 3916 quoque
1027 3836 1162 3916 ponitur,
1187 3846 1258 3900 tunc
1281 3836 1347 3912 KG,
1372 3837 1437 3908 NF,
1462 3832 1536 3907 MG,
1560 3833 1615 3893 LB
1644 3847 1818 3894 concurrere

473 3921 498 3983 iu
518 3925 621 3986 eodem
644 3931 756 4004 puncto
779 3925 818 3999 R,
843 3925 946 4006 itaque
970 3945 1037 3987 esse
1062 3946 1153 3988 unum
1177 3946 1215 3987 ex
1238 3927 1336 3988 modis
1360 3924 1493 4003 rejectis.

548 4013 680 4075 Rursum
705 4014 850 4093 quaesivi,
874 4022 973 4076 utrum
988 4035 1006 4076 a
1021 4015 1140 4094 punctis
1156 4034 1276 4077 suarum
1296 4014 1507 4077 retractionum
1531 4008 1678 4086 imagines
1703 4025 1818 4086 aequa-

476 4097 532 4163 iter
553 4103 708 4177 abessent,
733 4102 941 4183 minimamque
966 4103 1142 4165 distantiam
1171 4106 1328 4166 metiretur
1356 4102 1435 4165 ratio
1459 4102 1628 4162 densorum.
1675 4097 1719 4159 Ut
1741 4093 1818 4156 siu

476 4186 509 4249 sit
529 4190 641 4271 imago,
668 4189 693 4253 C
719 4210 815 4272 aquae
847 4192 1033 4271 superficies,
1065 4193 1095 4254 K
1123 4193 1247 4267 tundus,
1277 4202 1310 4254 et
1334 4191 1387 4255 OE
1416 4192 1453 4251 ad
1480 4188 1536 4251 CK
1563 4195 1598 4247 ut
1626 4185 1755 4247 medium
1778 4185 1818 4245 ad

478 4279 587 4342 medium
611 4300 706 4342 causa
729 4281 900 4342 densitatis.
937 4280 1050 4342 Postea
1069 4282 1104 4353 F,
1121 4280 1202 4355 G,B
1227 4282 1288 4343 sint
1311 4282 1372 4342 tria
1395 4280 1457 4341 alia
1479 4283 1592 4358 puncta
1615 4272 1818 4345 retractionis,

479 4372 502 4425 rt
518 4366 660 4448 imagines
684 4371 714 4430 in
738 4368 771 4444 S,
791 4371 826 4444 T,
847 4370 877 4430 V
901 4378 933 4429 et
956 4367 1019 4444 GE,
1040 4368 1099 4445 FS,
1120 4368 1186 4444 GT,
1211 4371 1269 4431 BV
1295 4370 1448 4450 aequales.
1487 4367 1602 4427 Verum
1626 4363 1818 4426 statuebatur

479 4449 519 4514 boc
537 4468 624 4537 pacto
653 4457 845 4537 imaginisE
874 4457 975 4538 aliqua
1003 4458 1132 4520 altitudo
1156 4459 1186 4520 in
1214 4459 1427 4539 perpendiculo
1456 4455 1533 4525 ΑΚ,
1562 4453 1639 4532 quod
1668 4452 1818 4513 refutatur

479 4545 652 4621 tradentis,
679 4554 713 4608 ut
736 4547 813 4609 alios
837 4547 978 4609 elenchos
1003 4554 1130 4609 taceam.
1170 4554 1268 4620 (temp.
1288 4572 1312 4620 p.
1334 4550 1368 4605 tt
1387 4552 1431 4615 rr.)

546 4635 646 4697 Tertio
671 4655 709 4696 an
732 4642 767 4697 ut
789 4636 918 4697 medium
942 4636 982 4696 ad
1006 4637 1144 4710 medium,
1170 4636 1214 4698 sic
1238 4638 1279 4706 (si
1299 4638 1328 4697 H
1352 4636 1397 4698 sit
1417 4635 1500 4696 locus
1524 4627 1680 4709 imaginis)
1700 4626 1755 4687 ΡΗ
1777 4624 1817 4686 ad

480 4713 539 4781 PX?
567 4724 702 4786 Minime.
749 4725 843 4786 Esset
876 4724 953 4786 enim
986 4725 1029 4786 sic
1062 4725 1154 4787 etiam
1180 4723 1234 4786 OE
1262 4725 1302 4786 ad
1325 4724 1401 4797 CK,
1435 4740 1526 4803 quare
1560 4735 1678 4796 semper
1711 4715 1817 4775 eadem

480 4803 583 4875 altitudo
605 4812 757 4891 imaginis,
783 4812 861 4893 quod
881 4814 946 4893 jam
969 4814 1177 4875 refutavimus.

482 4977 488 4990 ⁹
547 4899 672 4975 Quarto,
696 4921 735 4963 an
758 4911 793 4964 ut
817 4901 874 4964 CK
898 4902 936 4964 ad
960 4903 1016 4963 FX
1044 4903 1089 4964 sic
1118 4903 1246 4964 altitudo
1278 4900 1417 4981 imaginis
1446 4899 1474 4961 in
1499 4898 1529 4959 K
1556 4895 1595 4957 ad
1625 4891 1817 4955 altitudinem

480 4986 563 5050 ull?
585 4990 717 5054 Minime.
764 4988 844 5055 Nam
868 5000 921 5053 aut
944 5011 1092 5071 nunquam
1116 4992 1286 5071 inciperent
1309 4990 1473 5051 ascendere
1497 4984 1664 5065 imagines,
1688 4988 1742 5043 aut
1765 4979 1816 5041 ubi

479 5078 550 5139 cael
570 5079 755 5159 inceperunt,
780 5082 980 5143 ascenderent
1001 5081 1031 5143 in
1055 5080 1213 5156 infinitum,
1239 5082 1310 5162 quia
1333 5079 1390 5142 ΡΧ
1418 5078 1541 5141 modern
1564 5075 1599 5139 fit
1620 5070 1747 5136 infinita.
