4584 6192
575 623 622 694 66
994 625 1094 676 Literae
1112 624 1216 689 Keplerl
1235 624 1384 689 aliorsmqas
1403 632 1506 674 mutuae

578 803 600 854 P
618 812 644 853 et
662 805 693 851 Δ.
725 804 759 852 At
777 801 865 852 eadem
883 814 959 865 opera
975 801 1123 864 scripsisses,
1143 813 1199 850 eam
1217 814 1334 864 spargere
1353 803 1429 850 etiam
1448 802 1557 863 supraA
1575 800 1600 848 in
1616 797 1755 848 infinitum:
1774 809 1834 846 nam
1852 794 1937 845 radlu

580 873 635 929 ΔΗ,
655 875 679 921 in
698 888 726 922 se
744 873 856 928 reflexus,
877 871 1015 921 extenditur
1033 886 1082 919 non
1101 876 1199 920 tantum
1218 873 1242 919 in
1262 874 1301 926 Δ,
1320 872 1364 921 sed
1383 873 1408 920 in
1426 871 1564 927 infinitum,
1589 869 1673 932 reliqui
1693 883 1749 917 vero
1768 866 1832 916 radii
1850 879 1936 916 omnes

580 945 726 993 diametrum
745 950 833 993 secant
852 944 959 1006 proxime
978 942 1043 990 inira
1060 952 1179 1004 punctum
1197 950 1300 1006 quartae
1320 941 1335 989 l
1353 957 1399 992 nec
1418 942 1598 991 transcendunt
1614 940 1682 995 illud,
1702 937 1766 1003 quod
1780 939 1815 987 sic
1834 936 1935 987 demon·

579 1021 645 1064 stro:
668 1014 727 1062 Esto
753 1014 836 1063 radius
855 1013 946 1063 solerie
963 1013 1018 1077 βγ,
1043 1014 1084 1075 qui
1108 1012 1204 1062 incidat
1223 1014 1247 1061 in
1269 1013 1361 1074 speculi
1386 1013 1488 1062 inndum
1506 1014 1572 1062 iutra
1591 1010 1638 1060 GH
1657 1017 1683 1059 et
1708 1010 1851 1059 reflectatur
1867 1008 1895 1056 in
1913 1019 1936 1057 t.

579 1085 644 1135 Dico
663 1091 781 1148 punctum
799 1085 978 1133 intersectionis
997 1083 1112 1132 ecadare
1130 1083 1196 1132 inira
1211 1091 1325 1147 quartam
1344 1084 1456 1133 diametri
1469 1081 1492 1131 l.
1521 1083 1635 1133 Ducatnr
1653 1081 1718 1131 euim
1737 1087 1808 1130 recta
1820 1092 1837 1129 a
1851 1085 1937 1128 centro

580 1156 673 1220 speculi
692 1159 714 1204 Α
734 1155 766 1204 ad
783 1163 901 1219 punctum
918 1154 1068 1203 incidentiae
1087 1169 1114 1218 y,
1134 1156 1247 1217 quaesit
1265 1157 1314 1219 Ay,
1340 1169 1418 1218 eaque
1441 1155 1553 1204 bilariam
1571 1160 1670 1203 secetur
1687 1152 1714 1201 in
1731 1151 1760 1206 θ.
1779 1151 1826 1202 erit
1843 1149 1936 1216 angult

579 1227 639 1357 ,ΚΔ
658 1228 768 1291 aequalis
788 1234 838 1274 turn
858 1226 962 1291 angulus
982 1228 1036 1289 Δγε
1056 1224 1145 1285 (Vitell
1174 1225 1206 1281 V,
1228 1223 1281 1285 10),
1301 1234 1353 1275 tum
1372 1225 1477 1291 angulus
1495 1228 1551 1290 yae
1570 1223 1651 1285 (Eucl.
1672 1223 1693 1281 I,
1714 1218 1769 1283 29).
1807 1219 1893 1281 Quare
1910 1219 1938 1272 in

629 1299 685 1362 yAe
704 1296 787 1362 anguli
801 1298 832 1351 A,
847 1310 865 1361 γ
883 1301 941 1344 sunt
959 1295 1085 1360 aequales,
1104 1302 1129 1345 et
1143 1295 1224 1356 (Eucl.
1240 1295 1260 1350 l,
1274 1293 1302 1356 6)
1316 1296 1397 1346 latera
1410 1299 1438 1345 iis
1458 1298 1569 1359 opposita
1581 1309 1622 1361 γε,
1642 1297 1678 1345 Ae
1691 1295 1755 1342 inter
1767 1307 1795 1343 se
1811 1289 1937 1358 aequalia

581 1367 639 1418 lam
656 1369 714 1431 quia
733 1368 780 1417 dno
793 1368 873 1416 latera
890 1370 935 1423 Aa,
955 1379 987 1430 sy
1000 1366 1071 1415 simul
1088 1373 1169 1415 enmta
1187 1369 1282 1428 majora
1300 1375 1358 1416 sunt
1375 1370 1448 1417 tertio
1461 1370 1510 1431 Ay,
1529 1368 1576 1417 erit
1593 1375 1620 1417 et
1637 1365 1761 1430 sigillatim
1779 1361 1819 1413 rel
1836 1361 1939 1414 seorsim

581 1437 648 1488 latus
667 1441 703 1486 Aa
721 1441 801 1501 majus
820 1439 921 1486 dimidia
941 1439 1000 1487 base
1020 1439 1070 1486 Ab.
1109 1438 1154 1486 list
1172 1444 1256 1487 autem
1278 1446 1349 1487 recta
1367 1440 1410 1487 Ad
1429 1439 1538 1503 aequalis
1566 1445 1651 1488 rectae
1669 1432 1721 1496 Al,
1750 1435 1809 1500 quia
1832 1441 1939 1498 umque

581 1508 735 1565 semiradius,
754 1524 813 1573 ergo
832 1512 868 1557 Aa
895 1511 974 1570 major
992 1515 1031 1558 est
1049 1523 1122 1573 quem
1145 1506 1198 1563 nl,
1218 1516 1244 1558 et
1266 1509 1367 1572 proinde
1394 1519 1512 1573 punctum
1539 1508 1752 1558 intersectioniat
1778 1504 1847 1557 cadit
1872 1503 1939 1564 inira

582 1587 695 1644 quartam
715 1580 828 1628 diametri
839 1575 864 1637 l,
884 1579 1022 1642 ubicunqne
1040 1586 1183 1643 sumatnry
1200 1587 1318 1642 punctum
1336 1581 1485 1631 incidentiae
1504 1583 1568 1630 inter
1584 1579 1605 1628 G
1623 1587 1648 1629 et
1659 1579 1684 1628 Η
1697 1580 1722 1627 in
1740 1576 1815 1626 tundo
1834 1575 1938 1640 speculi.

581 1649 618 1700 ax
637 1665 683 1714 quo
702 1655 780 1713 patet,
800 1650 901 1699 fundum
921 1650 1014 1712 speculi
1033 1665 1082 1698 non
1105 1652 1210 1697 otiosum
1229 1665 1297 1702 esse,
1326 1651 1370 1700 aed
1389 1651 1469 1700 radios
1493 1652 1659 1701 transmittere
1677 1663 1760 1700 versus
1778 1654 1894 1711 quartam
1913 1641 1938 1701 2·

581 1735 627 1770 nec
646 1735 728 1769 rerum
747 1735 810 1778 ease,
829 1720 894 1784 quod
911 1726 939 1769 tu
957 1721 1071 1783 putabas,
1091 1720 1156 1784 quod
1177 1722 1302 1783 speculum
1322 1722 1396 1770 iuudo
1416 1736 1518 1781 careus,
1536 1723 1622 1772 relicto
1640 1721 1692 1770 solo
1711 1720 1837 1785 margine,
1857 1729 1939 1781 aeque

580 1792 668 1841 iortem
688 1793 787 1841 emittat
805 1791 983 1847 radiatiouemr
1002 1806 1033 1841 ue
1053 1791 1144 1846 dicam,
1162 1791 1227 1855 quod
1245 1791 1350 1841 radiatio
1368 1793 1487 1857 marginis
1506 1795 1542 1842 tui
1560 1792 1601 1842 CF
1618 1792 1692 1856 longe
1710 1789 1776 1839 inira
1793 1783 1960 1854 quartani.

581 1861 703 1926 colligitur
720 1864 746 1912 iu
764 1860 824 1918 MD.
843 1869 872 1910 ut
889 1862 940 1911 iere
959 1863 993 1910 ait
1010 1861 1118 1918 inutilis,
1138 1875 1197 1910 nam
1215 1863 1278 1927 ignia
1298 1863 1442 1914 accenditur
1459 1878 1534 1926 supra
1553 1864 1588 1916 0,
1608 1864 1716 1926 proxime
1735 1862 1800 1911 inira
1817 1865 1939 1923 punem

581 1941 685 1997 quartae
704 1933 817 1982 diametri
837 1929 859 1980 l.
896 1931 952 1981 Non
971 1934 1070 1997 ignoro,
1089 1934 1110 1981 si
1128 1932 1254 1996 speculum
1280 1943 1391 1983 sumatur
1409 1929 1458 1982 90⁰
1474 1935 1512 1983 rel
1533 1932 1604 1990 120⁰,
1628 1933 1766 1998 marginem
1783 1929 1831 1982 BD
1855 1927 1939 1980 radias

581 2004 708 2053 reflectere
727 2005 752 2052 in
770 2002 836 2060 HM,
864 2003 938 2068 longe
956 2004 1021 2052 inira
1039 2004 1119 2052 iocum
1138 2000 1168 2051 i:
1197 2018 1370 2067 necunquam
1390 2006 1498 2056 asserui.
1527 2006 1608 2055 radios
1627 2019 1643 2054 a
1660 2004 1705 2053 tali
1729 2001 1829 2067 speculo
1851 2012 1957 2050 omnu-

581 2088 630 2123 uno
648 2073 703 2123 loco
723 2073 811 2138 colligi,
833 2073 895 2122 alite
921 2074 1075 2137 sphaericum
1093 2075 1128 2122 nil
1147 2071 1257 2124 differret
1276 2089 1291 2124 a
1309 2076 1466 2139 parabolice:
1490 2077 1534 2126 sed
1553 2076 1599 2125 boc
1623 2083 1720 2125 tanturn
1739 2069 1862 2123 contendo
1881 2083 1939 2120 cum

582 2143 694 2209 Magire.
714 2145 798 2194 sedem
817 2146 881 2210 ignis
894 2160 949 2194 esse
967 2153 1081 2209 quartam
1100 2145 1222 2202 diametri,
1241 2147 1282 2195 ubi
1300 2147 1381 2209 plures
1399 2160 1473 2211 quam
1491 2147 1540 2196 ullo
1552 2147 1600 2196 alio
1614 2148 1638 2195 in
1657 2146 1710 2196 loco
1730 2143 1819 2195 ceteris
1837 2140 1939 2206 paribus

583 2216 646 2264 radii
665 2215 820 2280 colliguntur.
857 2216 931 2266 Hanc
950 2217 1024 2281 igitur
1042 2231 1091 2265 non
1109 2215 1227 2280 Maginue
1246 2213 1322 2281 (quod
1344 2215 1450 2278 sciam),
1468 2219 1513 2267 sed
1532 2234 1578 2283 ego
1597 2232 1627 2267 ex
1644 2217 1738 2281 Opticis
1755 2214 1805 2265 tuis
1822 2217 1940 2264 mutuata

584 2289 682 2336 nomine
701 2288 782 2336 iocum
800 2287 922 2337 hactenus
941 2287 1062 2350 appellari
1082 2296 1180 2350 propter
1197 2288 1253 2342 rim,
1272 2302 1322 2351 qna
1339 2288 1415 2351 pollet
1432 2289 1457 2338 iu
1477 2290 1607 2339 excitando
1625 2290 1692 2353 igne.

669 2375 770 2425 Accidit
787 2389 873 2438 nuper,
893 2390 949 2425 cum
968 2375 998 2423 ob
1018 2375 1146 2424 adversum
1165 2390 1250 2425 casum
1275 2376 1469 2426 decumbendum
1488 2378 1547 2427 mibi
1565 2385 1646 2433 esset,
1666 2383 1695 2425 ut
1711 2372 1788 2424 taedii
1807 2371 1939 2422 decubitas

581 2445 683 2495 fallendi
701 2460 779 2495 censa
798 2447 929 2509 arriperem
955 2445 1041 2494 librum
1065 2454 1134 2495 tuum
1154 2447 1184 2496 de
1204 2445 1299 2510 Opticis
1316 2446 1525 2512 Paralipomenis,
1554 2452 1625 2511 cujus
1648 2453 1724 2511 capnt
1750 2445 1855 2508 primum
1879 2441 1939 2492 dum

582 2518 703 2565 amentius
721 2516 887 2580 perlegerem,
914 2524 1072 2565 occurrerunt
1088 2517 1147 2566 milri
1166 2517 1301 2581 quaedam,
1324 2532 1388 2582 quae
1406 2533 1453 2568 nec
1470 2520 1516 2568 sibi
1542 2518 1673 2569 cohaerere
1691 2531 1737 2567 nec
1760 2515 1859 2565 veritati
1878 2527 1938 2564 eon-

580 2601 667 2651 gruere
686 2587 739 2636 risa
756 2593 822 2635 sunt.
847 2585 914 2635 Nam
932 2602 1000 2650 prop.
1020 2583 1043 2633 7.
1059 2593 1085 2635 et
1097 2585 1138 2635 26.
1160 2590 1205 2642 ais,
1224 2588 1320 2638 radium
1339 2589 1373 2638 nil
1391 2590 1458 2640 aliud
1477 2604 1539 2646 esse,
1558 2592 1605 2639 nisi
1622 2596 1716 2640 motum
1733 2588 1810 2642 luciss
1829 2590 1856 2635 et
1874 2585 1940 2635 cites

578 2671 648 2720 prop.
669 2654 693 2712 4,
722 2671 753 2706 ac
771 2658 792 2705 si
810 2656 857 2706 hoc
877 2657 909 2706 ibi
929 2658 1131 2714 demonstrasses,
1160 2658 1223 2722 qnod
1251 2667 1336 2709 tamen
1358 2675 1407 2710 non
1433 2662 1526 2722 iecisti,
1554 2662 1673 2724 siquidem
1697 2674 1765 2723 prop.
1785 2653 1825 2705 4¹⁸
1847 2653 1940 2706 taliam

581 2728 701 2791 probasti,
721 2728 785 2792 quod
803 2727 885 2777 lineae
904 2728 1096 2789 ejaculationum
1113 2729 1174 2778 lucis
1187 2730 1237 2778 siut
1249 2740 1342 2780 rectae.
1375 2730 1438 2780 Sunt
1450 2740 1533 2782 autem
1545 2732 1607 2782 radii
1620 2746 1669 2781 non
1682 2729 1780 2781 effluxio
1792 2727 1843 2777 sira
1855 2731 1940 2776 matus

580 2797 693 2854 luminis,
720 2799 764 2848 sed
791 2798 916 2847 ciburium
943 2799 994 2848 eise
1021 2800 1162 2849 substantia
1188 2800 1275 2850 fluens.
1314 2801 1410 2851 Deinde
1436 2817 1503 2867 prop.
1521 2801 1546 2851 8.
1566 2805 1617 2861 aie,
1645 2809 1737 2851 motum
1763 2812 1818 2850 essa
1844 2797 1940 2846 bosam

581 2876 694 2926 recteun
722 2870 781 2933 qnid
799 2870 874 2933 igitur
892 2870 981 2919 rotatio
999 2870 1024 2919 in
1043 2869 1149 2935 gyrum?
1180 2871 1245 2920 Num
1265 2879 1291 2922 et
1308 2872 1351 2921 illa
1374 2873 1442 2923 linea
1466 2883 1548 2928 recta.
1577 2876 1635 2939 quia
1653 2879 1734 2922 motus
1753 2867 1809 2920 esti
1840 2865 1941 2917 Dicitur

580 2938 680 3003 quidem
697 2948 778 2989 motus
798 2940 886 3003 aliquis
904 2940 957 2989 fieri
976 2942 1111 2991 secundum
1130 2941 1221 2991 lineam
1239 2951 1350 3000 rectem.
1370 2950 1482 2995 attamen
1502 2961 1528 2994 re
1546 2946 1601 3008 ipsa
1619 2944 1701 2994 differt
1719 2948 1799 2991 motas
1819 2952 1836 2989 a
1853 2937 1939 2995 Deest

581 3010 701 3074 siquidem
719 3018 800 3060 motus
819 3017 858 3060 eet
875 3012 989 3067 mutatio,
1010 3012 1076 3062 linea
1095 3028 1151 3062 vero
1170 3021 1209 3062 cst
1227 3016 1367 3076 quantitas:
1386 3015 1426 3064 ille
1445 3016 1526 3065 estin
1545 3016 1605 3073 fieri,
1624 3016 1688 3065 baec
1707 3016 1732 3064 in
1751 3013 1835 3068 iactet
1854 3013 1940 3059 metm

580 3089 619 3129 est
637 3082 662 3130 in
680 3090 799 3146 tempore,
817 3081 885 3131 linea
903 3097 952 3131 non
971 3091 1008 3131 est
1026 3084 1051 3131 iu
1072 3091 1190 3147 ternpore.
1229 3084 1364 3149 comparas
1381 3087 1414 3135 ibi
1436 3087 1559 3135 radiorum
1583 3086 1774 3149 ejaculationem
1793 3095 1850 3132 cum
1869 3085 1940 3130 metu

580 3152 691 3216 physico,
710 3153 754 3201 sed
772 3152 847 3202 male.
879 3151 944 3201 Nam
963 3154 988 3202 in
1006 3163 1074 3203 motu
1092 3155 1193 3217 physico
1213 3163 1251 3204 est
1269 3157 1334 3219 prius
1348 3163 1373 3205 et
1390 3159 1511 3220 posterius
1530 3160 1625 3207 ratione
1644 3157 1700 3213 loci,
1720 3161 1759 3205 est
1775 3152 1941 3217 praeteritum

582 3229 609 3272 et
627 3223 736 3272 futurum
754 3225 850 3273 ratione
863 3225 994 3287 temporis,
1013 3226 1038 3272 in
1057 3233 1125 3273 motu
1144 3225 1207 3274 lucis
1225 3234 1326 3275 nonest
1343 3228 1619 3292 priusetposteriusin
1638 3225 1774 3284 intervallo,
1793 3223 1838 3273 sed
1857 3219 1939 3272 umul

580 3292 636 3344 Non
657 3299 695 3342 est
713 3295 873 3356 praeteritum
893 3301 918 3343 et
937 3295 1052 3352 futurum,
1072 3297 1115 3345 sed
1133 3310 1228 3345 merum
1247 3311 1372 3359 praesens.
1408 3297 1506 3349 Deinde
1524 3300 1607 3349 lumen
1625 3298 1713 3348 mobile
1732 3296 1778 3346 tibi
1796 3301 1836 3345 eet
1853 3305 1939 3357 super·

580 3363 658 3415 ficies.
679 3379 734 3413 cum
754 3372 838 3414 tamen
858 3365 1005 3428 impossibile
1023 3369 1070 3423 sit,
1094 3367 1187 3415 nudam
1214 3368 1368 3431 superficiem
1387 3370 1441 3418 sine
1460 3384 1559 3434 corpore
1583 3372 1716 3420 subsistere
1734 3381 1823 3431 possa·
1847 3363 1940 3414 Nilum

581 3435 671 3483 moveri
691 3442 735 3484 ant
754 3436 864 3485 effluere.
902 3436 947 3485 Est
965 3436 1053 3486 eadem
1077 3437 1205 3486 individua
1227 3438 1362 3488 secundum
1387 3440 1592 3503 profunditatem,
1615 3440 1768 3491 individuum
1792 3443 1879 3487 autem
1896 3446 1941 3500 ptr

579 3508 715 3555 semoveri
734 3522 783 3555 non
803 3511 894 3569 potest.
936 3506 1005 3555 Etsi
1024 3516 1174 3563 moreretur,
1202 3524 1250 3557 non
1270 3512 1294 3557 in
1319 3510 1423 3559 instanti
1448 3519 1532 3574 posset
1558 3513 1707 3576 pertransire
1730 3509 1839 3572 epatium
1862 3506 1939 3554 intar-

579 3575 700 3631 medium,
728 3578 771 3626 sed
791 3578 932 3627 necessario
951 3579 1017 3641 priua
1035 3594 1079 3642 per
1097 3586 1181 3641 partcs
1209 3582 1350 3637 viciniores,
1375 3590 1464 3644 postea
1488 3598 1532 3646 per
1557 3585 1699 3633 remotiores
1717 3580 1741 3630 ei
1759 3575 1940 3628 mercandum

578 3646 657 3704 iorct,
686 3648 892 3711 quemadmodum
920 3656 1038 3710 punctum
1057 3651 1133 3712 (quod
1152 3657 1178 3699 et
1205 3653 1283 3714 ipsum
1311 3653 1479 3702 consideratur
1497 3661 1525 3701 nt
1548 3649 1711 3712 indiridnnm)
1734 3665 1779 3701 sao
1803 3648 1872 3698 fluxu
1889 3660 1940 3697 noa

579 3718 642 3767 iacit
660 3718 752 3767 lineam
770 3726 849 3768 totam
868 3720 939 3768 simul
958 3721 983 3768 in
1002 3721 1114 3777 instanti,
1133 3721 1178 3771 sed
1196 3724 1334 3773 successive
1359 3732 1455 3787 partem
1472 3732 1529 3788 post
1547 3733 1655 3788 partem,
1674 3722 1809 3775 secuudum
1827 3720 1896 3784 prius
1914 3723 1940 3768 et

579 3790 709 3852 posterius.
748 3788 814 3849 Quia
832 3805 888 3839 rero
908 3791 1051 3854 experimur,
1072 3793 1156 3842 lumen
1174 3795 1291 3843 emissum
1310 3809 1327 3843 a
1345 3809 1445 3857 corpore
1465 3796 1545 3846 lucido
1558 3797 1584 3845 in
1602 3797 1707 3845 instanti
1724 3792 1823 3850 mereri,
1844 3792 1940 3854 oportet

578 3860 603 3909 id
622 3874 671 3908 non
691 3874 745 3909 esse
764 3860 924 3917 individuum,
944 3861 986 3910 sed
1000 3862 1050 3911 tale
1064 3864 1130 3927 quid,
1150 3865 1213 3928 quod
1226 3872 1305 3913 totum
1323 3866 1431 3927 spatium
1443 3867 1514 3915 simul
1533 3868 1666 3931 adimplere
1684 3871 1774 3930 potest,
1793 3869 1820 3913 et
1837 3859 1940 3927 proinde

579 3930 645 3995 quod
664 3937 714 3980 tres
732 3931 809 3980 habet
834 3932 1005 3981 dimensiones.
1044 3934 1100 3985 Scio
1123 3936 1278 3997 superficiem
1300 3936 1435 3985 secundum
1459 3938 1615 3988 latitudinem
1634 3953 1683 3987 non
1702 3951 1757 3986 esse
1778 3933 1938 3984 individuam.

579 4002 625 4051 sed
644 4003 701 4066 quia
721 4010 802 4051 motus
828 4002 926 4052 luminis
945 4003 974 4052 lit
991 4019 1041 4053 non
1060 4012 1158 4055 tantum
1181 4006 1316 4055 secundum
1335 4005 1506 4069 latitudinem,
1524 4010 1568 4059 sed
1587 4011 1662 4060 etism
1685 4007 1820 4057 seeundum
1837 4003 1938 4070 prolua-

579 4072 696 4128 ditetcm,
726 4086 831 4122 necesse
859 4081 898 4122 est
924 4074 1008 4124 lumini
1036 4085 1135 4139 praeter
1162 4077 1319 4126 latitudinem
1347 4078 1423 4126 etiam
1450 4088 1589 4144 competere
1616 4079 1818 4144 profunditatem.
1866 4075 1940 4128 mura

580 4149 730 4206 argumenta
749 4144 774 4191 in
795 4145 943 4195 contrarium
963 4145 1094 4205 afferrem,
1120 4148 1167 4195 nisi
1186 4148 1324 4196 dubitarem
1343 4161 1376 4196 an
1395 4162 1421 4197 re
1439 4164 1498 4199 vera
1525 4159 1622 4201 statuas
1645 4151 1727 4201 lumen
1749 4152 1866 4202 emissum
1885 4161 1940 4200 snt

579 4213 747 4276 superficiem:
767 4218 910 4276 praesertim
929 4218 987 4280 quia
1005 4232 1071 4281 prop.
1093 4216 1116 4265 l.
1131 4225 1157 4266 et
1175 4215 1198 4264 2.
1219 4218 1313 4275 lateris,
1332 4219 1412 4268 lucem
1431 4221 1581 4272 considerari
1597 4231 1626 4272 nt
1645 4236 1732 4287 corpus
1751 4221 1938 4287 geometriam

579 4286 649 4346 culus
661 4284 724 4333 radii
742 4295 889 4349 sparguntur
901 4289 928 4338 in
939 4289 1022 4337 orbem
1034 4290 1099 4337 sicut
1111 4287 1226 4350 sphaera.
1255 4288 1287 4336 Et
1303 4305 1369 4353 prop.
1385 4288 1408 4337 7.
1422 4292 1497 4340 radiis
1511 4295 1596 4342 tribuis
1615 4293 1794 4360 longitudinem
1806 4291 1832 4341 b.
1847 4306 1870 4341 e.
1883 4303 1940 4356 pra·

582 4353 732 4404 iunditatam
751 4365 850 4418 praeter
866 4359 1031 4421 superficiem.
1070 4358 1119 4407 Cur
1137 4366 1221 4408 autem
1240 4360 1298 4408 aiibi
1321 4361 1458 4424 superficiei
1478 4364 1536 4414 illud
1555 4380 1696 4429 compares,
1715 4380 1765 4415 nou
1783 4370 1854 4416 retia
1871 4374 1940 4414 ana·

581 4440 650 4490 quor.
687 4424 784 4476 Deinde
803 4444 869 4491 prop.
890 4425 932 4478 tt.
952 4430 997 4478 tibi
1016 4430 1125 4479 luxnon
1144 4430 1226 4478 estin
1245 4431 1320 4479 radiis
1339 4432 1383 4481 sed
1407 4436 1511 4483 transiit
1549 4435 1643 4486 Sinon
1669 4437 1710 4487 lor
1729 4450 1789 4501 erqo
1805 4448 1855 4486 nac
1873 4431 1943 4486 salu

580 4503 618 4545 est
635 4496 661 4544 ln
679 4497 762 4545 radiis.
802 4497 929 4558 Quomodo
948 4514 1007 4564 ergo
1026 4515 1071 4563 per
1095 4500 1269 4549 reiractionem
1289 4503 1327 4550 vel
1353 4503 1510 4554 reflexionem
1535 4508 1679 4557 accenditur
1695 4505 1782 4571 igniet
1812 4505 1860 4556 Est
1876 4503 1943 4556 ὼ

579 4567 705 4617 radiorum
723 4570 816 4624 παθος
842 4569 941 4618 reflexio
961 4578 987 4619 et
1008 4571 1130 4630 retractio,
1149 4586 1198 4620 non
1217 4572 1312 4620 caloris.
1351 4573 1400 4622 Sed
1423 4573 1486 4624 baec
1507 4578 1641 4627 sufficiant.
1678 4578 1761 4628 Unum
1779 4583 1860 4627 restat
1878 4573 1944 4640 qued

579 4652 707 4703 quaeram.
741 4639 789 4698 Qui
809 4639 846 4694 fit,
863 4654 965 4703 quaeso,
985 4642 1048 4704 quod
1065 4642 1128 4690 radii
1148 4642 1245 4690 luminis
1264 4644 1402 4693 incidentes
1420 4647 1444 4693 in
1469 4662 1556 4709 corpus
1575 4649 1726 4711 diophannm
1744 4649 1835 4713 partim
1853 4647 1944 4698 rese

579 4716 673 4776 gantur
691 4711 781 4773 partim
800 4710 981 4760 reflectantur?
1000 4711 1062 4760 Cum
1082 4714 1146 4761 enim
1164 4713 1229 4761 idem
1249 4716 1281 4762 sit
1300 4717 1407 4764 omniurn
1426 4718 1548 4767 radiorum
1567 4731 1647 4769 motus
1666 4720 1803 4785 eademque
1822 4718 1943 4772 assam.

580 4781 687 4846 corporis
706 4795 763 4829 raro
783 4780 893 4830 densitas
912 4789 1065 4845 supponatur
1083 4784 1172 4846 ubique
1192 4786 1303 4848 aequalis
1322 4794 1347 4834 et
1366 4789 1419 4848 ejus
1442 4790 1585 4840 resistentia
1606 4791 1702 4846 eedem.
1723 4806 1767 4842 ear
1784 4805 1836 4842 uta
1854 4789 1946 4842 eaden

580 4852 690 4903 omnium
707 4850 832 4900 radiorum
849 4858 888 4900 est
905 4851 1008 4915 passio?
1035 4852 1143 4902 Coralli
1164 4856 1345 4919 refringuntur,
1373 4858 1414 4906 alii
1435 4862 1647 4922 repercutiuntur?
1672 4866 1712 4913 An
1730 4877 1788 4914 rere
1811 4868 1946 4927 utrumq·

579 4924 709 4988 patiuntur
726 4919 832 4970 ornnes?
857 4920 913 4971 Non
931 4922 960 4971 lit
978 4922 1037 4972 mihi
1056 4923 1102 4973 hoc
1121 4926 1270 4976 verisimile:
1291 4942 1329 4976 res
1348 4929 1422 4993 igitur
1440 4931 1511 4980 valde
1531 4939 1569 4981 est
1587 4934 1714 4983 intricata

669 5009 727 5059 Jam
755 5008 830 5057 finem
857 5008 951 5058 iaciens
979 5010 1137 5075 Brenggerus
1165 5015 1227 5076 petit
1246 5028 1262 5063 a
1280 5015 1403 5077 Keplerc.
1430 5024 1459 5066 ut
1485 5022 1648 5071 correctiones
1677 5022 1739 5072 dnae
1767 5023 1792 5071 ln
1818 5019 1947 5085 'lytlffl

579 5081 713 5145 Proqymn.
733 5075 768 5140 (p.
788 5074 852 5139 267)
872 5080 919 5128 sibi
938 5080 1052 5143 explicet,
1071 5082 1184 5132 addens:
1203 5084 1240 5134 Tu
1260 5100 1353 5149 quaeso
1371 5100 1411 5136 ma
1428 5089 1496 5149 Jura'
1535 5091 1599 5141 Vale
1619 5093 1661 5143 diu
1680 5092 1793 5144 feliciter.

669 5147 844 5200 numanae
862 5147 887 5200 8.
909 5148 962 5201 Cal.
981 5150 1040 5203 dau.
1062 5149 1139 5203 ttae.
