4584 6192
678 1380 1042 1469 ruaudus
1102 1382 1477 1469 turturi

749 1554 795 1642 llT
828 1553 1109 1646 DlOPTlllCllN
1140 1554 1419 1668 PRAEFATIO,

467 1718 524 1780 DE
546 1717 630 1781 USU
652 1718 706 1779 ET
729 1717 1027 1780 PRAESTANTTA
1051 1718 1316 1781 PERSPlClLLl
1344 1718 1488 1781 nUPER
1511 1719 1689 1781 INVENTI

561 1804 705 1878 DEQUE
728 1806 862 1868 novis
889 1805 1177 1871 COELESTlBUS
1202 1808 1284 1868 PER
1308 1808 1351 1867 ID
1376 1806 1593 1870 DETECTIS.

491 1966 639 2028 Libellum
664 1965 800 2039 exhibeo,
825 1965 920 2026 lector
940 1966 1044 2040 amice,
1069 1967 1325 2033 mathematicum,
1351 1967 1406 2027 hoc
1427 1975 1474 2026 est
1494 1974 1583 2046 captu
1603 1986 1660 2028 non
1681 1969 1756 2029 adeo

401 2056 537 2129 facilem,
563 2064 595 2115 et
619 2055 668 2135 qui
692 2075 749 2115 uon
775 2061 889 2115 tantum
918 2054 1067 2133 ingenium
1091 2056 1119 2116 in
1145 2056 1258 2115 lectore
1288 2055 1434 2133 requirat,
1461 2056 1514 2115 sed
1539 2056 1629 2116 etiam
1655 2065 1756 2117 atten-

401 2146 516 2207 tionem
533 2144 642 2205 mentis
657 2145 888 2223 praecipuamet
899 2143 1307 2221 cupiditatemincredibilem
1324 2145 1627 2221 coguosccrrdirernm
1638 2163 1756 2208 causas.

491 2234 557 2294 Hoc
582 2233 649 2293 dum
673 2233 835 2312 perpendo,
861 2233 956 2293 visum
982 2242 1029 2294 est
1050 2234 1151 2312 aliqua
1175 2232 1368 2292 cormuentari
1394 2233 1430 2292 de
1454 2234 1643 2311 praestantia
1661 2235 1757 2313 Diop-

400 2331 516 2383 trarum
551 2341 603 2382 seu
633 2320 876 2399 Perspicillorum
910 2322 1003 2400 deque
1036 2321 1204 2382 admirabili
1237 2339 1337 2380 eorum
1374 2322 1480 2381 effectu
1511 2321 1539 2381 iu
1571 2322 1759 2400 proferendis

400 2409 610 2491 philosophiae
631 2409 784 2471 terminis:
810 2419 843 2469 ut
864 2409 1009 2487 ingeniosi
1035 2411 1245 2471 adolescentes
1266 2409 1417 2488 ceterique
1436 2410 1608 2470 matheseos
1628 2412 1758 2472 cultores

400 2500 459 2560 hoo
482 2498 625 2561 utilitatis
649 2498 742 2558 veluti
767 2498 887 2558 stimulo
917 2497 1036 2560 incitati
1061 2500 1099 2559 ad
1123 2500 1256 2560 rationes
1289 2498 1479 2560 instrumenti
1504 2518 1540 2559 ex
1569 2497 1626 2560 hoc
1658 2498 1758 2561 libello

400 2587 612 2667 percipiendas
636 2586 808 2648 incitentur.

492 2676 592 2736 Multa
620 2681 745 2736 suntet
775 2693 899 2752 magua,
932 2693 1007 2753 quae
1033 2675 1069 2735 de
1098 2694 1153 2735 usu
1188 2674 1303 2753 optices
1337 2673 1495 2735 universae
1527 2676 1682 2751 praelatus
1713 2680 1762 2736 est

401 2765 566 2828 Joaunes
589 2764 688 2824 Pena
712 2761 832 2836 Gallus,
863 2763 963 2841 regius
993 2764 1142 2843 quondam
1170 2764 1415 2837 mathematicus,
1444 2764 1474 2824 in
1504 2763 1636 2824 editione
1666 2762 1758 2842 Opti-

402 2872 505 2915 corum
535 2861 566 2913 et
594 2851 836 2931 Catoptricorum
867 2851 1002 2911 Euclidis
1027 2873 1045 2911 a
1069 2871 1101 2911 se
1132 2870 1301 2913 versorum:
1334 2860 1563 2931 quantacunque
1595 2861 1694 2913 tamen
1726 2870 1762 2913 ca

402 2943 476 3016 sint,
501 2960 573 3021 prae
598 2941 667 3014 illis,
693 2959 769 3019 quae
789 2941 845 3001 hoc
865 2939 983 3001 biennio
1008 2940 1191 3019 dioptrarum
1216 2939 1358 3001 beneficio
1383 2948 1454 3002 sunt
1476 2941 1647 3020 patefacta,
1672 2941 1761 3021 plauo

402 3031 532 3111 puerilia
554 3037 681 3109 possunt
705 3028 818 3090 haberi.

493 3118 536 3179 Et
559 3118 628 3198 quia
652 3118 755 3178 lectori
780 3117 998 3197 praelationem
1022 3116 1105 3178 illam
1122 3118 1179 3178 hae
1205 3117 1354 3177 mentione
1379 3118 1562 3190 commendo,
1589 3136 1645 3197 age
1668 3136 1760 3197 prae·

403 3207 493 3287 cipua
517 3207 582 3286 ejus
605 3205 707 3284 capita
730 3206 859 3267 strictim
882 3206 1103 3279 examinemus3
1129 3225 1165 3266 ne
1189 3225 1256 3266 eum
1281 3205 1361 3265 veris
1381 3214 1413 3266 et
1429 3206 1604 3284 praeclaris,
1631 3226 1706 3285 quae
1731 3204 1762 3268 in

405 3317 442 3358 ea
466 3305 555 3369 sunt,
587 3296 679 3355 etiam
704 3295 793 3356 dubia
817 3303 848 3354 et
872 3295 961 3365 salsa,
985 3314 1060 3373 quae
1086 3295 1271 3372 interspersa
1299 3312 1365 3353 esse
1399 3313 1508 3372 negare
1537 3314 1594 3355 non
1627 3313 1761 3374 possum,

404 3385 506 3447 sciens
529 3385 719 3464 prudensque
744 3383 910 3443 obtrusisse
935 3384 1047 3443 ridear.
1095 3384 1154 3446 Ubi
1178 3383 1233 3443 boc
1258 3383 1430 3455 absolvero,
1457 3392 1518 3444 tum
1544 3384 1661 3444 demum
1687 3403 1762 3463 quae

404 3491 486 3536 nova
508 3471 729 3552 perspicillaria
752 3472 912 3550 disciplina
935 3472 991 3532 hoc
1014 3481 1148 3551 tempore
1174 3472 1324 3532 detexerit
1347 3471 1533 3549 subjungam.

495 3562 626 3622 Primum
651 3562 687 3621 de
711 3561 796 3621 coelo
821 3562 930 3638 dogma
950 3579 1014 3621 cum
1030 3561 1113 3620 Pena
1128 3569 1230 3620 statuo
1250 3579 1287 3620 ex
1302 3561 1403 3638 optica
1426 3561 1521 3620 solide
1546 3557 1760 3620 demonstrari:

406 3650 471 3711 falli
509 3650 644 3710 nimirum
682 3650 875 3709 vehementer
910 3649 1052 3729 physicos
1083 3649 1217 3727 adeoque
1249 3655 1281 3707 et
1315 3647 1472 3724 theologos
1505 3648 1679 3721 nonnullos,
1713 3647 1763 3725 qui

405 3746 524 3819 putant,
549 3757 655 3799 norem
678 3738 727 3799 vel
751 3739 855 3798 decem
880 3735 1144 3815 essclpelluoidas
1178 3736 1323 3814 sphaeras
1355 3735 1431 3796 huuc
1456 3737 1596 3796 mundum
1628 3735 1761 3795 elemen-

334 3861 336 3867 ν
405 3836 504 3889 tarem
528 3828 694 3905 amplexas,
721 3835 753 3887 ut
777 3827 876 3886 album
892 3827 939 3886 ori
965 3826 1043 3886 solet
1066 3826 1207 3906 amplecti
1231 3825 1366 3884 vitellum
1382 3832 1434 3884 aut
1458 3824 1576 3885 tunicae
1601 3841 1763 3903 caeparum

406 3916 470 3977 alia
493 3916 582 3976 aliam
607 3915 850 3976 circumcludunt.
899 3913 974 3975 Cum
999 3914 1076 3974 euim
1100 3913 1275 3975 necessaria
1304 3913 1421 3973 ratione
1451 3921 1624 3974 statuantur
1654 3912 1764 3973 itinera

405 4006 596 4085 planetarum
622 4004 805 4074 eceentrica‚
836 4012 917 4063 reete
942 4002 1059 4080 colligit
1081 4002 1213 4081 opticus,
1238 4002 1338 4063 radios
1363 4022 1381 4062 a
1405 4002 1502 4063 stellis
1526 4020 1578 4079 per
1601 4001 1677 4063 haec
1700 4008 1763 4061 tam

407 4094 546 4173 spatiosa
571 4093 721 4153 solumina
745 4093 862 4170 oblique
888 4092 1107 4151 descendentes
1131 4092 1255 4169 (quippe
1276 4091 1304 4151 in
1321 4091 1444 4151 Terram
1468 4098 1555 4152 extra
1579 4089 1764 4170 quorundam

406 4182 523 4244 orbium
547 4191 650 4243 centra
673 4181 886 4251 constitutam)
912 4180 977 4258 lege
1002 4179 1104 4257 optica
1126 4180 1288 4240 refractum
1313 4178 1365 4239 iri:
1398 4199 1455 4260 quo
1480 4198 1623 4240 concesso
1648 4178 1764 4240 tollitur

407 4271 505 4331 omnis
529 4270 773 4331 observationum
798 4269 956 4342 certitudo,
982 4268 1029 4328 eui
1054 4277 1153 4328 tamen
1179 4268 1383 4329 testimouium
1406 4268 1545 4346 perhibet
1567 4267 1763 4347 experientia.

406 4359 551 4438 Sequitur
574 4360 629 4419 hoo
653 4358 731 4419 idem
756 4358 848 4418 etiam
872 4376 909 4417 ex
937 4356 1130 4435 proportione
1157 4358 1290 4435 corporis
1314 4357 1443 4417 Telluris
1468 4357 1506 4417 ad
1534 4357 1636 4418 orbem
1659 4356 1764 4418 Lunae

407 4448 485 4510 satis
508 4446 706 4527 perceptibili.
753 4446 822 4506 Etsi
847 4446 924 4507 euim
955 4443 1176 4506 dissimulemus
1204 4444 1292 4507 orbes
1321 4446 1504 4507 eooeutricos
1529 4446 1710 4524 Terramqne
1734 4442 1764 4504 in

407 4546 514 4598 ceutro
543 4536 674 4598 omnium
703 4535 817 4595 orbium
849 4535 1044 4607 collocemus,
1076 4552 1112 4595 eo
1136 4533 1201 4612 ipso
1224 4542 1326 4595 tamen
1357 4535 1529 4613 superficies
1552 4534 1664 4594 Terrae
1688 4529 1765 4605 satis

407 4626 498 4705 longo
531 4625 690 4686 intervallo
715 4644 734 4684 a
757 4632 860 4684 centro
891 4623 1038 4701 sphaerae
1062 4622 1184 4696 Lunae,
1217 4623 1295 4702 quod
1318 4623 1386 4701 ipsa
1410 4640 1464 4683 suo
1492 4631 1595 4683 centro
1627 4629 1764 4699 occupat,

406 4714 549 4775 absistit:
582 4731 754 4791 rursumque
780 4711 817 4772 ad
846 4710 1031 4789 superficiem
1055 4710 1166 4772 Terrae
1201 4729 1288 4790 quam
1317 4730 1371 4771 uos
1399 4709 1603 4772 inhabitamus
1636 4709 1764 4770 descen-

406 4804 482 4864 dent
510 4803 589 4864 radii
621 4802 793 4868 stellarum,
825 4800 944 4878 oblique
975 4807 1114 4860 secantes
1146 4800 1247 4861 orbem
1278 4800 1401 4874 Lunae,
1439 4799 1651 4879 contingetque
1681 4806 1715 4859 ut
1745 4796 1764 4857 ii

406 4890 533 4954 refracti
555 4891 678 4953 turbent
702 4887 912 4950 certitudinem
936 4895 1087 4967 aspectus.

497 4980 639 5043 Nondum
670 4997 810 5058 egressos
833 4977 918 5038 Peua
942 4995 979 5037 ex
1009 4976 1097 5054 hujus
1127 4974 1344 5053 pulcherrimae
1374 4973 1637 5036 demonstrationis
1667 4973 1765 5035 vesti·

407 5070 479 5131 bulo
503 5066 667 5150 improvide
691 5065 812 5129 nimium
836 5065 987 5145 impingit,
1012 5064 1171 5126 discrimen
1196 5064 1305 5124 tollens
1326 5082 1383 5125 non
1406 5071 1523 5126 tantum
1548 5063 1663 5152 orbium
1687 5063 1766 5125 iuter
