4584 6192
474 598 478 613 '
571 629 636 696 520
1152 635 1182 683 In
1201 631 1346 695 mopsuest

572 826 620 882 se,
647 807 819 869 sedetiam
854 808 934 870 aeris
963 818 994 869 et
1022 809 1172 870 aetheris:
1208 810 1334 887 dumque
1364 807 1519 868 materiam
1544 808 1675 868 aetheris
1707 808 1833 869 eandem
1858 808 1933 870 facit

572 914 638 956 eum
662 897 791 957 materia
813 896 902 975 hujus
922 917 1007 976 quem
1033 898 1181 975 spiramus
1206 898 1295 969 aeris,
1321 898 1408 957 docet
1429 896 1493 975 ipso
1518 896 1609 956 etiam
1634 896 1719 974 lapsu
1735 915 1798 971 sue,
1825 898 1930 976 quanti

493 1013 496 1016 “
571 983 701 1046 intersit
723 985 905 1045 ambulantis
937 985 964 1046 in
995 986 1203 1065 philosophiae
1234 986 1368 1064 palatio,
1405 985 1520 1063 optices
1556 986 1657 1045 oculos
1692 985 1768 1046 bene
1808 994 1930 1065 apertos

572 1072 697 1134 habere.
743 1073 858 1134 Eodem
883 1075 962 1135 enim
987 1084 1177 1152 argurrrento,
1203 1095 1259 1154 quo
1284 1075 1444 1135 discrimen
1470 1073 1586 1134 tollitur
1609 1072 1723 1134 orbium
1747 1074 1827 1134 inter
1851 1092 1928 1147 sese,

573 1160 706 1222 vicissim
740 1161 899 1222 discrimen
933 1164 1088 1224 stabilitur
1121 1165 1200 1224 aeris
1234 1165 1320 1242 hujus
1346 1172 1376 1223 et
1404 1162 1453 1241 qui
1483 1162 1509 1221 ei
1538 1163 1627 1240 paulo
1662 1182 1753 1242 supra
1785 1163 1930 1223 montium

574 1250 705 1310 culmina
727 1250 862 1310 succedit
886 1251 1029 1313 aetheris.

660 1338 731 1399 Etsi
754 1338 831 1398 enim
865 1340 1092 1401 observationes
1127 1340 1347 1402 astronomicae
1372 1357 1428 1398 non
1454 1338 1613 1398 turbantur
1644 1338 1801 1418 multiplici
1831 1338 1933 1419 aliqua

573 1426 689 1488 ratione
714 1426 926 1488 refractionem
952 1430 1029 1490 inter
1053 1449 1120 1491 sese
1140 1429 1223 1490 varie
1248 1428 1452 1507 implexarum,
1479 1426 1597 1505 qualem
1618 1427 1732 1487 orbium
1756 1427 1932 1489 discrimina

499 1518 506 1528 ‘
575 1522 606 1575 et
630 1514 771 1576 soliditas
794 1516 991 1594 requirerent,
1017 1518 1041 1577 si
1059 1525 1160 1579 essent
1173 1538 1181 1592 ;
1206 1518 1365 1578 turbantur
1384 1525 1483 1575 tamen
1502 1514 1641 1575 uniformi
1662 1517 1790 1593 quadam
1816 1515 1931 1577 ratione

575 1603 799 1675 relractiouirm,
815 1606 934 1683 quando
950 1606 1049 1667 sidera
1065 1607 1212 1667 horizonti
1229 1605 1486 1684 appropinquant:
1508 1622 1583 1682 quae
1599 1604 1795 1665 retractiones
1811 1602 1931 1665 aliunde

573 1711 641 1752 esse
666 1699 826 1770 nequeunt,
852 1712 940 1773 quam
961 1714 998 1754 ex
1017 1696 1173 1773 superficie
1194 1695 1273 1755 a'eris
1293 1693 1378 1771 hujus
1399 1711 1484 1771 quem
1509 1690 1673 1769 spiramus:
1700 1695 1775 1753 adeo
1801 1693 1930 1772 quidem,

574 1788 608 1840 ut
631 1779 660 1839 in
684 1780 901 1842 Astronomiae
933 1790 1020 1861 parte
1045 1782 1157 1862 Optioa
1185 1784 1253 1843 hinc
1281 1783 1372 1842 etiam
1397 1781 1587 1841 altitudinem
1610 1780 1690 1842 illins
1721 1781 1892 1861 superficiei
1914 1801 1932 1840 a

572 1868 727 1946 superficie
757 1868 868 1930 Terrae
901 1873 1049 1949 potuerim
1084 1871 1276 1950 investigare.
1332 1871 1482 1930 Provocat
1514 1869 1598 1928 Pena
1630 1871 1668 1930 ad
1703 1870 1930 1951 experientiam,

572 1957 693 2017 inducto
728 1963 807 2017 teste
841 1962 961 2019 oculato
996 1959 1126 2022 Gemma
1159 1961 1256 2021 Frisio
1289 1976 1355 2019 cum
1392 1958 1498 2018 baculo
1533 1977 1585 2017 sno
1623 1958 1846 2032 astronomico,
1884 1957 1932 2037 qui

572 2046 696 2125 negavit
720 2065 738 2105 a
761 2065 794 2106 se
818 2047 897 2107 ullas
921 2049 1119 2110 refractiores
1149 2069 1216 2110 esso
1245 2047 1459 2128 deprehensas.
1476 2043 1516 2118 ²⁰)
1564 2047 1710 2108 Nimirum
1735 2048 1838 2108 Peuae
1863 2055 1932 2107 tuno

573 2134 704 2195 nondum
728 2142 795 2194 erat
819 2137 941 2214 cognita
966 2138 1152 2199 admirabilis
1182 2137 1330 2198 industria
1363 2135 1470 2196 summi
1500 2134 1623 2195 artificis
1647 2136 1798 2217 Tychonis
1822 2134 1933 2205 Brahe,

573 2224 622 2301 qui
650 2220 762 2302 partim
794 2242 952 2303 operarum
986 2228 1194 2298 multitudiue,
1225 2226 1334 2306 partim
1367 2224 1629 2285 instrumentorum
1663 2224 1870 2302 magnitudine
1903 2234 1934 2283 et

573 2310 744 2372 subtilitate
769 2312 919 2374 modicum
940 2315 1012 2375 illud
1035 2325 1193 2376 assecutus
1209 2323 1266 2388 est,
1292 2314 1369 2394 quod
1385 2331 1519 2373 erassum
1536 2311 1679 2373 Geminae
1704 2314 1935 2373 instrumentum

572 2399 760 2478 hominisque
792 2401 878 2463 unius
912 2411 943 2463 et
978 2403 1106 2466 solitarii
1143 2406 1341 2466 attentionem
1380 2403 1537 2479 etl'ngerat.
1592 2401 1635 2462 Et
1668 2401 1779 2462 adduxi
1817 2420 1874 2480 ego
1907 2401 1935 2460 in

571 2488 787 2551 Astronomiae
819 2498 907 2569 parte
932 2490 1044 2571 Optioa
1073 2513 1128 2573 pro
1162 2491 1393 2555 retractionibus
1422 2497 1518 2550 testes
1543 2490 1662 2551 Braheo
1694 2489 1935 2551 succenturiatos

575 2596 613 2639 ex
639 2576 831 2655 antiquitate,
857 2598 950 2657 eoque
976 2582 1110 2659 integros
1136 2590 1167 2641 et
1190 2582 1390 2659 incorruptos.
1759 2623 1764 2632 .

662 2664 763 2726 Audio
786 2666 825 2726 Ι).
841 2667 879 2727 Ι).
901 2668 1075 2729 Helisaeum
1091 2670 1248 2730 Rdslinum
1273 2668 1428 2748 problema
1448 2666 1517 2726 mihi
1542 2667 1734 2745 proposuisse
1759 2667 1936 2728 solvendum

573 2754 610 2814 de
635 2752 706 2814 Sole
736 2748 920 2816 ltdiernm
953 2758 1053 2836 spatio
1084 2758 1173 2819 citius
1203 2760 1288 2837 justo
1319 2778 1337 2816 a
1364 2757 1492 2817 Batavis
1521 2754 1550 2813 in
1584 2757 1813 2832 septentrionali
1844 2756 1937 2817 Terra

425 2838 427 2842 ’
519 2855 521 2860 ⁴
572 2842 650 2904 viso.
685 2841 809 2902 Librum
833 2843 898 2923 ejus
919 2865 976 2906 non
997 2848 1056 2908 vidi
1076 2866 1131 2926 per
1150 2847 1204 2907 hos
1223 2847 1380 2908 tumultus.
1414 2844 1700 2917 Adruoneotamen,
1727 2845 1936 2924 quaestionem

575 2931 652 2993 hanc
672 2951 690 2991 a
710 2950 756 2991 me
771 2950 826 3011 per
848 2934 1046 2997 retractiones
1071 2936 1152 2997 aeris
1177 2935 1350 3016 expeditam
1370 2934 1397 2994 in
1414 2934 1539 2994 Astron.
1555 2941 1642 3010 parte
1659 2932 1772 3012 Optioa
1791 2953 1859 3014 cap.
1878 2933 1935 2994 IV.

575 3039 653 3081 num.
680 3018 709 3082 9.

664 3106 821 3170 Secundae
849 3110 932 3171 Pena
965 3120 1067 3191 partes
1101 3113 1185 3173 dedit
1216 3110 1350 3193 dogmati
1381 3109 1417 3169 de
1451 3108 1609 3170 itineribus
1641 3109 1836 3188 planetarum
1865 3127 1936 3170 vere

575 3197 773 3270 eoeentricis3
805 3208 835 3259 et
867 3207 949 3260 recte
985 3201 1078 3262 dedit.
1125 3202 1228 3263 Habet
1260 3201 1359 3281 optice
1392 3199 1562 3259 firmissima
1590 3217 1643 3277 pro
1667 3199 1715 3259 his
1744 3206 1935 3276 argumenta.

574 3286 653 3347 Illud
677 3286 774 3347 solum
799 3288 979 3363 cavendum,
1015 3310 1051 3350 ne
1075 3290 1161 3350 nobis
1191 3291 1310 3352 aecidat
1339 3288 1416 3367 quod
1446 3287 1615 3360 veteribus,
1649 3294 1683 3347 ut
1706 3286 1796 3348 alteri
1821 3286 1937 3365 optices

576 3376 661 3436 oculo
680 3375 802 3437 nimium
821 3394 925 3437 secure
948 3379 1131 3440 confidentes
1147 3379 1175 3440 iu
1190 3379 1375 3458 pervidenda
1396 3376 1452 3436 hae
1472 3377 1660 3454 planetarum
1680 3375 1789 3449 orbita,
1807 3375 1935 3436 alterum

574 3463 717 3544 physices
746 3464 863 3526 oculum
892 3466 1081 3541 claudamuS,
1108 3477 1138 3528 et
1162 3470 1217 3539 sic,
1246 3467 1323 3547 quod
1358 3466 1510 3543 utriusque
1536 3472 1567 3524 et
1594 3465 1710 3544 optices
1735 3474 1766 3524 et
1794 3464 1936 3546 physices

573 3553 740 3614 rationibus
764 3573 801 3613 ex
826 3573 920 3633 aequo
945 3556 1134 3617 tribuendum
1156 3567 1231 3633 erat,
1256 3557 1312 3618 soli
1337 3554 1456 3632 opticae
1480 3554 1648 3615 tribuentes
1672 3572 1790 3615 rursum
1811 3576 1829 3613 a
1845 3572 1936 3632 scopo

574 3642 756 3703 aberremus.
805 3642 874 3713 Qua
898 3644 933 3704 de
959 3664 989 3705 re
1016 3646 1081 3706 ride
1112 3667 1210 3708 meam
1233 3643 1446 3707 Astronomiae
1475 3653 1593 3722 partem
1618 3641 1759 3721 Opticam
1785 3654 1818 3703 et
1842 3640 1934 3703 Com-

573 3731 722 3792 mentario
745 3731 782 3791 de
806 3732 915 3793 Martis
941 3734 1080 3797 motibus.

663 3820 766 3880 Tertio
790 3820 856 3882 loco
881 3823 1035 3884 examinat
1050 3825 1133 3884 Pena
1148 3843 1184 3883 eu
1201 3823 1303 3901 optica
1320 3820 1528 3900 quaestionem
1544 3821 1580 3880 de
1600 3820 1702 3880 ordine
1726 3821 1934 3899 planetarum:

573 3927 627 3970 nee
650 3910 728 3970 male
753 3909 952 3972 ratiocinatur
976 3932 1012 3973 ex
1036 3911 1214 3983 Aristotele,
1240 3909 1384 3989 siquidem
1411 3910 1504 3969 Terra
1528 3929 1580 3969 suo
1606 3918 1668 3968 stet
1690 3910 1750 3969 fixa
1775 3911 1853 3982 loco,
1880 3927 1933 3969 non

573 4017 640 4059 esse
665 3996 836 4072 verisimile,
860 4006 893 4058 ut
914 3998 978 4074 Sol,
993 4001 1097 4061 Venus
1118 4010 1149 4061 ot
1164 4000 1331 4061 Mercurius
1351 3999 1447 4059 tribus
1468 3998 1618 4058 distinctis
1639 3998 1760 4059 orbibus
1786 3997 1934 4078 inaequali

573 4086 797 4166 magnitudine,
824 4087 942 4166 aequali
966 4096 1068 4151 tamen
1092 4089 1216 4167 periodo
1240 4089 1441 4149 circumeant:
1471 4087 1538 4165 quin
1563 4086 1663 4165 potius
1688 4095 1932 4159 consentaneum,

573 4174 653 4254 quod
683 4173 834 4236 Martiano
867 4174 1031 4256 Capellae,
1068 4176 1224 4258 Campano
1248 4186 1279 4237 et
1302 4176 1421 4237 Braheo
1454 4175 1581 4254 placuit,
1616 4175 1752 4255 infraque
1779 4175 1933 4238 Galilaeus

574 4262 799 4324 evidentissime
823 4265 946 4343 probat,
981 4266 1126 4344 siquidem
1152 4267 1206 4326 Sol
1230 4265 1364 4333 vehitur,
1388 4284 1446 4324 uno
1477 4265 1544 4324 illos
1570 4264 1641 4324 orbe
1665 4265 1747 4338 vehi,
1776 4264 1933 4343 Solemque

574 4358 608 4412 ut
632 4369 718 4412 axem
749 4362 880 4414 rotarum
906 4355 943 4415 ab
978 4355 1120 4437 epicyclis
1144 4355 1276 4415 Veneris
1301 4361 1332 4414 et
1355 4354 1495 4413 Mercurii
1527 4354 1620 4413 ueluti
1644 4374 1662 4413 a
1687 4361 1820 4415 rotarum
1854 4352 1932 4433 apsi·

573 4440 659 4502 dibus
684 4441 810 4502 ambiri:
835 4442 894 4503 imo
918 4462 989 4504 vero
1013 4444 1288 4523 probabilissimum
1313 4462 1397 4516 csse,
1427 4442 1504 4520 qnod
1530 4441 1729 4521 Copernicus,
1761 4444 1843 4522 quod
1867 4448 1932 4503 ante

572 4538 620 4592 tot
643 4531 747 4591 secula
772 4530 825 4590 illa
849 4532 1062 4612 antiquissime
1084 4532 1276 4612 philosophia
1295 4530 1400 4592 Samia
1425 4530 1530 4602 tenuit,
1554 4530 1654 4591 Solem
1674 4531 1704 4592 in
1729 4532 1830 4593 medio
1855 4540 1931 4595 stare

572 4620 662 4681 fixum
686 4620 772 4698 loco3
797 4619 935 4700 circaque
960 4642 1025 4682 enm
1051 4641 1108 4682 non
1132 4623 1313 4683 Mercurium
1338 4627 1454 4681 tanturn
1479 4628 1510 4680 et
1534 4620 1685 4681 Venerem
1708 4640 1764 4682 sno
1789 4634 1930 4701 quemque

572 4715 721 4787 ternpore,
757 4708 811 4768 sed
844 4708 943 4789 ipsam
974 4712 1050 4771 adeo
1075 4711 1224 4773 Tellurem
1250 4730 1315 4772 cum
1340 4711 1426 4770 Luna
1450 4730 1504 4770 sua
1534 4710 1642 4771 comite
1674 4710 1831 4772 circumire
1855 4716 1930 4772 motu

572 4814 680 4868 annuo,
705 4805 882 4877 ceterosque
907 4806 969 4860 tres
994 4800 1056 4860 suis
1081 4800 1185 4861 itidem
1210 4799 1351 4878 periodis.

661 4884 792 4946 Rursum
818 4894 919 4946 antem
945 4889 1027 4948 Pena
1051 4889 1098 4949 hic
1123 4907 1191 4948 sese
1216 4907 1282 4950 cnm
1307 4887 1407 4965 aliquo
1435 4885 1576 4946 veritatis
1602 4886 1710 4947 damno
1735 4907 1774 4949 ex
1797 4886 1930 4949 sentibus

571 4974 781 5053 perplexarum
810 4975 1072 5036 ratiocinationum
1102 4977 1235 5056 expedit.
1282 4976 1405 5036 Etenim
1435 4982 1640 5052 argumentum
1670 4976 1727 5038 hoo
1751 4977 1838 5038 nulla
1860 4975 1930 5037 adeo

571 5062 704 5123 evidenti
728 5062 911 5124 necessitate
935 5064 1102 5126 revinctum
1126 5066 1162 5125 de
1187 5065 1402 5144 probabilitate
1422 5065 1488 5125 sola
1513 5064 1695 5127 testabatur.
1736 5066 1823 5126 Pena
1846 5064 1930 5145 igitur

571 5150 686 5212 diffisus
719 5160 895 5230 argumento
927 5152 1017 5214 dubio
1056 5154 1256 5216 mobilitatem
1299 5154 1429 5228 Terrae,
1466 5156 1583 5234 qualem
1615 5152 1803 5234 Coperniens
1837 5155 1929 5225 docet,
