4584 6192
1058 538 1140 604 capus
1157 539 1204 591 Vl·
1224 538 1248 592 θ·
1501 559 1503 564 ⁴
1766 540 1832 611 279

472 714 612 794 Apparet
634 714 704 777 binc
729 716 834 788 etiam,
861 723 976 796 quauta
998 714 1041 775 sit
1068 715 1217 778 certitudo
1247 695 1457 780 delineatiouis
1480 718 1585 781 Lunae
1608 719 1776 783 crescentis
1799 728 1832 783 et

473 803 670 878 senescentis,
696 822 785 884 quarn
809 805 898 865 docet
920 803 1123 883 Albateguius
1147 823 1214 884 cap.
1231 801 1274 868 30
1298 814 1329 866 et
1347 800 1401 882 40,
1426 814 1457 867 et
1481 825 1572 887 quare
1591 809 1645 871 illa
1667 809 1831 889 digitorum
1868 803 1871 809 ’

472 892 664 1059 ξέιειέξὶἳίθζῗ
695 893 792 955 visum
825 894 919 972 (quod
948 890 1038 953 nimis
1071 892 1159 955 facile
1192 895 1354 956 concedere
1384 894 1504 956 videtur
1536 896 1738 973 Reinholdus)
1770 916 1830 960 nou

548 1117 582 1183 6.
630 1120 775 1183 Nullum
800 1140 951 1200 unquam
977 1121 1091 1183 luisse
1119 1141 1253 1183 merum
1282 1123 1511 1186 novilunium
1533 1125 1756 1205 παραδοξον.
1817 1192 1819 1196 ⁴

559 1242 651 1314 Quod
670 1244 735 1322 jam
756 1244 786 1304 in
802 1246 902 1321 specie
927 1246 1024 1324 ipsam
1048 1245 1201 1324 plenilunii
1225 1245 1331 1324 phasin
1357 1247 1478 1323 attinet,
1502 1256 1605 1309 monet
1621 1248 1686 1328 ipse
1702 1250 1830 1315 Vitellio

471 1351 554 1412 prop.
580 1326 632 1395 74.
658 1333 690 1393 iu
720 1332 922 1410 explicatione
946 1343 978 1394 et
1001 1353 1038 1394 ex
1063 1354 1100 1394 ea
1122 1333 1324 1408 Reinholdus‚
1359 1335 1470 1397 habere
1499 1337 1575 1397 hauc
1606 1337 1715 1416 phasin
1744 1358 1829 1402 suam

470 1421 614 1501 temporis
639 1421 837 1482 latitudinem.
884 1421 1006 1484 Etenim
1034 1423 1105 1503 quia
1127 1421 1182 1484 Sol
1208 1423 1236 1483 in
1266 1422 1428 1502 plenilunio
1458 1424 1592 1486 illustrat
1619 1436 1723 1506 partes
1750 1424 1831 1491 180ο

470 1506 523 1572 28’
551 1507 633 1571 tw:
658 1529 713 1570 uos
741 1528 813 1571 vero
840 1510 975 1572 videmus
999 1511 1116 1573 Lunam
1150 1530 1318 1591 apogaeum
1341 1510 1397 1572 sub
1429 1513 1539 1593 angulo
1563 1510 1625 1588 30⁴,
1656 1516 1829 1594 perigaeam

470 1598 586 1680 aliquot
609 1598 757 1678 scrupulis
781 1599 934 1677 majorem,
960 1606 993 1660 et
1016 1618 1103 1662 arcus
1127 1599 1230 1661 circuli
1253 1600 1375 1662 maximi
1393 1619 1447 1679 per
1468 1601 1570 1680 polum
1593 1601 1718 1665 visionis
1742 1611 1828 1667 tauto

471 1686 566 1749 minor
590 1693 640 1747 est
662 1686 869 1749 semicirculo:
896 1688 1003 1767 juncto
1027 1687 1078 1750 illo
1103 1707 1229 1749 excessu
1253 1696 1286 1749 et
1308 1689 1363 1749 hoc
1393 1690 1513 1751 defectu
1541 1689 1692 1768 colligitur
1715 1693 1828 1771 gradus

470 1775 589 1837 circiter
611 1794 697 1836 uuus.
744 1777 851 1856 Itaque
876 1777 931 1838 sub
955 1777 1052 1856 ipsum
1074 1777 1250 1839 verissimae
1279 1777 1477 1856 oppositionis
1508 1786 1688 1839 momentum
1714 1779 1830 1845 distant

470 1871 592 1943 uterque
616 1863 745 1924 circulus
769 1864 894 1926 visionis
915 1874 946 1924 et
965 1864 1189 1927 illuminationis
1213 1865 1342 1946 undique
1366 1866 1485 1927 circiter
1505 1862 1570 1929 30¹.
1609 1865 1717 1937 Quoad
1736 1867 1828 1947 igitur

468 1952 556 2013 Luna
578 1952 699 2014 conficit
714 1971 802 2012 unuin
825 1953 960 2031 gradum,
985 1972 1038 2033 per
1057 1954 1147 2015 horas
1171 1953 1290 2015 scilicet
1313 1954 1398 2030 duas,
1423 1954 1511 2015 durat
1524 1954 1629 2032 phasis
1653 1955 1808 2033 plenilunii
1816 1975 1826 2031 ;

469 2039 507 2101 ab
530 2059 567 2102 eo
591 2040 711 2102 scilicet
733 2048 878 2119 tempore,
904 2060 961 2121 quo
985 2042 1113 2103 circulus
1145 2041 1270 2103 visionis
1295 2042 1394 2121 tangit
1425 2042 1566 2103 circulum
1599 2042 1826 2106 illuminationis

469 2130 497 2189 iu
520 2135 609 2209 parte
633 2128 909 2203 Lunae-orientali,
936 2131 975 2191 ad
998 2131 1071 2192 illud
1094 2139 1246 2210 puuctum,
1271 2130 1321 2191 ubi
1345 2137 1502 2192 contactus
1522 2132 1556 2192 lit
1575 2130 1602 2192 iu
1631 2139 1719 2210 parte
1743 2132 1824 2194 occi-

470 2217 593 2280 dentali.
642 2218 726 2279 Haec
751 2225 800 2279 est
822 2218 1013 2280 ratiocinatio
1038 2227 1192 2281 auctorum
1211 2219 1277 2297 jam
1301 2218 1510 2296 allegaturum.

555 2306 673 2367 Verum
698 2306 767 2386 qnia
789 2306 838 2368 hic
861 2306 1076 2386 ἀκριβολογεσι,
1100 2308 1192 2369 liceat
1210 2314 1241 2368 et
1264 2307 1334 2368 mihi
1358 2307 1591 2368 contradicendo
1614 2305 1821 2386 ἀκριβολογοιν.

464 2394 605 2458 'Audiaut
628 2395 706 2456 hanc
729 2414 837 2457 novam
861 2404 892 2456 et
915 2397 1122 2458 admirabilem
1150 2414 1269 2471 vocem,
1301 2414 1391 2475 quam
1414 2415 1452 2456 ex
1475 2396 1521 2456 his
1550 2396 1682 2475 ipsorum
1712 2396 1824 2458 funda-

469 2482 575 2546 mentis
600 2492 727 2545 extruo:
757 2503 906 2564 uunquam
930 2504 984 2545 uec
1008 2484 1104 2545 visum
1132 2504 1200 2545 esse
1223 2503 1278 2544 uec
1306 2482 1400 2545 videri
1427 2501 1518 2563 posse
1542 2485 1635 2546 ullum
1657 2484 1826 2562 perfectum

468 2571 678 2652 plenilunium;
702 2579 820 2633 tautum
844 2573 932 2633 abest
956 2582 989 2634 ut
1011 2592 1100 2635 uuum
1122 2572 1319 2652 plenilunium
1343 2573 1418 2633 duas
1442 2572 1532 2633 horas
1555 2573 1653 2633 duret.
1700 2572 1824 2635 Etenim

470 2662 535 2740 quia
566 2661 791 2723 semidiamcter
822 2662 944 2722 umbrae
977 2670 1089 2742 aequat
1120 2656 1181 2743 2¹),
1210 2662 1314 2722 Lunae
1347 2660 1601 2734 semidiametros‚
1637 2659 1742 2722 addita
1763 2680 1825 2723 uua

470 2750 569 2811 Lunae
598 2749 842 2824 semidiametro,
876 2760 909 2810 ut
936 2758 1040 2811 centra
1063 2751 1167 2812 Lunae
1199 2758 1230 2811 et
1259 2750 1381 2811 umbrae
1412 2750 1544 2829 spatium
1569 2749 1686 2829 justum
1716 2768 1824 2828 expers

470 2840 587 2900 umbrae
609 2838 786 2912 admittant,
811 2838 1004 2900 conficientur
1026 2838 1146 2900 circiter
1167 2834 1208 2900 64
1228 2846 1281 2900 aut
1300 2834 1343 2900 66
1367 2838 1524 2917 scrupula:
1548 2837 1676 2900 totidem
1699 2856 1824 2900 necesse

471 2937 515 2989 est
545 2927 665 2989 Lunam
697 2926 804 2989 abesse
834 2947 853 2987 a
884 2925 966 2988 Solis
997 2929 1135 3008 opposito
1169 2947 1223 2988 seu
1254 2926 1286 2987 iu
1318 2927 1439 3006 longum
1471 2946 1525 2987 seu
1557 2926 1587 2986 iu
1620 2926 1733 2999 latum;
1766 2926 1825 2989 uisi

470 3016 601 3078 umbram
634 3014 767 3077 delibare
799 3014 884 3076 velit.
935 3016 981 3077 At
1013 3023 1098 3077 tanto
1132 3015 1231 3094 spatio
1264 3014 1381 3076 distans
1410 3015 1448 3075 ab
1481 3014 1669 3093 oppositione
1697 3013 1762 3093 jam
1790 3015 1825 3076 fit

469 3104 639 3167 intersectio
664 3103 839 3166 circulorum
863 3104 1088 3166 illuminationis
1112 3112 1143 3165 et
1166 3102 1309 3165 visionis:
1339 3102 1408 3183 quia
1430 3102 1461 3164 hi
1485 3102 1516 3163 iu
1544 3102 1691 3164 distantia
1712 3101 1818 3164 Lunae

470 3201 498 3254 et
524 3192 656 3274 oppositi
686 3193 743 3254 loci
766 3192 848 3254 Solis
879 3190 932 3255 30‘
966 3212 998 3254 se
1029 3201 1131 3254 mutuo
1165 3199 1304 3272 tangunt.
1350 3193 1415 3254 Aut
1445 3190 1538 3272 igitur
1568 3189 1672 3271 nequit
1702 3189 1820 3270 impleri

472 3283 551 3345 Luna
575 3281 614 3343 ob
637 3282 828 3344 latitudinem
853 3283 974 3344 boream
996 3282 1045 3343 vel
1070 3282 1251 3355 austrinam,
1276 3288 1330 3342 aut
1352 3281 1378 3341 si
1401 3287 1505 3359 potest
1526 3279 1652 3357 impleri,
1678 3278 1822 3342 articulos

468 3389 633 3451 peragrans
657 3370 864 3451 oppositionis,
889 3372 1061 3450 priusquam
1085 3370 1254 3449 impleatur,
1280 3369 1405 3431 delicere
1429 3367 1535 3449 incipit
1557 3367 1692 3430 umbram
1710 3368 1823 3431 Terrae

470 3460 588 3522 subiens
595 3479 606 3534 ;
629 3459 688 3521 uisi
708 3461 786 3521 forte
802 3459 937 3525 ,distanti
951 3460 981 3521 iu
997 3460 1120 3521 boream
1134 3458 1300 3539 parallaxis
1315 3457 1452 3520 austrina
1464 3458 1513 3519 vel
1527 3465 1634 3519 contra
1647 3456 1821 3520 subveniat.

553 3546 657 3628 Atque
680 3549 754 3610 haec
778 3548 815 3609 de
838 3548 1010 3628 plenilunio.
1058 3547 1238 3610 Consimilis
1266 3547 1326 3608 iere
1351 3547 1387 3607 de
1416 3546 1573 3608 noviluniis
1597 3545 1657 3606 dici
1685 3551 1820 3625 possent

469 3637 544 3699 Nam
568 3656 742 3717 quocunque
767 3638 832 3697 loco
847 3637 934 3698 Luna
953 3638 981 3697 iu
1005 3637 1165 3699 noviluniis
1180 3634 1282 3698 Solem
1305 3635 1451 3697 intactum
1473 3633 1629 3713 praeterit,
1652 3633 1690 3693 ob
1709 3652 1818 3695 causas

466 3726 648 3805 jamdictas
672 3744 762 3787 cornu
794 3725 888 3787 habet
920 3726 1080 3788 residuum.
1129 3723 1208 3795 Quin
1237 3724 1328 3786 etiam
1352 3725 1383 3785 in
1409 3721 1563 3802 ipsissima
1596 3721 1723 3784 ceutrali
1746 3739 1820 3783 cou-

466 3815 628 3893 junctioue‚
653 3813 678 3874 si
703 3815 834 3876 fortasse
858 3815 955 3876 minor
978 3824 1125 3894 appareat
1144 3813 1216 3876 Sole
1241 3814 1293 3887 (de
1314 3832 1371 3894 quo
1390 3811 1495 3886 infra),
1519 3810 1647 3873 circulus
1669 3809 1822 3872 illumiua-

470 3904 557 3965 tiouis
591 3904 757 3964 descendet
792 3903 873 3964 intra
908 3904 1047 3964 circulum
1085 3902 1209 3964 visionis
1242 3910 1274 3963 et
1309 3900 1458 3963 videbitur
1491 3899 1532 3973 (si
1564 3897 1666 3960 Solem
1702 3897 1823 3960 iuterim

470 3991 610 4054 abscondi
643 3992 832 4070 contingeret
861 4001 1005 4053 anostro
1038 3992 1119 4065 visu)
1153 3991 1261 4053 limbus
1294 3988 1480 4052 circulariter
1511 3987 1704 4050 illuminatus.
1750 3985 1823 4049 Jam

469 4089 565 4143 autem
589 4081 746 4158 praefatus
765 4100 841 4153 sum,
866 4100 912 4142 me
932 4099 997 4142 cum
1021 4080 1194 4142 auctoribus
1209 4078 1415 4159 ἀκριβολογειν.
1452 4077 1532 4139 Nam
1550 4075 1629 4156 quod
1646 4093 1709 4136 rem
1724 4073 1822 4155 ipsam

470 4169 586 4243 attinet,
612 4169 748 4230 delectus
774 4169 832 4230 iste
856 4170 885 4229 iu
909 4169 1071 4249 plenilunio
1095 4169 1274 4248 perexiguus
1298 4177 1355 4242 est,
1381 4166 1459 4247 quod
1482 4165 1550 4227 binc
1574 4163 1663 4227 facile
1687 4163 1822 4244 colliges,

470 4260 544 4339 quod
563 4258 630 4337 jam
653 4258 742 4319 modo
767 4258 844 4331 dixi,
869 4258 1060 4320 insensibiles
1085 4277 1153 4318 esse
1176 4265 1280 4336 partes
1304 4256 1372 4318 illas
1401 4272 1506 4317 versus
1529 4252 1671 4317 circulum
1697 4253 1823 4316 visionis

470 4347 598 4410 declives
628 4347 820 4427 quantumvis
848 4348 925 4407 eatis
954 4365 1091 4425 magnas.
1138 4346 1214 4408 Esto
1244 4364 1370 4425 namque
1400 4343 1547 4406 distantia
1573 4343 1717 4406 luminum
1743 4338 1824 4407 179ο

470 4447 498 4497 et
518 4436 704 4517 respoudeat
721 4436 787 4515 jam
810 4435 928 4513 integer
950 4436 1062 4515 gradus
1077 4436 1106 4497 in
1127 4435 1238 4497 circulo
1257 4433 1340 4514 globi
1354 4433 1457 4496 Lunae
1480 4431 1611 4495 maximo
1631 4450 1687 4512 per
1709 4431 1823 4494 utrius·

470 4544 520 4605 que
544 4524 648 4587 circuli
671 4524 901 4586 illuminationis
925 4531 957 4586 et
979 4524 1103 4586 visionis
1131 4524 1217 4603 polos
1242 4524 1346 4597 ducto,
1378 4541 1434 4602 quo
1458 4521 1554 4601 gradu
1582 4517 1824 4583 transcenderint
1930 4551 1941 4572 ·

471 4633 499 4675 sc
520 4621 624 4676 mutuo
648 4612 678 4674 hi
702 4613 815 4676 circuli.
863 4611 940 4675 Cum
964 4633 1034 4694 ergo
1059 4607 1120 4678 90ο
1149 4612 1367 4675 subtenduntur
1398 4607 1527 4673 100000
1558 4608 1732 4690 particulis,
1761 4601 1823 4672 89⁰

470 4703 623 4781 particulis
647 4698 771 4779 99985,
796 4700 934 4764 residuus
958 4702 1048 4780 igitur
1071 4702 1183 4781 gradus
1214 4700 1340 4763 residuis
1367 4697 1406 4762 15
1430 4697 1588 4778 particulis
1612 4696 1820 4770 subtendetur,

471 4810 538 4871 quae
563 4792 615 4854 viu
647 4799 697 4852 est
726 4792 839 4871 septies
868 4791 1029 4853 millesima
1055 4791 1206 4870 particula
1229 4790 1266 4851 de
1290 4791 1394 4851 Lunae
1424 4786 1656 4849 semidiametro.
1702 4784 1752 4847 Ex
1772 4783 1822 4847 his

471 4887 602 4961 apparet,
627 4880 741 4941 nullum
765 4880 889 4942 subesse
918 4880 1081 4959 periculum
1111 4878 1387 4953 observationibus,
1416 4876 1534 4958 quaudo
1565 4873 1693 4937 altitudo
1715 4874 1821 4937 Lunae

471 4966 598 5031 instante
623 4969 810 5049 oppositione
835 4989 889 5049 per
913 4988 1058 5032 summum
1083 4976 1114 5029 et
1137 4968 1226 5029 imum
1250 4967 1353 5029 Lunae
1377 4965 1542 5045 marginem
1565 4963 1623 5026 luit
1644 4964 1819 5045 explorata:

472 5058 523 5119 etsi
536 5059 634 5132 Luna,
659 5066 784 5137 propter
802 5058 924 5121 boream
948 5057 1139 5120 latitudinem
1159 5057 1197 5119 ab
1214 5063 1317 5119 austro
1337 5056 1387 5117 vel
1409 5062 1524 5133 contra,
1547 5052 1679 5117 noudum
1699 5051 1821 5136 penitus
