4584 6192
964 571 1046 639 capas
1062 572 1130 627 mv·
1655 572 1720 646 geg

371 749 561 818 denominat.
585 756 618 810 et
637 765 838 811 amanuenses
859 765 1000 816 numeros
1022 748 1140 831 aliquos
1155 759 1366 832 corruperunt:
1389 759 1424 816 nt
1445 752 1472 816 ai
1495 753 1722 836 dispositionem

374 859 414 902 ex
446 839 510 920 ojus
542 835 674 919 catalogi
704 836 762 900 fide
794 836 907 913 facias,
939 838 1169 919 dispositionem
1198 841 1310 916 rictus,
1341 841 1392 922 qui
1419 841 1449 904 in
1479 843 1564 907 coc‘lo
1586 854 1722 926 apparot,

359 928 494 1006 minime
517 926 678 1008 exprimas,
701 925 745 989 uti
768 945 834 988 eam
857 946 930 990 sane
952 946 1049 1009 neque
1071 929 1180 1009 globus
1202 928 1391 1012 Tychonicus
1414 927 1614 1011 exprimit.²⁴)

462 1017 524 1081 Sed
546 1025 579 1079 et
600 1016 631 1077 in
654 1015 772 1078 Graeco
795 1015 962 1079 Ptolemaei
990 1024 1076 1080 textu
1105 1038 1250 1099 perversa
1282 1027 1331 1081 cst
1352 1020 1481 1102 quinque
1511 1021 1670 1086 stellarum
1691 1022 1722 1086 in

377 1108 485 1172 dextro
507 1106 583 1187 pede
606 1104 809 1168 denominatio
828 1106 946 1186 plagae,
969 1126 1039 1170 nam
1052 1126 1107 1187 pro
1120 1107 1214 1171 borea
1228 1106 1456 1172 substituendus
1478 1119 1591 1175 auster.
1629 1112 1724 1176 Error
1749 1189 1751 1194 Ι

373 1196 516 1279 antiquus
546 1195 576 1256 in
605 1194 776 1257 versionem
804 1214 920 1277 quoque
942 1196 1107 1259 Arabicam
1134 1198 1254 1260 transit.
1300 1199 1406 1280 Itaque
1429 1198 1553 1262 retinuit
1575 1219 1644 1264 enm
1664 1201 1724 1265 Jo-

373 1304 470 1348 annes
491 1287 644 1367 Bayorus,
675 1285 754 1366 quod
783 1284 814 1346 in
838 1284 1045 1348 oculatissimo
1068 1285 1198 1351 hominis
1228 1285 1386 1367 diligentia
1414 1287 1542 1350 mireris.
1588 1289 1725 1369 Agnovit

373 1375 453 1437 enim
475 1376 627 1437 Mercator
650 1374 681 1434 in
704 1373 794 1453 globo
818 1380 850 1435 et
872 1375 978 1437 stellas
1007 1375 1063 1437 has
1091 1375 1122 1437 in
1144 1383 1280 1454 austrum
1309 1375 1480 1440 transtulit:
1514 1376 1592 1442 unde
1613 1378 1724 1441 Weid-

372 1484 464 1530 nerus
487 1471 569 1527 recte
592 1462 690 1525 canit:

608 1597 669 1661 Qut
689 1598 816 1653 dextram
837 1597 976 1670 armiferi
995 1598 1122 1671 plantam
1142 1604 1222 1654 secat
1241 1600 1332 1654 orbita
1351 1591 1481 1669 Solia'ss)

463 1729 610 1793 Nimirum
640 1727 739 1810 globi,
770 1728 820 1810 qui
843 1727 995 1810 Tychonis
1023 1730 1135 1793 Brahei
1168 1730 1379 1795 auctoritatem
1408 1732 1598 1815 praeferunt,
1629 1731 1724 1795 multa

373 1818 545 1899 hujusmodi
567 1818 791 1901 persuadebunt
812 1816 958 1893 incautis;
983 1817 1053 1881 dum
1075 1819 1245 1883 imitatores
1259 1820 1425 1885 mechanici
1440 1842 1493 1883 eas
1509 1821 1626 1896 stellas,
1650 1842 1725 1903 quas

373 1908 512 1972 Braheus
535 1908 584 1971 vel
608 1908 645 1971 ob
667 1907 869 1970 humilitatem
899 1906 948 1969 vel
976 1909 1013 1971 ob
1044 1907 1106 1970 alia
1134 1907 1350 1989 impedimenta
1372 1910 1572 1986 transiverat,
1603 1911 1640 1972 de
1671 1930 1725 1973 sno

374 1998 505 2072 addunt,
538 1997 684 2077 imagines
714 2016 785 2059 vero
815 1995 963 2077 pictorum
992 1997 1117 2059 arbitrio
1146 1998 1333 2079 relinquunt:
1357 2000 1427 2062 inde
1455 1998 1582 2074 factum,
1612 2007 1646 2062 ut
1667 2000 1725 2062 hae

375 2087 484 2149 stellae
521 2087 636 2167 passim
672 2086 702 2147 in
739 2085 839 2166 globis
871 2084 1051 2167 Tychouicis
1084 2092 1115 2148 et
1145 2086 1177 2149 in
1208 2087 1319 2169 Bayeri
1356 2088 1461 2151 tabula
1495 2087 1727 2169 perversissima

377 2179 572 2255 ὄιαρθρωσιι,
596 2176 626 2237 in
648 2174 763 2257 poplite
787 2175 894 2236 dextro
919 2175 1084 2253 signentur,
1108 2196 1183 2257 quas
1206 2185 1346 2240 auctores
1369 2178 1399 2240 in
1421 2177 1528 2260 planta
1550 2178 1635 2259 pedis
1658 2196 1726 2240 esse

376 2265 529 2339 volebant,
553 2264 727 2326 charactere
749 2263 837 2344 pedis
858 2264 1020 2348 manifesto
1043 2263 1199 2327 admoniti.

463 2354 651 2416 Permutavit
679 2354 770 2415 etiam
791 2352 903 2434 Bayeri
931 2353 1030 2434 pictor
1062 2354 1179 2435 (utiquo
1208 2353 1329 2417 dolente
1359 2354 1498 2428 anctore)
1521 2355 1630 2418 dextra
1651 2354 1728 2417 sini·

374 2443 465 2519 stris;
495 2443 572 2505 unde
594 2443 724 2523 plurima
750 2441 887 2505 confusio
915 2440 945 2504 iu
968 2442 1173 2505 Ptolemaicae
1202 2441 1415 2525 descriptionis
1444 2462 1511 2506 oum
1534 2444 1620 2506 coelo
1643 2462 1727 2506 com-

371 2531 549 2615 paratione:
580 2551 656 2613 quae
686 2550 735 2594 res
758 2553 778 2592 a
799 2532 973 2611 Brenggero
997 2550 1056 2594 non
1080 2530 1190 2612 injuria
1216 2533 1400 2614 reprehensa
1422 2539 1479 2597 est.
1524 2533 1596 2598 nuit
1622 2532 1728 2596 eadem

373 2620 449 2685 mihi
478 2640 545 2683 curn
574 2640 641 2683 meo
672 2621 824 2701 sculptore
854 2621 1023 2697 contentio;
1056 2620 1107 2702 qui
1136 2641 1203 2684 cum
1231 2622 1317 2685 vario
1346 2621 1499 2686 molimine
1532 2621 1584 2683 vix
1605 2621 1728 2688 andem

374 2709 573 2773 conciliasset
593 2711 703 2791 pedum
725 2709 798 2771 idoli
821 2709 880 2771 mei
902 2709 1158 2791 propinquitatem
1173 2712 1213 2775 ad
1228 2711 1306 2776 hanc
1321 2709 1511 2773 latitudinem
1527 2710 1726 2785 humerorum,

372 2799 543 2882 postulavit
572 2799 630 2861 sibi
659 2798 773 2862 remitti
803 2800 941 2861 dextrum
971 2799 1102 2862 cubitum
1134 2808 1167 2863 et
1193 2800 1362 2883 pertinacia
1389 2800 1474 2863 vicit.
1521 2799 1620 2873 Quam
1649 2799 1729 2866 enim

371 2889 569 2953 Ptolemaeus
592 2888 733 2951 adertro
757 2887 857 2950 cubito
878 2887 1092 2961 denominavit,
1114 2907 1153 2952 ea
1174 2890 1224 2953 hic
1246 2897 1354 2971 quarta
1372 2897 1421 2954 est
1438 2889 1595 2970 Serpentis
1618 2907 1638 2951 a
1659 2888 1726 2952 line.

375 2976 490 3042 Cetera
512 2978 552 3038 ad
574 2975 742 3040 Ptolemaei
766 2985 896 3039 mentem
920 2976 1041 3057 optime.

465 3066 527 3129 Sed
550 3066 724 3148 priusquam
746 3066 846 3128 omnia
868 3066 1016 3129 taediosis
1039 3056 1229 3129 numer'omm
1258 3065 1376 3130 acervis
1408 3082 1587 3148 persequar,
1617 3064 1649 3128 id
1671 3065 1728 3130 ab·

375 3156 496 3219 solvam
518 3156 555 3217 de
579 3156 699 3231 sabulis,
724 3156 803 3238 quod
826 3155 910 3236 coepi
935 3156 1048 3218 dicere:
1075 3154 1221 3235 originem
1243 3155 1362 3219 scilicet
1383 3153 1473 3234 hujus
1495 3155 1569 3219 idoli
1584 3154 1727 3220 coelestis

376 3264 447 3307 esse
471 3263 508 3306 ex
532 3244 730 3326 dispositione
754 3245 925 3307 stellarum:
955 3264 1013 3326 quo
1036 3244 1065 3306 in
1089 3244 1207 3308 coelum
1228 3252 1351 3327 recepto
1369 3245 1436 3325 jam
1462 3244 1599 3325 coepisse
1621 3251 1730 3326 poetas

375 3334 511 3414 cogitare
535 3334 571 3396 de
594 3334 715 3396 fabulis.
760 3333 897 3396 Avienus
919 3333 1136 3414 Aesculapium
1162 3334 1241 3398 hunc
1269 3352 1338 3397 esse
1361 3333 1464 3415 lingit,
1494 3334 1545 3416 qui
1573 3332 1605 3396 in
1634 3331 1730 3396 vitan

374 3431 519 3488 revocato
542 3442 596 3504 per
618 3430 713 3485 artem
736 3422 883 3485 medicam
904 3422 1071 3505 Hippolyto
1100 3441 1215 3504 poenas
1243 3423 1316 3488 Jovi
1345 3442 1412 3487 eum
1435 3422 1636 3499 exsolvisset,
1654 3420 1729 3484 iul·

373 3512 456 3576 mine
478 3532 651 3594 percussus,
674 3512 705 3574 iu
728 3512 869 3574 solatium
892 3519 993 3573 tamen
1016 3512 1275 3575 immortalitatem
1297 3511 1459 3594 acceperit,
1481 3510 1571 3591 hujus
1589 3509 1730 3591 imaginis

372 3620 449 3665 suae
472 3602 503 3664 in
526 3601 643 3664 coelum
666 3601 875 3665 translatione.
912 3600 1070 3663 ‘Nimirum
1092 3602 1164 3682 quia
1185 3601 1402 3682 Aesculapium
1424 3600 1455 3663 iu
1478 3599 1628 3681 serpentis
1650 3597 1730 3662 ime·

372 3692 446 3774 gine
469 3690 626 3753 coluerunt
652 3690 827 3771 Epidaurii,
858 3689 994 3753 additum
1022 3689 1067 3751 illi
1091 3697 1122 3752 et
1152 3697 1324 3771 serpentem
1354 3689 1460 3754 innuit.
1504 3688 1588 3753 Aliis
1616 3688 1728 3770 placet,

373 3781 537 3843 Herculem
560 3798 683 3860 puerum
707 3779 833 3861 exprimi
857 3797 972 3860 angues
987 3778 1124 3842 manibus
1138 3784 1338 3860 prementem:
1363 3777 1413 3861 qni
1437 3776 1574 3859 equidem
1589 3773 1730 3841 obliviosi

374 3878 449 3933 sunt
471 3876 503 3931 et
524 3870 603 3931 forte
627 3868 744 3931 coelum
774 3887 924 3950 nunquam
946 3868 1163 3942 ascenderunt,
1195 3875 1231 3929 ut
1252 3866 1421 3942 discerent,
1453 3866 1616 3932 Herculem
1637 3870 1730 3928 antea

372 3958 418 4022 ibi
441 3977 526 4034 esse,
556 3957 659 4020 nixum
681 3957 821 4039 genibus,
856 3965 889 4019 et
911 3957 1010 4037 capite
1033 3956 1077 4019 sic
1100 3974 1207 4036 urgere
1237 3964 1329 4036 caput
1350 3954 1528 4037 Ophiuchi,
1545 3962 1582 4019 ut
1602 3973 1671 4019 cmn
1691 3971 1728 4016 eo

371 4048 506 4112 arietare
528 4046 677 4111 videatur.
722 4046 805 4110 Aliis
828 4044 956 4127 Triopas
979 4055 1037 4122 est,
1059 4044 1130 4109 aliis
1154 4046 1299 4111 Glaucus.
1338 4046 1419 4110 Hinc
1440 4046 1596 4109 Pontauns
1619 4041 1729 4107 etiam-

371 4157 447 4203 num
478 4136 697 4301 dubiusuplias
728 4136 849 4198 fabulas
878 4135 1086 4199 accommodat
1111 4135 1237 4211 orienti,
1270 4134 1348 4199 alias
1379 4132 1546 4211 occidenti,
1576 4133 1653 4197 libro
1671 4129 1727 4200 III.

372 4227 571 4293 Coelestium.

587 4341 617 4400 si
637 4357 741 4397 marsos
762 4338 932 4411 domitusque
953 4354 1060 4411 angues
1082 4346 1112 4395 et
1131 4339 1256 4395 carmina
1275 4339 1385 4412 quaeris

588 4422 742 4486 Colchidos,
763 4429 794 4476 et
814 4420 915 4475 victum
936 4433 1031 4474 somno
1050 4419 1197 4491 verbisque
1216 4422 1380 4485 haconem:

586 4504 665 4559 Haeo
686 4501 736 4557 tibi
756 4501 883 4573 surgenti
903 4501 954 4556 dat
974 4500 1169 4572 serpentarius
1189 4508 1284 4557 astro:

586 4581 616 4639 si
637 4598 756 4655 quaeras
777 4582 848 4636 forte
868 4580 1026 4653 Eurydicen
1046 4597 1097 4651 per
1117 4581 1246 4654 gramina
1265 4581 1344 4636 laeta

586 4664 742 4728 Errantem,
763 4668 848 4734 atque
870 4662 970 4732 anguis
991 4662 1024 4715 de
1044 4661 1160 4717 vulnere
1180 4660 1268 4719 multe
1287 4666 1462 4735 gementem:

589 4742 783 4816 serpentarius
804 4742 877 4798 hanc
897 4741 975 4796 obitu
995 4741 1119 4813 signabit
1138 4741 1239 4816 iniquo.

1127 4818 1201 4872 Haec
1219 4834 1250 4871 cx
1266 4818 1290 4871 J.
1309 4818 1413 4871 l'irmico
1431 4831 1496 4885 pene
1513 4818 1548 4872 ad
1565 4818 1673 4871 verbnm.

464 4944 564 5007 Tanta
586 4945 635 5000 est
655 4945 812 5021 poetarum
834 4930 966 5010 licentia,
989 4941 1025 4998 ut
1045 4933 1103 4999 hoc
1125 4936 1240 5000 idolum
1262 4933 1397 5017 qnotidie
1419 4932 1456 4997 de
1478 4952 1561 4998 mare
1584 4934 1615 4998 in
1638 4932 1726 4998 lemi-

371 5055 446 5099 nam
468 5035 687 5098 transmutent:
719 5026 791 5108 quid
818 5025 925 5090 mirum
954 5022 983 5087 si
1005 5023 1183 5110 quibusdam
1209 5032 1243 5089 et
1268 5023 1456 5089 effeminatus
1484 5022 1624 5105 lingitur?
1666 5024 1728 5089 Per

369 5128 551 5191 Pontannm
577 5116 660 5200 gitur
682 5115 757 5180 licet
777 5116 827 5178 vel
844 5112 1020 5199 Apollinem
1041 5113 1141 5179 dicere
1164 5113 1332 5199 Pythonis,
1356 5111 1406 5177 vel
1425 5109 1572 5178 Cadmum
1586 5110 1727 5178 dracoms
