4584 6192
939 616 970 666 rs
987 617 1060 667 ress·
1080 617 1182 682 opaea
1673 617 1716 686 49

358 789 427 850 mihi
453 789 497 850 ad
521 790 690 852 medicinae
714 791 804 851 limen
830 792 910 850 fores
935 792 1028 869 aperi.
1075 792 1243 869 Expectavi
1276 801 1358 853 tunm
1382 794 1527 872 judicium
1557 798 1593 857 de
1618 800 1716 860 cordis

361 877 510 939 incendio.
561 876 669 949 Quoad
692 880 864 940 calorcum
888 880 952 940 luce
977 888 1040 953 est,
1066 880 1283 943 immateriatus
1308 882 1426 961 etipse
1450 893 1515 956 est,
1553 886 1607 945 sed
1641 907 1714 961 non,

361 977 389 1027 nt
425 986 528 1047 aeque
568 968 666 1029 dicam
702 968 844 1042 barbare,
894 968 1079 1047 inspeciatus
1112 971 1159 1030 vel
1192 970 1386 1042 ἀνυποςατος.
1446 973 1513 1033 Lux
1543 973 1622 1035 enim
1654 995 1712 1036 nou

362 1055 518 1118 estnihil.
568 1057 665 1118 Vides
689 1057 789 1118 inesse
813 1056 872 1118 luci
896 1058 1082 1136 quantitates
1107 1060 1155 1119 vel
1179 1067 1305 1134 motum,
1331 1060 1401 1140 quid
1425 1061 1529 1122 mirum
1554 1062 1579 1122 si
1604 1071 1634 1123 ct
1658 1084 1712 1125 ca-

364 1143 424 1205 lor?
472 1144 522 1206 Tu
547 1163 619 1227 vero
644 1165 737 1226 negas
761 1146 893 1207 directos
908 1145 988 1207 Solis
1003 1146 1105 1207 radios
1129 1148 1316 1209 calefacere?
1361 1150 1411 1210 An
1436 1148 1526 1228 igitur
1549 1159 1715 1231 serpentes,

362 1233 530 1295 crocodilos
556 1243 588 1296 et
611 1235 759 1315 reptilium
784 1243 908 1295 naturae
933 1244 1078 1314 cognatos
1102 1236 1195 1297 Afros
1220 1237 1298 1315 apud
1323 1238 1488 1299 Arnobiurn
1523 1242 1560 1299 ad
1593 1241 1716 1319 specula

364 1322 471 1383 saltem
497 1324 631 1403 apricari
655 1325 684 1384 in
708 1322 780 1385 Sole
809 1323 985 1385 existimas?
1033 1322 1188 1385 Omanus
1217 1326 1379 1399 delicatas,
1413 1346 1489 1405 qnae
1523 1328 1717 1390 meridianum

366 1409 444 1472 Solis
479 1412 573 1475 ictum
599 1433 617 1472 a
642 1411 749 1473 Cancri
776 1412 897 1491 fastigio
931 1431 1080 1491 uunquam
1113 1416 1248 1474 sensere!
1296 1413 1356 1475 Sed
1389 1417 1465 1476 forte
1495 1417 1532 1476 ad
1556 1427 1717 1497 perpetuas

365 1499 445 1561 nives
469 1501 600 1581 respicis
623 1502 654 1562 in
679 1501 801 1580 Alpium
829 1501 960 1579 fastigiis
993 1520 1084 1579 supra
1107 1512 1241 1563 nostrum
1272 1510 1373 1564 aerem
1406 1504 1554 1565 elevatis?
1600 1509 1645 1567 At
1677 1506 1716 1566 ibi

365 1607 472 1650 causae
497 1591 578 1652 aliae
605 1588 797 1652 curSolnon
813 1589 1017 1652 calefaciendo
1043 1590 1157 1665 vincat,
1184 1611 1241 1653 non
1258 1593 1446 1653 retractionis
1470 1593 1498 1654 in
1523 1601 1594 1655 aire
1618 1595 1715 1655 aeris-

364 1695 413 1756 qne
437 1678 590 1741 defectus.

445 1783 673 1851 Brenggerus:
700 1782 740 1833 De
765 1789 855 1848 quarta
873 1783 934 1833 lucis
952 1785 1049 1846 specie,
1077 1799 1121 1833 seu
1149 1784 1204 1833 lnce
1230 1787 1464 1836 communicata
1482 1782 1548 1849 (cap.
1563 1787 1583 1836 1.
1603 1785 1648 1850 22)
1667 1803 1717 1837 non

365 1857 459 1904 nemini
478 1871 521 1906 me
541 1856 605 1905 alias
623 1855 725 1920 legisse,
744 1868 809 1918 quae
827 1862 912 1903 tamen
931 1854 1027 1903 silentio
1046 1871 1096 1904 non
1115 1864 1170 1904 erat
1187 1857 1378 1919 praetereunda.

444 1926 476 1976 In
495 1927 703 1992 figuratione
722 1925 784 1974 lucis
804 1926 951 1988 explicanda
969 1927 1114 1975 industriam
1133 1934 1202 1975 tuam
1221 1928 1354 1977 exosculor.
1392 1928 1452 1990 Ejus
1470 1928 1543 1977 lectio
1561 1933 1679 1991 majorem
1691 1932 1717 1979 in

364 1997 456 2047 nodum
475 2013 518 2048 me
537 1998 679 2048 delectarit.
716 1996 811 2046 Locum
829 1998 943 2062 imaginis
961 2013 1005 2060 per
1023 1999 1179 2047 reflexionem
1193 2000 1334 2062 apparentis
1351 2001 1420 2062 ponis
1433 2001 1458 2047 iu
1472 2014 1616 2049 concursum
1635 2001 1715 2049 radio-

364 2082 410 2118 rum
427 2070 564 2119 sisnalium
582 2067 650 2132 (cap.
668 2067 715 2117 III.
735 2068 764 2127 2,
784 2083 851 2131 prop.
869 2066 927 2127 fil:
955 2083 1019 2131 quae
1047 2084 1104 2118 mea
1128 2071 1161 2117 sit
1187 2072 1314 2118 sententia
1338 2085 1368 2119 es
1391 2072 1554 2133 superioribus
1572 2073 1716 2136 cognovisti.

366 2137 441 2203 oprtet
461 2142 542 2189 risum
562 2140 720 2190 considerant
739 2146 858 2203 tanquam
876 2141 976 2187 unicum
994 2148 1121 2202 punctum,
1141 2147 1215 2205 atque
1234 2142 1270 2189 ita
1283 2155 1428 2190 concursum
1447 2142 1570 2191 radiorum
1587 2142 1718 2192 risnellum

366 2225 459 2262 ornnem
478 2212 579 2260 tollam.
618 2211 702 2266 adde,
721 2210 786 2273 quod
805 2210 882 2259 altero
902 2211 985 2258 clauso
1006 2211 1082 2259 altero
1096 2211 1166 2260 oculo
1188 2212 1239 2260 solo
1253 2213 1328 2260 etiam
1347 2212 1479 2260 distantias
1498 2213 1716 2275 apprehendimus:

366 2295 405 2331 sac
423 2283 551 2347 estquod
570 2282 699 2346 confugias
718 2281 875 2343 adpupillae
893 2280 1062 2340 latitudinem,
1092 2286 1144 2344 ejus
1172 2285 1236 2331 enim
1264 2283 1333 2331 nulla
1357 2291 1395 2331 est
1419 2285 1541 2346 proportio
1561 2285 1594 2333 ad
1612 2298 1717 2349 magnas

367 2352 504 2403 dantiae
543 2353 617 2413 Quod
635 2352 724 2402 deiude
740 2367 808 2415 prop.
832 2350 872 2399 18.
892 2353 989 2401 conaris
1006 2354 1125 2415 probare,
1155 2354 1236 2403 locum
1254 2355 1368 2417 imaginis
1391 2368 1445 2403 esse
1463 2356 1489 2402 in
1508 2353 1525 2403 S
1543 2356 1569 2403 in
1587 2356 1667 2419 figura
1684 2356 1717 2404 ibi

368 2426 454 2487 posita,
475 2425 570 2474 frustra
586 2425 698 2477 laboras,
716 2437 776 2472 nam
792 2437 832 2473 res
851 2430 955 2485 apparet
972 2426 1074 2488 gemina
1086 2431 1141 2487 post
1160 2423 1185 2473 S.
1224 2424 1297 2485 Quod
1315 2425 1388 2474 facile
1407 2424 1576 2487 deprehendes
1594 2428 1616 2474 ai
1634 2427 1660 2474 in
1672 2424 1717 2474 tali

368 2496 409 2544 u'tn
427 2495 503 2545 modo
522 2496 589 2545 bunc
607 2494 679 2544 modo
698 2493 803 2543 alterum
831 2493 926 2544 oculum
952 2494 1095 2544 alternatim
1113 2495 1216 2545 claudas
1235 2503 1261 2545 et
1277 2497 1383 2559 aperias.
1421 2496 1486 2546 Alibi
1514 2498 1580 2548 enim
1598 2497 1718 2548 ridebitur

370 2566 431 2616 sesto
449 2566 486 2624 G,
505 2566 566 2616 alibi
584 2566 656 2615 oculo
674 2564 707 2614 Η.

448 2656 654 2736 Keplerus:
679 2653 823 2715 Redimus
848 2653 886 2714 ad
911 2655 1007 2715 locum
1031 2655 1181 2735 imaginis.
1220 2654 1421 2717 Collationem
1437 2656 1716 2735 meamimpugnas,

373 2745 442 2824 qnod
466 2744 561 2825 optici
583 2743 678 2804 visum
703 2742 792 2803 aliter
815 2742 968 2804 definiant.
1015 2746 1060 2804 At
1083 2745 1178 2817 nosti,
1211 2764 1266 2805 nos
1293 2744 1341 2806 hic
1372 2746 1525 2824 disputare
1553 2753 1652 2806 utrum
1675 2744 1717 2806 illi

373 2841 444 2895 reate
469 2844 502 2895 et
526 2832 729 2896 sufficienter?
774 2832 869 2892 Putas
902 2850 996 2911 aeque
1020 2851 1074 2893 nos
1103 2833 1327 2914 apprehendere
1351 2834 1514 2895 distantias
1538 2852 1596 2894 uuo
1619 2833 1715 2905 oculo,

373 2919 413 2983 ubi
434 2940 492 3002 ego
517 2922 594 2984 duas
618 2940 727 2983 causas
751 2919 909 2981 substitui:
933 2927 1045 2981 motum
1070 2922 1179 3002 capitis
1204 2929 1236 2982 et
1251 2922 1439 2983 latitudinem
1454 2922 1597 3001 pupillae.
1630 2922 1716 2983 Hanc

376 3011 461 3073 solam
482 3011 658 3090 impugnas,
683 3009 761 3089 quod
786 3008 868 3070 nulla
891 3008 957 3088 ejus
980 3011 1151 3089 proportio;
1185 3010 1322 3091 equidem
1345 3011 1386 3071 ibi
1410 3019 1442 3071 et
1465 3011 1548 3072 nulla
1571 3010 1718 3071 distantia

376 3097 483 3162 nisiex
514 3098 739 3162 assuefactione
769 3116 876 3158 sensus
909 3100 1081 3161 communis.
1128 3098 1198 3161 Scis
1221 3099 1321 3179 pueris
1353 3118 1499 3177 apparere
1524 3098 1718 3160 domunculas

378 3187 551 3251 inhiatibus
566 3187 735 3248 valvarum:
757 3185 800 3247 illi
822 3184 915 3263 igitur
937 3205 995 3247 uuo
1019 3188 1083 3248 solo
1108 3189 1193 3249 oculo
1208 3188 1237 3249 in
1258 3188 1411 3268 speculum
1431 3188 1582 3249 intuentes
1596 3187 1716 3249 omnino

379 3278 522 3352 enabunt,
557 3276 702 3338 aediculis
726 3274 903 3335 distantiam
936 3276 1087 3337 fenestrae
1112 3277 1288 3338 tribuentes.
1334 3277 1397 3337 lmo
1431 3285 1462 3337 et
1494 3276 1644 3337 oculorum
1669 3276 1717 3337 di-

381 3366 481 3427 stantia
504 3365 676 3438 evanescit,
701 3371 733 3424 et
755 3369 826 3424 tunc
845 3381 954 3425 novum
978 3365 1098 3445 aliquod
1117 3375 1248 3427 erratum
1272 3366 1374 3427 oritur.
1422 3366 1455 3425 In
1479 3365 1571 3443 plano
1594 3366 1717 3444 speculo

382 3470 474 3531 quaere
498 3455 661 3533 imaginem
684 3452 819 3531 patentis
844 3452 1006 3529 fenestrae,
1029 3472 1083 3533 per
1107 3454 1327 3533 quamspecies
1343 3452 1457 3533 fastigii
1481 3452 1606 3533 alicujus
1626 3453 1717 3514 turris

383 3549 421 3604 aut
441 3544 516 3605 tecti
541 3544 569 3604 in
594 3543 673 3603 idem
697 3540 850 3620 speculum
874 3540 1046 3616 delabatur3
1080 3551 1163 3603 utere
1193 3543 1338 3604 ambobus
1366 3542 1439 3604 licet
1461 3542 1570 3610 oculis,
1599 3541 1718 3621 jurabis

384 3628 519 3712 fastigium
542 3632 619 3693 tecti
640 3629 774 3711 proxime
800 3629 964 3692 fenestram
986 3639 1079 3693 stare.
1125 3631 1194 3693 Non
1218 3632 1315 3692 minus
1343 3632 1421 3692 enim
1443 3639 1623 3696 concurrunt
1644 3649 1717 3710 per-

384 3727 474 3795 petuae
497 3739 597 3784 rerum
622 3720 716 3781 series
740 3738 759 3778 a
781 3717 847 3778 visu
871 3717 910 3778 ad
934 3718 1066 3794 visibile,
1101 3720 1138 3781 ad
1173 3719 1311 3799 imaginis
1344 3721 1454 3793 locum,
1488 3737 1578 3798 quam
1605 3720 1643 3779 ad
1668 3716 1717 3778 di-

386 3807 510 3871 sucum
534 3816 567 3870 et
590 3809 735 3870 directam
758 3806 914 3880 visionem,
939 3809 1017 3886 quod
1041 3827 1132 3888 supra
1155 3810 1248 3869 etiam
1266 3808 1348 3869 circa
1365 3808 1549 3870 conchoidea
1562 3804 1715 3885 usurpavi.

457 3898 572 3975 Video,
596 3898 664 3958 dum
689 3913 796 3957 novam
820 3913 943 3956 causam
967 3897 1075 3971 affero,
1099 3915 1146 3958 me
1169 3906 1304 3958 veterem
1327 3895 1559 3976 imperfectionis
1583 3912 1716 3973 arguere.

388 3980 528 4062 fortasse;
563 4006 633 4047 uam
657 3984 700 4046 sic
724 3993 787 4057 est,
822 3981 963 4044 discendo
987 3985 1166 4064 proficimus
1214 3984 1336 4064 Cogita.
1383 3983 1445 4047 Sed
1469 3992 1503 4045 ut
1529 3982 1719 4045 latitudinem

388 4075 514 4153 pupillae,
540 4074 691 4137 oculorum
714 4071 906 4145 dualitatem,
930 4083 1033 4135 nutum
1057 4073 1166 4152 capitis
1189 4082 1289 4149 tuear,
1321 4073 1424 4152 accipe
1447 4072 1504 4134 hoc
1528 4069 1718 4149 experimen-

389 4167 452 4228 tnu:
472 4182 528 4244 per
551 4164 687 4225 foramen
711 4168 765 4221 aut
786 4160 910 4230 rimam,
935 4163 1092 4241 angustius
1108 4162 1267 4225 latitudine
1282 4161 1429 4242 pupillae,
1454 4158 1645 4239 introspicite
1663 4178 1719 4221 ca·

390 4263 482 4315 utram
504 4271 655 4333 uunquam
679 4250 776 4311 visam
798 4248 941 4322 lucidam,
967 4258 1001 4310 ut
1016 4251 1114 4327 lubet,
1139 4250 1278 4332 quicquid
1293 4258 1430 4313 occurret
1444 4249 1536 4323 visui,
1562 4247 1720 4309 dummodo

391 4352 433 4400 uon
452 4360 500 4404 res
523 4348 614 4403 notae
639 4336 749 4420 speciei
782 4345 814 4398 et
845 4337 1043 4416 quantitatis,
1076 4339 1107 4400 id
1134 4339 1266 4401 nescibis
1297 4339 1495 4419 propinquum
1518 4336 1559 4397 sit
1582 4335 1721 4398 foramini

392 4438 590 4492 irremotum.
636 4429 670 4490 ln
694 4444 823 4489 summa:
847 4426 944 4504 prima
967 4429 1104 4506 quaestio
1127 4436 1185 4500 est,
1209 4428 1355 4508 quomodo
1383 4425 1520 4487 videatur
1541 4423 1644 4504 puncti
1672 4422 1720 4483 vi-

393 4511 469 4579 sibilis
498 4517 647 4579 distantia
678 4516 791 4577 directe
799 4531 809 4588 ;
841 4513 889 4575 hio
922 4533 978 4594 ego
1010 4517 1126 4578 adduco
1159 4513 1313 4580 dcausas
1337 4517 1436 4594 (prop.
1457 4508 1487 4588 6,
1514 4510 1543 4589 7,
1567 4510 1589 4577 8
1612 4520 1645 4574 et
1670 4511 1719 4585 it,

323 4633 325 4650 ι
393 4602 627 4683 aspicienti).
675 4604 708 4667 Si
733 4602 771 4665 ad
795 4602 852 4663 hoo
875 4604 1004 4682 probae,
1038 4605 1239 4667 certissimum
1264 4613 1323 4674 est,
1346 4603 1457 4682 probas
1481 4620 1550 4662 esse
1574 4598 1722 4663 etiamad

323 4683 325 4774 f
393 4685 551 4756 locationem
575 4692 715 4773 imaginis
738 4690 915 4771 specularis.
960 4691 1119 4772 Prop.18.
1149 4694 1208 4756 mei
1231 4692 1298 4754 libri
1322 4692 1415 4753 etiam
1432 4690 1489 4752 hoc
1510 4689 1583 4751 mibi
1606 4687 1721 4767 eripere

394 4780 470 4859 caps,
494 4784 573 4865 quod
596 4783 657 4844 tuis
681 4787 912 4843 consentaneum
937 4783 1165 4861 experimentis:
1189 4781 1349 4860 imaginem
1373 4782 1436 4842 fore
1459 4778 1489 4840 in
1514 4776 1546 4841 S·
1593 4777 1723 4855 Allegaa

394 4860 511 4948 iudicem,
546 4872 573 4935 si
605 4870 745 4933 claudam
779 4866 880 4929 oculos
910 4870 1092 4933 alternatim.
1139 4872 1199 4943 At,
1232 4869 1365 4941 obone,
1394 4867 1487 4947 jubeo
1518 4884 1575 4944 ego
1606 4865 1723 4945 aperire

323 4941 326 5010 ῗ
395 4961 541 5041 uirumque,
575 4967 607 5021 et
633 4960 690 5021 hoc
721 4978 793 5039 ago,
828 4955 884 5018 hoc
915 4976 1003 5037 pono.
1050 4959 1118 5021 Nisi
1141 4960 1197 5021 hoc
1225 4959 1292 5032 fiat,
1327 4957 1389 5019 scio
1413 4954 1498 5017 oculo
1521 4973 1581 5016 uon
1604 4950 1724 5016 obtrudi

323 5049 326 5062 '
395 5048 575 5112 taenarium
598 5048 697 5112 locum
720 5048 825 5117 ullum,
850 5052 904 5109 ant
926 5045 953 5107 si
976 5047 1094 5110 omnino
1118 5047 1265 5126 aliquem,
1297 5044 1482 5107 differentem
1506 5050 1603 5119 certe,
1635 5047 1725 5123 prout

432 5148 511 5203 hassi
524 5153 603 5204 ossas.
622 5151 651 5195 n.
1495 5135 1513 5188 4
