4584 6192
1122 623 1257 692 254

1263 801 1371 866 rig.
1419 799 1508 853 83.

2054 627 2435 692 Pmlipomona
2467 628 2520 678 in
2559 626 2891 680 Vitellionem.

1656 803 1790 863 illo
1846 813 2117 881 puncto
2174 803 2502 884 propius.
2591 815 2855 880 (Vocibus
2907 831 3269 886 convergere,
3331 814 3654 889 divergerc,
3714 823 3849 870 utor

1661 892 1955 947 brevitatis
2000 909 2174 946 causa
2215 897 2282 947 de
2325 896 2509 958 rectis,
2555 911 2698 965 quae
2726 895 2773 948 si
2814 897 3189 964 producantur
3227 895 3561 967 altrobique,
3604 897 3663 950 in
3704 897 3852 951 idom

1660 989 1847 1026 omnes
1889 982 2153 1042 punctum
2197 973 2628 1040 concurrerent.)
2734 972 2833 1034 Sit
2897 984 3101 1034 centro
3165 999 3206 1034 α
3269 974 3487 1053 globus
3549 974 3850 1036 densioris

1659 1059 1838 1120 medii
1887 1056 1975 1135 βζ,
2024 1062 2084 1120 in
2134 1080 2249 1140 quo
2297 1063 2389 1137 βλ,
2439 1086 2521 1140 yx,
2570 1069 2644 1135 δι,
2692 1065 2790 1134 ιθ,
2842 1056 2909 1138 Cn
2953 1070 3325 1139 convergunt
3368 1063 3447 1123 ad
3494 1085 3556 1124 π.
3632 1063 3722 1125 Ει
3765 1064 3854 1125 sit

1658 1150 1782 1224 βαπ
1827 1148 1979 1211 axis,
2071 1149 2236 1228 Ergo
2282 1168 2393 1228 per
2438 1151 2751 1230 superiora
2794 1145 2862 1227 ζη
2907 1150 3269 1226 refringetur
3312 1150 3372 1211 in
3408 1172 3501 1227 ηο,
3550 1160 3616 1213 et
3660 1155 3745 1213 ιθ
3789 1152 3852 1213 in

1656 1234 1761 1309 θξ,
1811 1245 1876 1297 et
1920 1242 1976 1297 δι
2023 1237 2081 1297 ἰιι
2131 1259 2198 1310 av,
2249 1248 2314 1299 et
2358 1262 2420 1316 yx
2466 1240 2525 1300 in
2574 1263 2669 1314 κμ.
2765 1235 2960 1316 Cupio
3022 1257 3231 1300 omnes
3292 1240 3499 1302 radios
3545 1242 3606 1302 in
3667 1259 3851 1301 unum

1655 1333 1945 1404 punctum
1993 1321 2301 1404 colligere.
2378 1324 2549 1406 Opus
2595 1327 2781 1407 igitur
2833 1326 2977 1388 mihi
3039 1327 3162 1388 erit
3202 1328 3259 1389 in
3306 1352 3353 1400 a,
3402 1352 3437 1389 κ
3480 1329 3853 1391 refractione

1656 1413 1890 1492 majori,
1941 1422 2010 1474 ut
2056 1437 2149 1489 κμ,
2199 1437 2249 1475 ιν
2295 1415 2472 1476 citius
2522 1434 2652 1477 cum
2700 1437 2784 1477 απ
2829 1424 3080 1485 coeant;
3129 1416 3187 1476 iu
3233 1420 3302 1491 θ,
3342 1439 3379 1494 η
3424 1435 3565 1478 vero
3612 1418 3849 1479 refrac-

1588 1562 1597 1568 ,
1657 1502 1820 1562 tione
1872 1502 2084 1563 minori
2131 1521 2302 1581 oan‚
2352 1512 2420 1564 ut
2464 1504 2754 1565 remotius
2801 1513 3019 1565 coeant
3056 1526 3145 1580 ηο,
3184 1504 3272 1577 θξ
3315 1524 3447 1567 cum
3495 1528 3596 1579 απ,
3648 1514 3713 1567 et
3760 1508 3852 1567 sic

1658 1588 1805 1666 οξομ
1849 1591 1998 1651 fiant
2042 1611 2220 1652 unum
2267 1601 2570 1670 punctum.
2662 1591 2801 1653 Erit
2845 1604 3049 1653 autem
3104 1594 3389 1654 refractio
3445 1595 3642 1672 major
3685 1594 3747 1656 in
3796 1618 3849 1669 n,

1658 1678 1711 1739 si
1757 1701 1818 1757 yx
1863 1678 2159 1758 obliquius
2207 1680 2469 1752 incidat,
2537 1690 2602 1742 et
2645 1682 2838 1743 minor
2884 1683 2941 1742 in
2990 1703 3053 1758 η,
3119 1681 3172 1743 si
3220 1678 3286 1759 ζη
3330 1684 3552 1743 rectius
3613 1683 3854 1744 incidat

1659 1768 1716 1827 in
1774 1768 2168 1846 superficiem.
2262 1769 2353 1829 At
2416 1770 2555 1850 quia
2619 1777 2866 1831 manent
2925 1792 3016 1848 yx,
3065 1765 3166 1846 ζη,
3229 1771 3602 1850 superficiem
3663 1771 3853 1849 igitur

1657 1857 1832 1931 ηθικλ
1894 1865 2133 1934 oportet
2196 1858 2448 1931 mutari,
2509 1866 2572 1920 ut
2618 1858 2678 1920 in
2725 1879 2762 1934 η
2806 1878 2922 1920 non
2970 1858 3056 1919 sit
3097 1858 3191 1919 ita
3246 1859 3497 1920 declivis
3542 1858 3622 1919 ad
3670 1856 3739 1936 ζη
3787 1869 3852 1920 et

1660 1944 1718 2003 in
1766 1967 1801 2004 κ
1844 1944 2133 2005 declivior
2179 1945 2257 2005 ad
2305 1968 2384 2023 yx.
2478 1947 2550 2008 Id
2616 1954 2818 2007 autem
2882 1956 3191 2026 utrumque
3240 1947 3310 2008 fit
3370 1966 3485 2008 nou
3549 1965 3659 2025 per
3723 1948 3848 2009 cir-

1659 2033 1854 2093 culum
1902 2033 2083 2094 alium
2132 2043 2313 2113 atque
2361 2035 2577 2107 alium,
2642 2035 2750 2096 sed
2795 2054 2903 2115 per
2965 2036 3209 2096 conicas
3266 2035 3589 2097 sectiones.
3683 2036 3853 2098 Nam

1662 2120 1966 2199 quaelibet
2013 2122 2246 2183 illarum
2295 2131 2502 2201 potest
2546 2124 2828 2186 circulum
2872 2124 3130 2204 aliquem
3175 2140 3384 2184 secare
3414 2123 3473 2183 in
3504 2118 3840 2203 4pnnctis.

1661 2208 1820 2271 Vide
1867 2209 2176 2288 Apollonii
2227 2210 2326 2273 lib.
2382 2212 2488 2273 [V.
2537 2230 2707 2293 prop.
2756 2209 2865 2276 25.
2959 2210 3163 2282 Quare
3222 2211 3316 2274 bis
3369 2212 3430 2273 in
3490 2211 3605 2272 hoc
3651 2213 3849 2273 semi-

1661 2298 1899 2369 circulo,
1948 2298 2041 2359 bis
2089 2300 2145 2359 in
2196 2299 2409 2361 altero.
2504 2298 2735 2362 Seoans
2788 2301 2975 2380 igitur
3037 2300 3111 2361 in.
3142 2321 3179 2376 η
3221 2301 3342 2375 sic,
3391 2310 3459 2361 ut
3505 2299 3586 2361 ibi
3632 2299 3847 2380 ingre-

1663 2387 1862 2447 diatur
1907 2387 2219 2461 circulum,
2288 2387 2510 2450 rectius
2575 2388 2891 2467 objicietur
2935 2388 3052 2467 ipsi
3096 2384 3190 2465 ηζ,
3254 2388 3506 2450 eundem
3562 2389 3850 2451 circulum

1664 2494 1880 2535 secans
1927 2475 1984 2535 in
2026 2499 2074 2548 κ,
2124 2495 2357 2538 rursum
2407 2495 2653 2556 egressu
2702 2477 2865 2540 facto
2912 2476 3208 2557 obliquius
3254 2475 3572 2557 objicietur
3604 2477 3724 2556 ipsi
3763 2499 3847 2556 yn.

1666 2563 1852 2623 Porro
1919 2583 1994 2624 ex
2058 2565 2281 2627 conicis
2349 2564 2716 2627 sectionibus
2780 2566 2914 2628 sola
2975 2565 3301 2647 hyperbole
3366 2565 3465 2626 vel
3522 2566 3580 2626 ei
3644 2564 3853 2645 aliqua

1547 2713 1551 2721 ‚
1663 2650 1938 2729 proxima
2003 2652 2162 2713 linea
2225 2654 2473 2716 metitur
2530 2654 2965 2728 refractiones,
3031 2662 3101 2714 ut
3146 2654 3350 2733 capite
3412 2660 3631 2735 quarto
3674 2672 3739 2714 n.
3786 2652 3849 2717 5.

1665 2749 1762 2799 est
1809 2748 2136 2802 ostensum.
2213 2739 2371 2811 Quin
2421 2743 2534 2804 hoc
2581 2743 2779 2822 ipsum
2821 2742 2903 2804 ibi
2950 2741 3424 2804 demonstratum
3464 2750 3583 2816 est,
3630 2760 3848 2821 super-

1561 2878 1562 2881 ,
1665 2826 1855 2889 ficiem
1904 2846 2111 2890 omnes
2158 2830 2531 2892 radiationes
2575 2832 2903 2911 parallelas
2951 2831 3097 2892 foris
3144 2841 3483 2911 cogentem,
3531 2830 3847 2903 conoides,

1664 2934 1779 2976 nou
1828 2917 2010 2978 aliam
2060 2936 2238 2997 quam
2287 2919 2731 3001 hyperbolicam
2778 2940 2933 2982 esse.

1841 3007 2339 3063 corollarium.
2398 3011 2539 3064 Hinc
2582 3017 2823 3080 apparet
2864 3008 3152 3064 consilium
3193 3016 3429 3063 naturae
3470 3008 3619 3063 circa
3658 3015 3849 3078 poste·

1661 3086 1860 3140 riorem
1921 3088 2231 3158 crystallini
2292 3091 2535 3143 humoris
2597 3091 2653 3144 in
2705 3092 2863 3144 oculo
2924 3088 3284 3158 superficiem.
3384 3089 3576 3143 Voluit
3635 3087 3853 3147 scilicet

1663 3167 1961 3236 cujuslibet
2001 3168 2079 3221 rei
2124 3168 2355 3223 visibilis
2408 3170 2745 3224 radiationes
2802 3186 2990 3223 omnes
3046 3169 3332 3239 ingressas
3379 3168 3628 3222 foramen
3669 3184 3852 3221 ureae

1663 3246 1929 3317 colligere
1958 3248 2015 3301 in
2043 3265 2208 3301 unum
2251 3249 2467 3302 retinae
2509 3257 2789 3318 punctum,
2834 3265 2952 3303 cum
2982 3256 3047 3304 ut
3086 3255 3349 3317 punctum
3387 3248 3645 3318 picturae
3688 3255 3852 3302 tanto

1663 3333 1815 3379 esset
1856 3327 2180 3392 evidentius,
2226 3335 2341 3382 tum
2370 3336 2435 3382 ut
2472 3337 2662 3382 cetera
2703 3338 2927 3399 puncta.
2953 3328 3204 3397 picturae
3233 3345 3342 3381 non
3383 3327 3855 3382 confunderentur

1666 3414 1873 3459 temere
1915 3408 2273 3479 vagantibus,
2321 3426 2421 3461 nec
2465 3408 2713 3462 collectis
2757 3408 2952 3463 alienis
2994 3407 3184 3461 radiis.

1840 3489 2099 3556 Apparet
2156 3488 2353 3550 etiam,
2428 3487 2562 3541 nihil
2624 3488 2775 3542 aliud
2839 3488 3029 3559 quaeri
3092 3503 3193 3556 per
3261 3484 3607 3539 laxationem
3670 3502 3853 3539 uveae

1662 3565 1972 3629 foraminis,
2035 3583 2198 3636 quam
2241 3568 2292 3619 id
2336 3569 2479 3638 quod
2540 3584 2712 3638 supra
2768 3567 2911 3632 dixi,
2974 3584 3075 3620 nec
3116 3583 3188 3621 ea
3239 3564 3493 3619 confundi
3552 3565 3850 3634 picturam,

1662 3645 1874 3698 scilicet
1915 3653 2131 3701 tantum
2176 3648 2501 3701 clarescere.

1837 3724 2076 3803 Propo
2093 3726 2272 3787 sitio
2310 3725 2519 3786 XXV.
2596 3722 2912 3794 Quomodo
2943 3724 3093 3785 radii
3132 3728 3567 3801 convergentes
3596 3721 3656 3781 in
3693 3722 3853 3783 idem

1660 3821 1942 3891 punctum
1964 3822 2258 3892 cogantur
2276 3815 2334 3875 in
2356 3813 2600 3894 propius
2623 3824 2925 3892 puuctum,
2950 3814 3077 3892 jam
3097 3821 3194 3874 est
3218 3812 3607 3890 explicatum.
3630 3810 3858 3871 Danda

1663 3920 1802 3964 vero
1848 3900 2019 3964 uobis
2067 3912 2165 3964 est
2208 3921 2418 3982 opera,
2470 3911 2539 3964 ιιι
2584 3910 2648 3963 et
2692 3901 2807 3963 hoc
2853 3902 3196 3975 doceamus,
3256 3899 3551 3978 quomodo
3598 3899 3728 3967 fiat.
3779 3911 3857 3961 ut

1660 3989 1778 4069 qui
1832 3998 2006 4052 sunt
2049 3992 2260 4052 intra
2306 3991 2608 4052 medium
2652 3990 2957 4052 densius
3003 3996 3472 4068 convergant
3517 3986 3610 4048 ad
3656 3986 3852 4049 idem

1657 4086 2039 4157 punctum,
2088 4080 2206 4161 qui
2252 4089 2494 4141 tamen
2542 4078 3028 4158 primitusab
3076 4078 3322 4138 eodem
3368 4082 3641 4156 puncto
3698 4077 3852 4137 flu-

1656 4185 1882 4229 xerun
1901 4176 1946 4229 t.
1994 4168 2083 4231 Ut
2110 4169 2160 4229 si
2192 4169 2250 4229 in
2279 4170 2471 4247 figura
2497 4168 2693 4247 priore
2741 4167 2893 4229 radii
2921 4169 3012 4243 λβ,
3047 4188 3122 4244 κγ,
3165 4171 3236 4239 ιδ,
3266 4170 3367 4234 θα,
3398 4161 3482 4242 ηζ,
3531 4164 3852 4227 venientes

1658 4256 1738 4318 ab
1783 4256 1992 4319 eodem
2038 4279 2082 4319 π
2124 4266 2365 4336 puncto,
2416 4256 2733 4336 colligendi
2783 4256 2906 4317 sint
2951 4256 3012 4317 in
3058 4255 3218 4316 idem
3253 4278 3290 4314 υ
3334 4262 3641 4333 punctum.
3699 4251 3853 4315 Gum

1128 4355 1348 4421 autem,
1400 4357 1468 4410 ιιι
1503 4348 1633 4427 jam
1683 4362 1864 4424 saepe
1913 4346 2155 4419 dictum,
2207 4346 2374 4407 nulla
2420 4345 2761 4407 differentia
2805 4344 3226 4405 refractionum
3274 4343 3386 4415 sit,
3436 4343 3567 4403 sive
3614 4341 3850 4420 ingredi

1128 4436 1394 4498 dicamus
1443 4438 1644 4498 radios
1692 4434 1821 4495 sive
1871 4435 2075 4513 egredi
2121 4453 2155 4495 e
2203 4435 2397 4497 medio
2426 4434 2723 4495 densiori:
2774 4433 2889 4493 erit
2934 4433 3118 4512 igitur
3145 4431 3589 4493 demonstratio
3614 4430 3852 4504 eadem,

1132 4525 1244 4587 hoc
1289 4526 1426 4587 solo
1470 4527 1710 4599 demto,
1760 4524 1920 4601 quod
1973 4524 2345 4602 superficies,
2412 4542 2563 4603 quae
2614 4523 2998 4601 divergentes
3046 4522 3207 4582 intra
3250 4520 3508 4581 medium
3556 4519 3707 4581 foris
3759 4527 3855 4580 est

1127 4613 1509 4694 colligatum,
1558 4613 1791 4678 acutior
1835 4632 1972 4675 esse
2020 4612 2201 4673 debet
2227 4631 2402 4692 quam
2432 4613 2556 4686 ina,
2606 4629 2783 4692 quam
2811 4630 2940 4690 cap.
2970 4611 3088 4672 IV.
3140 4628 3295 4671 num.
3332 4605 3397 4672 5.
3447 4607 3852 4685 investigavi-

1128 4721 1280 4774 mus,
1333 4723 1404 4766 eo
1454 4704 1609 4784 quod
1657 4703 1763 4765 illa
1808 4700 2152 4782 paralleIOS,
2202 4702 2313 4762 hoc
2361 4710 2456 4762 est
2504 4720 2693 4780 neque
2742 4709 3175 4776 convergentes
3224 4717 3415 4779 neque
3464 4697 3853 4777 diver-gentes

1127 4792 1310 4872 ongit.
1403 4792 1458 4856 Ε
1505 4792 1808 4857 contrario
1874 4790 2092 4870 igitur,
2148 4810 2301 4870 quae
2358 4797 2793 4867 convergentes
2859 4795 2922 4849 et
2976 4796 3310 4849 annuentes
3376 4786 3537 4848 intra
3603 4788 3849 4848 densius

1126 4881 1384 4943 medium
1432 4880 1578 4943 foris
1625 4888 1724 4941 est
1768 4889 2053 4941 coactura
2090 4878 2362 4951 celerius,
2412 4878 2529 4940 erit
2555 4877 2828 4939 obtusior
2863 4895 3039 4956 quam
3080 4877 3186 4937 illa
3222 4875 3458 4956 capitis.
3493 4876 3608 4938 IV.
3662 4873 3854 4937 cete-

1125 4989 1256 5035 rum
1301 4989 1492 5050 neque
1538 4987 1722 5032 sensu
1769 4968 2055 5048 distingui
2101 4968 2257 5028 inter
2304 4987 2371 5027 se
2416 4976 2673 5046 possunt
2720 4966 2836 5026 hae
2884 4965 3228 5044 superficies
3277 4966 3335 5026 in
3366 4972 3545 5025 tauta
3573 4966 3851 5026 exilitate

1127 5059 1513 5138 (praesertim
1544 5058 1596 5119 si
1624 5057 1788 5120 circa
1814 5058 2059 5128 fundum
2086 5075 2195 5117 seu
2234 5056 2500 5117 carinam
2530 5054 2889 5136 hyperboles
2920 5062 3028 5115 aut
3063 5053 3295 5132 ellipsis
3325 5052 3627 5126 existant)
3661 5069 3852 5131 neque

1126 5147 1414 5214 sensibile
1457 5147 1642 5230 etiam
1685 5145 1990 5229 quippiam
2037 5144 2333 5221 efficiunt,
2398 5145 2517 5206 etsi
2562 5164 2602 5207 a
2641 5144 2919 5224 perfecta
2980 5143 3355 5206 rotunditate
3381 5141 3573 5204 nibil»
3598 5142 3851 5205 recedat
