4584 6192
1005 622 1037 675 ds
1055 622 1135 680 sestis
1152 625 1178 675 ιι
1197 623 1292 692 cygno.
1523 633 1526 639 ⁴
1756 627 1821 698 '103

469 818 573 865 ueram
596 819 650 865 nec
673 800 802 866 memini.
849 800 900 865 Ita
922 801 970 864 hic
994 823 1012 863 a
1035 801 1159 883 propria
1181 803 1333 880 memoria,
1358 810 1392 867 ut
1414 805 1490 884 dixi,
1516 807 1761 873 destituam-uec
1783 827 1824 874 sx

470 909 508 976 ea
530 892 597 955 sola
616 892 838 968 affirmaverim,
865 895 974 955 novam
997 892 1075 954 hauc
1099 910 1168 955 esse
1190 891 1321 957 stellam.
1478 903 1481 916 '
1822 947 1824 952 .

560 979 646 1053 Quae
665 982 702 1043 de
716 1001 762 1043 me
782 982 853 1051 dixi,
878 982 916 1043 de
930 981 1065 1044 omnibus
1090 982 1153 1043 iere
1173 984 1395 1064 professoribus
1418 981 1821 1062 mathematum'hodiernls,

471 1068 521 1151 qui
551 1071 666 1152 passim
696 1078 766 1133 sunt
796 1089 851 1151 per
881 1071 1053 1132 academias
1084 1070 1227 1153 Europae
1259 1072 1432 1142 distributi,
1469 1071 1569 1136 dicere
1598 1096 1739 1157 possum:
1772 1078 1842 1160 qul'

470 1161 676 1241 quaestionem
709 1179 812 1224 omnes
844 1167 967 1223 movent
995 1161 1032 1221 de
1064 1178 1142 1221 novo
1174 1162 1404 1241 phaenomeno,
1437 1162 1619 1227 senteutiam
1650 1185 1737 1229 susm
1757 1176 1824 1247 ιιι

469 1260 610 1329 premunt
640 1259 693 1313 aut
722 1269 756 1312 se
783 1250 902 1314 nescire
934 1249 1078 1312 latentur.
1124 1250 1323 1314 Maestlious·
1337 1253 1455 1333 quidem
1485 1254 1642 1318 consessus
1670 1231 1822 1339 ambigere

469 1357 513 1413 se,
537 1338 663 1420 inclinat
685 1349 787 1408 tamen
811 1358 856 1415 eo,
880 1347 914 1402 ut
937 1359 995 1420 quo
1019 1338 1130 1402 diutius
1154 1359 1240 1402 suam
1271 1342 1424 1404 examinet
1451 1342 1624 1405 memoriam
1645 1344 1703 1414 hoc
1724 1346 1823 1428 magis

469 1435 567 1510 putet,
589 1430 646 1492 sibi
670 1430 763 1492 etiam
783 1387 856 1490 oliui
873 1429 980 1502 visam.
1018 1427 1064 1490 At
1085 1430 1193 1492 statim
1217 1430 1338 1511 subjicit
1361 1443 1547 1515 argumenta,
1572 1432 1678 1513 quibus
1697 1439 1824 1499 utuntur

471 1517 542 1599 qui
549 1518 732 1600 disputando
761 1518 898 1581 nituntur
918 1517 1083 1598 antiquam
1116 1519 1237 1596 facere3
1270 1520 1387 1583 scilicet
1419 1521 1499 1601 quod
1530 1522 1618 1583 duret
1646 1518 1694 1586 tot
1726 1535 1821 1587 annos

469 1607 606 1689 quodque
629 1609 823 1670 Ptolemaeus
854 1608 982 1669 multas
998 1608 1075 1670 lixas
1108 1607 1268 1672 omiserit.
1299 1610 1358 1671 Hie
1380 1628 1453 1690 ergo
1484 1610 1554 1673 dum
1578 1612 1616 1673 ad
1644 1623 1823 1693 argumenta
1871 1636 1874 1646 ·

470 1696 630 1786 confugit,
639 1698 712 1759 nihil
736 1716 769 1759 se
792 1696 904 1759 habere
929 1697 1051 1770 fatetur,
1076 1698 1156 1777 quod
1175 1699 1351 1764 ememoria
1373 1719 1429 1760 ιιι
1451 1706 1557 1762 contra
1578 1719 1634 1763 nos
1650 1702 1820 1804 depromet.

560 1784 640 1858 Quid
664 1787 761 1849 dicam
785 1786 822 1849 de
845 1786 996 1868 Tychouis
1018 1786 1130 1848 Brahei
1154 1787 1396 1863 contubernio,
1387 1808 1432 1850 m
1442 1807 1498 1869 ouo
1521 1808 1576 1872 per
1597 1790 1703 1871 viginti
1726 1807 1822 1856 ιιιοι

469 1874 587 1957 plurimi
613 1873 752 1938 vixerant
775 1876 978 1939 astronomiae
1006 1876 1150 1950 studiosi,
1173 1878 1295 1957 atque
1286 1877 1308 1941 ιι
1331 1877 1361 1938 ιι
1386 1878 1638 1983 contemplatione
1668 1881 1822 1945 stellarum
1893 1880 1896 1886 ’

471 1963 698 2048 frigidissimis
689 1959 836 2029 noctibus
865 1965 942 2027 adeo
971 1964 1111 2041 examiti,
1144 1973 1180 2028 ut
1202 1967 1346 2046 quosdam
1370 1967 1429 2030 hac
1457 1967 1647 2047 potissimum
1669 1970 1707 2032 de
1726 1990 1822 2034 causa

470 2053 560 2117 etiam
585 2053 650 2117 vita
667 2054 847 2118 ιιιιιιιιιιι.
892 2055 1019 2117 Adeone
1052 2052 1204 2133 igiturex
1232 2056 1445 2159 superstitibus
1468 2056 1622 2124 neminem
1642 2077 1740 2136 ιιιι,
1770 2059 1846 2143 (ιιιι
1895 2057 1897 2063 ’

471 2143 580 2205 famam
605 2144 672 2206 novi
704 2143 921 2223 phaenomeni,
955 2144 981 2205 si
1005 2162 1043 2203 ιι
1066 2144 1147 2205 falsa
1169 2152 1235 2217 est,
1260 2165 1297 2206 ex
1317 2146 1443 2249 propria
1474 2149 1617 2211 memoria
1649 2149 1821 2213 convellat?

469 2232 578 2314 Itaque
606 2234 794 2313 perpendens
822 2234 884 2296 ista
906 2234 1059 2316 Bayems,
1091 2192 1271 2309 Omnium,
1295 2234 1358 2309 ait,
1390 2234 1514 2298 tacito
1546 2253 1727 2301 consensu
1757 2256 1822 2351 pro

470 2321 573 2386 Nova
595 2331 789 2403 receptam
1614 2349 1634 2374 ··

559 2413 749 2492 Argumenta
769 2430 850 2488 vero,
875 2411 981 2493 quibus
1005 2410 1043 2486 ei,
1067 2430 1156 2493 quem
1178 2410 1300 2492 propria
1323 2411 1437 2475 deserit
1458 2411 1612 2489 memoria,
1636 2415 1711 2478 fides
1733 2414 1821 2479 nori-

471 2489 546 2565 tatis
568 2502 632 2564 fieri
654 2509 766 2582 potest,
789 2501 863 2563 haec
887 2507 978 2562 sunt:
1001 2500 1134 2563 Primum
1159 2501 1272 2563 omissa
1294 2509 1343 2563 est
1364 2502 1440 2574 haec
1463 2502 1554 2564 stella
1576 2503 1614 2565 ab
1637 2504 1820 2585 Hipparche,

471 2592 521 2673 qui
541 2618 625 2659 ausus
656 2620 714 2658 rem
744 2601 828 2657 etiam
848 2601 910 2656 D'eo
939 2601 1104 2672 improbam,
1135 2615 1316 2657 annumerare
1346 2602 1465 2673 posteris
1494 2602 1593 2658 stellas
1617 2620 1650 2659 ac
1675 2605 1765 2661 sidera
1775 2599 1822 2662 ιιι

470 2699 592 2739 normam
612 2685 785 2756 expandere,
813 2680 926 2756 organis
948 2683 1131 2755 excogitatis,
1152 2699 1204 2754 per
1225 2698 1297 2754 quae
1322 2682 1494 2754 singularum
1513 2684 1576 2738 loca
1601 2692 1685 2756 atque
1712 2679 1821 2759 magni·

472 2774 581 2829 tudines
602 2774 737 2847 signaret,
759 2779 792 2829 ιι
805 2773 888 2828 facile
908 2774 1024 2829 discerni
1038 2780 1135 2846 posset
1147 2792 1186 2828 ex
1199 2791 1241 2838 ιι,
1263 2791 1318 2827 uon
1330 2774 1409 2828 modo
1424 2789 1461 2828 an
1475 2773 1583 2829 obirent
1598 2767 1686 2837 (nota
1708 2783 1821 2848 quasso

472 2853 627 2918 eonsilium
651 2852 831 2935 Hipparchi)
847 2870 1070 2928 nascerenturre,
1092 2865 1140 2917 sed
1155 2879 1192 2918 au
1205 2862 1312 2917 omuino
1327 2849 1422 2933 aliqua
1434 2862 1820 2923 transirent-morerenturre:
1920 2857 1923 2869 '

471 2943 539 3000 item
560 2961 597 3000 ιι
617 2951 774 3000 crescerent
797 2943 1046 3015 minuerenturque,
1069 2945 1147 2998 coelo
1168 2944 1196 2998 iu
1216 2943 1418 2999 haereditatem
1439 2944 1544 3000 eunetis
1568 2946 1728 3013 relieto„si
1747 2949 1821 3020 qais-

472 3033 564 3108 quam,
587 3034 633 3107 qui
653 3052 714 3089 eam
732 3034 869 3089 rationem
889 3041 1011 3104 creperet,
1032 3034 1161 3089 inventus
1173 3029 1266 3089 'esset
1281 3058 1285 3066 ¹
1298 3027 1417 3102 (Plinius
1437 3033 1487 3089 lib.
1503 3034 1531 3100 2,
1552 3051 1614 3106 esp.
1629 3031 1694 3106 26.)
1740 3026 1820 3108 Hip·

471 3115 601 3196 psrehus
622 3113 723 3194 igitur,
746 3114 797 3195 qui
811 3113 867 3174 hoc
883 3114 1007 3175 consilio
1026 3114 1101 3175 lixas
1125 3113 1294 3193 descripsit,
1318 3120 1353 3176 ut
1371 3112 1499 3175 discerni
1517 3123 1633 3198 posset,
1647 3136 1687 3193 ιι
1701 3117 1819 3197 aliquos

469 3212 686 3278 nascerentur,
718 3204 797 3265 hauc
829 3220 900 3264 vero
928 3204 1019 3283 juxta
1048 3211 1157 3283 pectus
1180 3201 1278 3285 Cygni
1307 3201 1409 3264 omisit
1434 3221 1502 3265 cum
1524 3204 1554 3265 iu
1585 3206 1724 3286 catalogo
1756 3214 1819 3268 ιιιιι

468 3291 547 3357 libro
565 3294 606 3356 11.
631 3294 661 3356 iu
684 3294 822 3366 Aratum,
847 3293 876 3354 in
897 3294 1107 3368 camarciaco
1122 3316 1169 3355 ιιι
1182 3296 1431 3371 concrederem:
1456 3293 1526 3374 quid
1540 3293 1621 3356 aliud
1636 3295 1710 3375 agit,
1730 3313 1820 3378 quam

468 3391 505 3447 ιι
526 3382 596 3445 viva
619 3401 692 3446 voce
716 3400 780 3454 uos,
803 3382 909 3464 quibus
933 3382 1049 3444 coelum
1071 3383 1102 3444 in
1125 3382 1345 3454 haereditatem
1368 3381 1502 3463 reliquit,
1527 3383 1687 3463 ¹compellet
1710 3385 1818 3447 admo-

468 3491 566 3546 neus:
586 3472 651 3553 jam
674 3473 796 3535 tandem
819 3480 890 3552 post
912 3479 960 3533 tot
981 3472 1085 3535 secula
1106 3490 1262 3553 apparere,
1286 3471 1371 3552 quod·
1388 3471 1453 3551 ipse
1476 3491 1533 3535 ιιι
1555 3481 1657 3535 aetate
1681 3473 1819 3537 dubitare
1847 3545 1852 3556 ι

467 3570 628 3644 coeperat,
652 3561 770 3625 scilicet
792 3561 870 3642 quod
893 3560 985 3622 etiam
1008 3562 1038 3623 in
1062 3580 1183 3624 summo·
1207 3561 1329 3624 aethere
1352 3578 1448 3623 novae
1471 3568 1504 3623 et
1526 3560 1683 3628 diuturnae
1710 3562 1819 3631 stellas

467 3651 556 3715 nasci
577 3652 705 3730 possint.
751 3651 893 3714 Nemeto
920 3651 1090 3726 existimes,
1115 3649 1258 3713 Gallinae
1285 3650 1369 3712 sidus
1392 3648 1431 3710 ab
1451 3650 1627 3730 Hipparcho
1654 3645 1820 3716 oscitanter

445 3743 630 3805 ἰιιιιιιιιι
664 3749 697 3804 et
728 3739 928 3821 descriptum:
962 3759 998 3802 eo
1031 3741 1087 3804 tibi
1118 3740 1212 3802 verba
1239 3758 1277 3801 ex
1308 3738 1385 3800 libro
1407 3740 1432 3801 Ι.
1457 3738 1489 3801 ιι
1511 3741 1657 3802 Aratum:
1675 3752 1817 3819 --Rursum

466 3831 577 3921 inquit,
592 3831 731 3899 ΙΔιιιιι’
723 3859 752 3896 ιι
772 3841 950 3912 sequentibus
970 3840 1147 3914 ignoratione
1167 3840 1287 3922 laborat,
1309 3854 1369 3892 eum
1390 3833 1424 3892 de
1445 3838 1560 3894 Gallina
1579 3839 1692 3896 scribit:
1726 3892 1730 3901 ,

732 3938 835 3996 ἈλλΗ
820 3963 836 3995 o
854 3960 908 4015 μιν
917 3939 1054 4028 visperis:
1066 3960 1101 3995 ιιι
1118 3940 1151 3995 ds
1170 3940 1200 3993 οἱ
1216 3938 1440 4026 {anagogem
1487 3945 1493 3963 '

730 4011 894 4086 Ἀσιρασιιι
908 4008 953 4070 ιιι
970 4016 1031 4081 loos
1047 4016 1191 4086 μεγαλοις,
1210 4007 1279 4082 sirco
1297 4006 1315 4068 ι’
1332 4027 1387 4083 μιν
1404 4006 1553 4083 ἄφανροις.

559 4129 655 4185 Habet
674 4129 745 4184 euim
759 4128 826 4184 Avis
847 4129 946 4184 stellas
967 4128 1069 4183 multas
1084 4131 1114 4182 ιι
1128 4125 1300 4199 splendidas:
1322 4140 1384 4180 eam
1403 4142 1469 4181 vero
1490 4140 1562 4197 quae
1576 4125 1604 4181 in
1618 4128 1715 4202 csudn,
1735 4128 1818 4184 valde
1935 4105 1940 4116 ι

454 4216 556 4276 ‘etiam
577 4219 759 4291 splendidam,
782 4220 927 4291 aequalem
947 4218 1073 4290 proxime
1099 4209 1287 4287 splendidae
1275 4233 1308 4270 m
1326 4215 1410 4287 Lyre.
1459 4204 1545 4267 Haec
1574 4205 1627 4267 ibi.
1633 4193 1700 4282 ”)
1742 4204 1819 4270 Cum

467 4318 544 4362 vero
567 4298 797 4381 descriptionem
828 4296 1067 4361 constellationis
1100 4296 1216 4357 orditur
1244 4294 1282 4356 ab
1311 4314 1347 4356 ea
1373 4294 1468 4369 linea,
1502 4311 1577 4376 quse
1601 4316 1636 4358 a
1633 4303 1740 4359 rostro
1751 4313 1819 4392 per

466 4388 579 4454 collum
608 4397 639 4452 et
671 4408 778 4470 corpus
808 4386 908 4450 Oloris
941 4385 1134 4468 porrigitur'
1125 4404 1156 4447 m
1185 4384 1331 4459 caudam,
1364 4390 1397 4445 et
1427 4384 1600 4465 singulas
1591 4403 1622 4446 ιι
1643 4385 1708 4450 hae
1740 4376 1818 4448 s'srie

465 4486 609 4544 recenset
640 4478 757 4550 ordine,
788 4484 897 4558 postea
920 4478 958 4539 ad
982 4477 1048 4538 alas
1072 4483 1104 4538 ιι
1126 4474 1253 4556 denique
1277 4475 1323 4537 ad
1343 4472 1437 4555 pedes
1465 4490 1649 4546 conversus,
1673 4451 1817 4555 thnquam

468 4568 511 4633 ab
533 4555 621 4649 hujus
644 4567 818 4648 principalis
842 4567 939 4631 lineae
964 4564 1110 4629 lateribus
1133 4583 1247 4627 nexos:
1272 4562 1417 4645 quomodo
1436 4570 1572 4625 nostram
1586 4563 1663 4627 hauc
1685 4564 1838 4635 stellam,

465 4658 630 4722 incedam
657 4658 719 4719 fere
749 4657 829 4719 linea
860 4658 1022 4739 eodemque
1055 4662 1156 4718 tractu
1188 4655 1408 4727 occurrentem,
1439 4652 1628 4757 priusquam·
1635 4668 1654 4715 a
1676 4645 1754 4716 collo
1777 4652 1818 4732 ad

465 4754 577 4830 pectus
599 4744 791 4827 pervenitur,
815 4747 910 4822 hanc,
930 4745 1074 4827 iuquam,
1104 4745 1250 4824 quomodo
1273 4740 1437 4823 praeterire
1464 4742 1579 4823 potuit,
1603 4742 1629 4804 si
1653 4762 1691 4806 ea
1702 4750 1816 4824 aetate

468 4836 549 4901 fuit?
571 4836 655 4901 Nihil
679 4838 768 4918 plane
793 4844 849 4912 est,
874 4837 953 4918 quod
976 4835 1084 4897 saltem
1108 4831 1310 4896 uerisimiliter
1333 4830 1455 4894 obtendi
1477 4832 1610 4912 ροιιιι.

560 4924 703 5009 Sequitur
726 4926 837 4987 abacus
851 4924 1027 5000 Ptolemaei,
1051 4942 1138 5006 quem
1157 4922 1195 4984 ab
1215 4921 1388 5002 Hipparcho
1411 4929 1567 5002 acceptum
1589 4919 1654 5002 ipse
1674 4919 1818 5001 repetivit

468 5024 503 5079 et
507 5004 706 5078 noffoullis
697 5036 728 5077 m
751 5015 825 5077 loeis
848 5014 992 5083 correxit,
1025 5013 1133 5076 stellas
1160 5010 1451 5078 convenientioribus
1483 5010 1663 5073 membris
1654 5010 1817 5090 imaginum

469 5129 491 5168 a
513 5106 665 5169 veteribus
688 5103 874 5167 inventarum
896 5123 1053 5185 reponens.
1092 5100 1207 5173 Quodsi
1222 5100 1413 5182 Hipparchus
1429 5096 1570 5194 oscitans
1592 5099 1622 5161 in
1638 5097 1703 5161 hac
1725 5100 1817 5164 stella

470 5194 537 5274 fuit,
561 5215 614 5258 cur
637 5213 703 5257 sam
727 5194 919 5259 Ptolemaeus
941 5192 1051 5271 omisit,
1075 5209 1127 5255 cur
1149 5190 1262 5254 nullam
1281 5190 1344 5271 ejus
1358 5189 1550 5253 mentionem
1561 5207 1616 5253 ιιι
1634 5190 1699 5274 ipse
1722 5189 1815 5254 iecit?
