4584 6192
1002 615 1176 666 Mmonomlu
1194 614 1256 666 Pur
1275 611 1374 677 opttus.

719 822 768 887 10.
806 824 857 886 Dc
881 824 1140 887 illustratione
1164 832 1286 886 mutua
1309 825 1433 887 Lunae
1457 833 1493 887 et
1516 826 1658 887 Terrae.

603 965 687 1027 Satis
712 975 759 1025 est
782 966 811 1025 in
836 965 992 1037 confesso,
1024 965 1190 1045 principale
1213 967 1317 1027 Lunae
1346 967 1443 1029 lumen
1472 988 1491 1027 a
1514 963 1585 1028 Sole
1610 985 1696 1040 esse,
1722 966 1760 1027 de
1784 966 1871 1047 cujus

515 1055 611 1117 modis
644 1062 676 1115 et
699 1054 898 1115 varietatibus
932 1055 1042 1116 dictum
1071 1062 1119 1115 est
1151 1056 1306 1118 hactenus.
1354 1055 1432 1116 Sunt
1464 1063 1564 1117 autem
1598 1056 1647 1135 qui
1678 1054 1872 1116 nihilominus

516 1145 621 1206 Lunae
657 1143 792 1220 exiguam
831 1143 961 1221 aliquam
999 1145 1149 1223 propriam
1188 1145 1313 1205 luculam
1353 1143 1555 1206 transcribant
1591 1143 1638 1204 his
1675 1144 1872 1224 argumentis.

515 1233 647 1295 Primum
673 1232 749 1311 quod
773 1231 802 1293 in
828 1232 973 1293 totalibus
1004 1232 1171 1293 defectibus
1193 1233 1297 1294 Lunae
1321 1232 1510 1294 nihilominus
1533 1231 1591 1312 ipsi
1615 1240 1752 1311 superest
1782 1231 1874 1294 rubor

516 1321 636 1401 quidam
660 1321 736 1380 satis
761 1321 870 1382 clerus.
917 1320 1035 1381 Deinde
1061 1321 1137 1400 quod
1162 1322 1190 1382 iu
1215 1322 1360 1383 totalibus
1385 1320 1466 1383 Solis
1499 1320 1669 1383 defectibus
1691 1320 1780 1382 Loua
1802 1339 1872 1382 rur-

514 1428 579 1471 sum
601 1418 671 1471 tota
694 1409 770 1470 facie
794 1409 874 1470 clare
899 1418 1047 1470 cernatur.
1090 1410 1193 1470 Tertio
1218 1412 1294 1489 qnod
1319 1410 1347 1471 iu
1372 1407 1532 1472 noviluniis
1557 1417 1588 1471 et
1610 1417 1682 1489 post
1704 1410 1759 1471 illa
1780 1410 1873 1471 biduo

515 1497 716 1577 etamplius,
750 1498 884 1576 adeoque
910 1498 992 1558 etin
1018 1498 1208 1578 quadraturis
1232 1499 1319 1561 Luna
1342 1518 1401 1560 uon
1429 1506 1495 1560 toto
1527 1506 1644 1560 tautum
1672 1498 1783 1561 circulo
1816 1499 1870 1558 sed

516 1588 604 1667 plaue
628 1593 695 1647 tota
719 1587 795 1647 facie
818 1586 946 1647 rotunda
969 1587 1109 1648 cernitur.
1142 1587 1255 1649 Verum
1279 1588 1361 1648 nulla
1383 1588 1489 1650 harum
1512 1607 1669 1649 causarum
1693 1586 1789 1668 proba
1812 1593 1871 1647 est.

514 1676 561 1737 De
575 1675 684 1737 lumine
708 1674 738 1735 iu
753 1675 873 1736 delectu
887 1675 992 1736 Lunae
1012 1676 1131 1737 residuo
1152 1676 1267 1737 dicetur
1289 1678 1369 1738 infra
1383 1696 1450 1756 cap.
1467 1676 1549 1751 VII.‚
1575 1676 1652 1756 quod
1676 1696 1731 1737 uec
1755 1675 1811 1736 hoc
1831 1675 1873 1736 sit

516 1765 620 1826 Lunae
644 1762 805 1843 proprium.
852 1764 898 1824 De
922 1783 1018 1825 novae
1048 1782 1119 1825 vero
1149 1773 1180 1825 et
1204 1764 1306 1827 Solem
1339 1766 1472 1844 tegentis
1500 1765 1609 1826 lumine
1638 1765 1667 1826 iu
1699 1763 1874 1845 praeseutia

515 1853 681 1916 dicendum.
730 1850 817 1921 Quod
847 1859 947 1914 autem
976 1853 1134 1933 aliquando
1160 1854 1247 1915 Luna
1279 1854 1470 1916 nihilomiuus
1493 1854 1560 1915 visa
1588 1854 1644 1923 sit,
1678 1873 1744 1915 cum
1769 1851 1873 1915 Solem

517 1942 695 2005 mortalibus
721 1941 890 2021 eripuisset,
916 1940 1087 2003 auctoribus
1111 1941 1269 2004 Vitellioni
1294 1950 1325 2005 et
1344 1942 1512 2005 Reinholdo
1537 1942 1716 2005 credendum
1740 1950 1797 2016 est,
1823 1942 1872 2021 qui

518 2050 556 2095 ex
580 2050 615 2093 eo
638 2032 844 2110 phaenomeuo
868 2032 897 2091 iu
922 2049 1030 2092 causas
1053 2031 1223 2093 reddendas
1247 2031 1391 2094 concitati
1415 2032 1512 2093 fuere:
1538 2033 1616 2112 quod
1640 2050 1697 2093 uon
1718 2031 1871 2102 fecissent

518 2121 576 2183 nisi
600 2120 771 2182 debuere
795 2120 870 2182 certi
895 2118 1032 2180 fuissent„
1070 2120 1244 2182 Attendaut
1268 2120 1316 2201 qui
1339 2121 1436 2200 Alpes
1449 2119 1599 2182 Rhaetias
1623 2119 1726 2200 etqui
1751 2119 1871 2181 ltaliam

517 2210 651 2272 incolunt
674 2216 706 2269 et
729 2209 952 2270 meridionalem
978 2207 1097 2270 Galliae
1121 2217 1239 2289 partem
1262 2229 1326 2271 cum
1346 2209 1495 2288 Hispania
1517 2208 1673 2285 universa,
1702 2208 1872 2278 attendant,

518 2298 646 2379 iuquam,
671 2299 702 2359 in
726 2297 803 2358 hanc
827 2317 889 2359 rem
915 2305 946 2358 et
969 2296 1073 2359 Lunae
1098 2298 1205 2361 faciem
1229 2319 1281 2360 seu
1297 2299 1427 2360 colorem
1451 2317 1529 2360 auno
1553 2299 1652 2359 iuturo
1671 2292 1764 2361 1605.
1790 2296 1874 2376 cujus

518 2387 589 2449 anui
613 2388 660 2448 die
685 2379 770 2467 2s12.
796 2385 939 2449 Octobris
962 2386 1061 2448 indice
1085 2387 1235 2469 Tychouis
1258 2388 1370 2449 Brahei
1394 2388 1509 2449 calculo
1533 2387 1620 2449 Luna
1649 2387 1710 2448 fere
1734 2407 1875 2465 aepcyuor

519 2474 585 2538 Soli
609 2476 786 2536 neutraliter
809 2475 838 2535 in
864 2474 953 2537 dictis
977 2475 1150 2554 regionibus
1175 2476 1340 2556 objicietur.
1376 2477 1455 2538 Nam
1479 2477 1556 2557 quod
1573 2475 1674 2557 'lycho
1698 2474 1876 2537 diametrum

517 2564 622 2627 Lunae
656 2565 685 2626 iu
715 2561 797 2624 Solis
827 2563 989 2643 eclipsibus
1016 2564 1160 2626 minorem
1188 2584 1256 2627 esse
1287 2567 1426 2646 opinatus
1456 2574 1518 2640 est,
1548 2583 1635 2643 quam
1665 2582 1741 2644 quae
1770 2559 1875 2625 Solem

518 2661 615 2716 totum
642 2671 788 2732 occupare
816 2662 936 2731 posset,
971 2653 1007 2713 de
1036 2672 1071 2713 eo
1100 2654 1212 2715 dictum
1240 2654 1373 2716 uonuihil
1406 2662 1454 2715 est
1481 2654 1510 2714 in
1540 2653 1704 2733 appendice
1738 2652 1777 2713 ad
1808 2651 1874 2733 ejus

518 2743 821 2823 Progymnasmatum
854 2742 981 2821 primum
1016 2750 1126 2802 tomum
1140 2739 1181 2816 ⁶⁵)
1214 2753 1246 2805 et
1269 2743 1384 2805 dicetur
1407 2742 1485 2804 iufra
1511 2741 1654 2822 peculiari
1682 2740 1793 2821 capite.
1840 2739 1877 2801 Id

520 2832 618 2911 ipsum
643 2831 761 2910 quidem
786 2831 822 2891 de
846 2831 951 2892 Lunae
977 2830 1041 2890 luce
1065 2830 1094 2889 iu
1119 2829 1201 2891 Solis
1225 2832 1329 2915 eclipsi
1353 2830 1531 2893 Cleomedes
1556 2850 1593 2892 ex
1615 2828 1769 2892 Posidonii
1803 2848 1874 2890 seu-

410 2979 412 2986 ,
520 2920 617 2982 tentia
640 2938 752 3000 negare
776 2919 903 2981 videtur.
952 2916 1079 2987 Quaerit
1104 2920 1197 2994 enim,
1224 2940 1289 2983 cum
1314 2927 1433 2982 constet
1455 2921 1559 2982 Lunae
1584 2938 1691 2998 corpus
1715 2937 1783 2980 esse
1808 2918 1875 2980 dia-

518 3008 649 3090 phanum
673 3009 726 3080 (ex
749 3026 805 3070 sna
829 3009 1008 3078 sententia),
1033 3027 1085 3069 cur
1108 3008 1199 3087 igitur
1223 3009 1299 3070 radii
1318 3008 1399 3071 Solis
1423 3027 1476 3088 per
1498 3009 1582 3069 illum
1596 3009 1717 3088 globum
1740 3008 1771 3070 iu
1786 3006 1877 3068 totali

520 3097 609 3161 Solio
626 3098 731 3177 eclipsi
754 3116 812 3158 nou
837 3104 1004 3170 transeant,
1028 3097 1072 3156 uti
1096 3097 1195 3157 solent
1218 3116 1271 3176 per
1299 3098 1406 3159 nubem
1440 3098 1571 3159 transire
1595 3116 1719 3177 eamque
1750 3095 1877 3157 reddere

520 3186 711 3266 conspicuam
744 3195 774 3247 et
807 3206 844 3246 ex
877 3206 913 3246 ea
941 3186 1112 3247 claritatem
1142 3186 1291 3247 effundere
1300 3205 1309 3260 ;
1342 3206 1395 3248 cur
1429 3187 1520 3265 igitur
1549 3187 1638 3248 Luna
1667 3185 1797 3247 obscura
1825 3183 1876 3257 sit,

519 3276 616 3339 visum
650 3275 774 3355 effugiat
805 3283 836 3335 et
868 3274 932 3334 dies
960 3274 988 3335 in
1023 3283 1141 3335 noctem
1171 3276 1384 3337 convertatur?
1428 3276 1470 3337 Et
1506 3275 1664 3355 proposita
1700 3273 1878 3353 quaestione

521 3364 706 3427 ratiunculas
729 3363 842 3443 passim
867 3364 996 3442 colligit,
1032 3362 1137 3443 quibus
1163 3364 1280 3425 efficere
1305 3364 1421 3438 nititur,
1454 3383 1512 3424 nou
1538 3363 1646 3425 debere
1670 3362 1770 3424 radios
1795 3360 1879 3424 Solis

521 3452 639 3533 penitus
663 3453 792 3513 transire
816 3452 932 3513 Lunam
957 3459 1010 3513 aut
1033 3452 1204 3513 claritatem
1228 3452 1271 3514 illi
1296 3453 1466 3514 conciliare.
1509 3453 1559 3513 Ita
1582 3453 1671 3531 plane
1695 3448 1878 3512 contrarium

522 3540 596 3604 dicit
619 3541 693 3620 ejus,
719 3542 795 3620 quod
820 3540 962 3603 Vitellio:
988 3541 1090 3602 lorsau
1110 3560 1147 3600 ex
1172 3542 1278 3602 ellectu
1301 3542 1367 3620 ipso
1392 3541 1596 3614 ratiocinatur,
1623 3541 1680 3602 diei
1704 3540 1735 3600 iu
1759 3546 1879 3600 noctem

521 3629 730 3703 conversione,
765 3648 822 3690 uon
851 3648 922 3690 vero
951 3649 989 3689 ex
1016 3629 1081 3709 ipsu
1105 3628 1209 3689 Lunae
1235 3628 1336 3691 Solem
1359 3629 1492 3708 tegentis
1516 3638 1656 3709 aspectu,
1681 3636 1715 3690 ut
1738 3626 1877 3689 Vitellio.

520 3719 600 3781 Nem
625 3718 682 3779 etsi
706 3717 778 3778 mihi
801 3716 914 3779 veritas
938 3718 1025 3796 hujus
1049 3718 1090 3779 rei
1115 3717 1197 3777 nullo
1222 3726 1343 3779 constat
1368 3719 1589 3797 experimento:
1621 3718 1695 3780 lacit
1722 3726 1823 3777 tamen
1848 3715 1879 3775 id

521 3809 636 3876 lumen,
667 3807 745 3886 quod
768 3806 855 3867 Luna
884 3825 1012 3867 nascens
1039 3804 1208 3884 potiorique
1232 3815 1318 3885 parte
1342 3829 1360 3868 a
1384 3805 1455 3868 Sole
1480 3826 1587 3869 aversa
1611 3804 1745 3868 ostendit
1767 3803 1879 3866 nihilo-

521 3896 619 3958 minus
643 3896 671 3957 iu
697 3904 762 3956 toto
788 3913 927 3974 corpore;
962 3904 995 3955 ut
1023 3896 1095 3956 nihil
1126 3894 1217 3973 plane
1246 3895 1391 3969 dubitem,
1426 3896 1493 3976 quin
1511 3889 1623 3957 ¹eudem
1650 3894 1758 3957 lumine
1782 3893 1879 3954 multo

522 3984 690 4046 evidentius
720 3984 823 4047 oculos
848 3984 938 4044 feriat
960 3990 1044 4056 tuuc,
1074 4001 1141 4045 oum
1169 3981 1286 4057 Solem,
1320 3984 1369 4064 qui
1401 3985 1502 4046 oculos
1534 3985 1614 4046 solet
1650 4000 1813 4045 excaecare
1849 3987 1881 4041 et

522 4072 654 4135 visibilia
678 4072 853 4151 opprimere,
878 4071 990 4132 nostris
1015 4072 1108 4132 oculis
1133 4070 1251 4151 eripuit.

611 4161 738 4221 Vitellio
763 4161 868 4239 igitur,
894 4169 1041 4237 utsupra
1065 4160 1197 4231 dictum,
1222 4168 1254 4221 et
1275 4160 1463 4221 Reinholdus
1488 4160 1525 4221 de
1548 4161 1605 4221 boc
1628 4160 1748 4222 residuo
1772 4160 1880 4220 Lunae

523 4248 633 4310 lumine
658 4248 796 4327 ambigue
825 4249 991 4326 disputant.
1039 4247 1165 4308 Vitellio
1191 4250 1313 4311 transiri
1344 4268 1451 4329 corpus
1479 4249 1583 4309 Lunae
1613 4248 1705 4309 radiis
1737 4247 1820 4310 Solis
1849 4256 1882 4308 et

525 4336 654 4399 transitu
678 4337 759 4398 facto
784 4337 870 4398 valde
896 4337 1014 4417 quidem
1038 4336 1153 4397 debiles
1177 4337 1230 4398 sed
1256 4347 1356 4397 tamen
1380 4337 1557 4416 conspicuos
1581 4357 1649 4399 esse
1673 4346 1704 4398 et
1726 4337 1757 4398 iu
1777 4337 1882 4398 oculos

524 4425 673 4486 incurrere
709 4425 804 4498 dixit,
842 4433 876 4487 at
912 4444 969 4485 uon
1005 4425 1067 4486 alia
1102 4425 1168 4485 vice
1205 4446 1292 4506 quam
1330 4444 1397 4486 cum
1433 4426 1520 4486 Luna
1555 4426 1692 4506 proxima
1723 4424 1788 4487 Soli
1821 4433 1880 4488 est.

523 4514 603 4577 Nam
635 4514 806 4593 digrediens
840 4514 883 4574 uti
914 4514 1048 4575 umbram
1078 4514 1121 4575 sic
1158 4515 1213 4575 hos
1242 4521 1435 4575 transeuntes
1462 4512 1563 4576 radios
1594 4534 1613 4574 a
1640 4513 1727 4576 uobis
1755 4514 1879 4575 avertit.

522 4602 709 4664 Reinholdus
733 4622 798 4663 cum
822 4603 948 4677 videret,
972 4603 1028 4662 boc
1052 4612 1142 4685 pacto
1168 4603 1265 4665 deseri
1289 4605 1327 4663 ab
1351 4602 1407 4663 hac
1430 4621 1523 4663 causa
1546 4603 1611 4664 dies
1631 4602 1782 4664 novilunio
1805 4621 1881 4683 pro-

523 4692 630 4766 ximos,
657 4692 685 4752 iu
712 4691 817 4771 quibus
842 4690 1008 4752 clarissime
1032 4692 1119 4753 Luna
1143 4693 1273 4753 cernitur
1297 4699 1361 4752 toto
1387 4710 1520 4770 corpore,
1545 4692 1692 4753 diametro
1711 4710 1765 4771 per
1788 4690 1880 4752 lumi-

524 4781 611 4841 naria
643 4782 708 4859 jam
742 4800 761 4839 a
789 4779 901 4840 uostris
935 4780 1028 4841 oculis
1063 4781 1241 4856 aberrante,
1273 4780 1367 4855 dixit,
1400 4779 1504 4840 Luuae
1538 4799 1695 4860 superesse
1726 4779 1880 4860 propriam

524 4869 666 4943 luculum,
702 4888 761 4947 qua
785 4869 850 4929 sola
880 4866 984 4929 diebus
1012 4869 1163 4930 novilunio
1196 4869 1338 4947 proximis
1372 4877 1527 4945 cernatur,
1560 4878 1593 4931 at
1615 4868 1645 4930 iu
1669 4868 1775 4949 eclipsi
1799 4866 1882 4930 Solis

525 4956 709 5019 commisceri
733 4957 810 5018 hunc
833 4956 962 5016 luculum
986 4976 1052 5017 cum
1076 4957 1169 5017 radiis
1193 4955 1273 5018 Solis
1297 4958 1400 5018 Lunae
1425 4957 1546 5036 globum
1576 4945 1880 5029 uanseuntttins.⁵⁸).

614 5047 729 5108 Vemm
753 5062 808 5107 nos
822 5045 886 5123 jum
910 5045 998 5105 modo
1021 5046 1093 5107 Nro.
1118 5042 1149 5108 9.
1174 5045 1251 5106 satis
1274 5046 1429 5107 evidenter
1452 5046 1655 5120 ostendimus,
1680 5046 1786 5107 Lunue
1810 5063 1881 5106 cor-

524 5151 581 5213 pur
603 5134 784 5214 pellucidum
806 5150 875 5194 esse
903 5151 961 5194 nou
988 5150 1089 5212 posse.
1136 5132 1182 5195 At
1214 5134 1292 5213 quod
1323 5151 1378 5195 uec
1412 5131 1512 5196 lucule
1538 5134 1599 5196 ista
1624 5132 1748 5213 propriu
1773 5132 1882 5195 Lunae
