4584 6192
945 540 975 590 dc
994 542 1066 592 rebus
1085 543 1187 606 opticus.
1701 542 1744 613 87

389 714 545 777 conferat:
580 733 731 794 nunquam
763 721 862 776 tamen
898 716 959 777 lieri
993 716 1081 778 aliter
1111 738 1201 797 posse
1232 718 1313 792 scio,
1348 719 1416 799 quin
1441 721 1488 781 his
1521 718 1596 798 ipsis
1625 731 1745 787 utamur

389 803 521 875 vocibus.
545 804 687 882 planetas
710 812 804 877 stare,
828 806 1026 866 retrocedere.
1063 808 1226 886 Propterea
1246 808 1399 886 sapienter
1423 810 1535 869 factum
1553 811 1590 871 ab
1615 813 1744 874 ecclesia

389 893 524 955 Romana
544 900 628 971 puto,
654 893 817 972 quodcum
839 894 1035 973 astrologiam
1053 894 1244 973 judiciariam
1265 896 1453 975 (sortilegam
1479 897 1561 958 illam
1586 906 1618 959 et
1648 918 1741 981 qnae-

389 979 564 1042 stionariam
596 980 749 1057 intelligo,
785 1000 861 1061 quae
890 983 1006 1060 species
1040 984 1187 1062 quaedam
1212 993 1259 1044 est
1282 985 1381 1046 cultus
1414 994 1581 1061 astrorum,
1615 987 1684 1050 dum
1709 1007 1742 1051 se

388 1070 465 1131 Deos
490 1068 587 1131 iratos
611 1068 723 1130 habere
746 1078 835 1147 putat
858 1071 906 1149 qui
931 1090 993 1132 rem
1021 1079 1127 1132 contra
1158 1074 1278 1152 regulas
1307 1072 1527 1153 astrologorum
1557 1066 1740 1154 auspicatur,

388 1165 435 1219 aut
458 1157 532 1220 dnm
557 1157 697 1237 neglecta
719 1157 775 1218 Dei
800 1159 907 1219 fiducia
931 1160 959 1219 in
985 1160 1085 1221 varios
1109 1168 1206 1221 metus
1231 1161 1330 1241 agitur
1362 1161 1590 1238 superstitiosus
1623 1164 1739 1245 aliquis,

389 1253 510 1309 naturae
536 1246 671 1307 tribuens
695 1247 773 1326 qood
797 1248 853 1309 Dei
879 1257 940 1322 est,
975 1258 1027 1309 aut
1050 1268 1102 1327 pro
1127 1258 1235 1310 natura
1265 1249 1431 1328 suspiciens
1456 1250 1534 1331 quod
1558 1270 1670 1315 merum
1696 1260 1745 1321 est

389 1335 560 1415 figmentum
584 1338 699 1408 suum),
734 1336 826 1408 hanc,
861 1336 997 1416 inquam,
1032 1356 1097 1398 cum
1122 1338 1319 1411 damnaverit,
1345 1337 1426 1399 illam
1460 1347 1558 1400 tamen
1584 1339 1743 1420 Copernici

389 1422 607 1503 philosophiam
632 1422 661 1482 in
686 1424 785 1485 medio
808 1443 986 1502 suspensam
1011 1424 1138 1505 reliquit.

469 1512 545 1573 Jam
560 1513 638 1591 quod
654 1511 821 1591 opponitur,
847 1514 932 1574 unius
947 1513 1081 1592 corporis
1097 1521 1210 1575 motum
1229 1533 1295 1574 esse
1313 1534 1419 1575 unum:
1442 1515 1519 1577 idem
1536 1526 1741 1595 argumentum

389 1599 535 1674 olfecerit,
571 1619 607 1661 ne
641 1600 793 1662 brachium
826 1621 946 1664 movere
979 1602 1091 1680 possim
1121 1622 1175 1681 pro
1209 1601 1343 1664 arbitrio.
1391 1602 1507 1664 Eadem
1540 1625 1568 1665 n.
1603 1604 1741 1685 utrinque

389 1689 570 1769 respondeo:
596 1689 634 1750 ob
649 1688 676 1750 id
693 1689 797 1768 ipsum,
819 1691 896 1768 quod
918 1709 1062 1751 carnosas
1082 1699 1113 1750 et
1128 1709 1235 1751 osseae
1250 1691 1439 1752 substantiae
1459 1702 1558 1752 motus
1581 1703 1630 1753 est
1649 1694 1740 1756 deor-

388 1797 457 1851 sum,
480 1777 614 1838 addatur
637 1778 752 1848 anima,
777 1797 852 1856 quae
877 1788 997 1840 moveat
1021 1780 1102 1840 illam
1126 1798 1244 1839 sursum
1269 1788 1300 1839 ct
1322 1780 1350 1839 in
1375 1780 1451 1839 alias
1475 1780 1592 1859 plagas.
1632 1782 1740 1862 ltaque

389 1865 439 1926 nisi
461 1864 566 1927 anima
590 1867 713 1927 Terram
737 1866 848 1927 vehens
873 1869 941 1940 (sen
965 1887 1001 1927 ea
1025 1867 1190 1928 materialis
1220 1866 1321 1944 potins
1345 1868 1386 1928 sit
1416 1869 1559 1943 facultas,
1586 1877 1619 1929 ut
1643 1869 1738 1931 uirtus

390 1955 493 2016 ferrum
528 1953 668 2016 trahendi
701 1956 731 2016 in
763 1958 918 2034 magnete)
951 1956 1152 2017 constantiam
1183 1956 1221 2015 ab
1255 1955 1368 2033 origiue
1403 1965 1486 2017 esset
1522 1957 1632 2018 sortita
1662 1957 1740 2019 citra

389 2042 575 2105 affectionum
601 2043 830 2117 vicissitudines,
858 2043 1035 2123 fatigaretur
1059 2053 1090 2103 ut
1114 2044 1248 2122 corporis
1279 2044 1399 2117 anima3
1431 2053 1512 2106 certe
1536 2064 1590 2124 pro
1618 2046 1739 2107 modulo

389 2131 489 2193 virium
513 2131 580 2208 agit
603 2141 749 2193 remotam
773 2132 934 2210 sphaeram
959 2134 1059 2206 tarde,
1089 2133 1285 2211 propinquam
1318 2134 1479 2194 uelociter:
1513 2133 1601 2212 plane
1627 2142 1659 2195 ut
1683 2152 1739 2194 ex·
1811 2144 1816 2155 “

390 2228 499 2282 tentum
531 2220 685 2282 brachium
718 2221 814 2300 magis
839 2221 1006 2294 ostonem,
1040 2241 1128 2300 quam
1154 2222 1192 2280 ad
1221 2239 1328 2299 corpus
1362 2222 1530 2295 reductum,
1565 2222 1648 2282 utin
1674 2241 1739 2284 rneo

390 2309 483 2369 hlarte
516 2308 623 2389 probo.
671 2308 734 2371 Sed
767 2310 906 2371 consistit
934 2319 1000 2371 tota
1033 2310 1151 2370 errandi
1185 2309 1303 2369 occasio
1333 2310 1361 2370 in
1395 2329 1444 2384 eo,
1479 2310 1556 2389 quod
1586 2310 1741 2388 ignoratur

390 2398 594 2474 gravitatis
618 2398 762 2472 delinitio,
788 2418 863 2477 quae
879 2400 922 2460 sic
947 2399 1093 2459 astruitur
1108 2399 1145 2456 ab
1161 2396 1348 2473 Aristotele:
1373 2397 1450 2477 ignis
1467 2417 1583 2459 sursum
1603 2407 1741 2460 moretur

391 2494 530 2547 acentro
556 2487 666 2558 mundi,
692 2487 762 2565 qnia
785 2495 922 2559 moretur
945 2488 983 2546 ad
1012 2485 1198 2567 superficiem
1223 2485 1335 2546 muudi.
1381 2486 1476 2547 Terra
1504 2494 1552 2547 est
1579 2485 1641 2564 igni
1665 2504 1739 2547 con-

390 2574 487 2647 traria,
511 2593 584 2653 ergo
609 2575 747 2636 deorsum
777 2584 914 2636 moretur
937 2576 974 2635 ad
1000 2585 1134 2636 centrum
1159 2574 1269 2634 mundi.
1316 2574 1402 2652 Nego
1431 2574 1530 2651 ignem
1563 2575 1676 2638 moveri
1699 2574 1739 2636 ad

390 2662 483 2724 mundi
514 2663 719 2741 superficiem,
752 2675 785 2724 ut
808 2664 847 2723 ad
880 2664 985 2725 locum.
1033 2665 1170 2724 Flamma
1200 2683 1227 2724 u.
1258 2680 1324 2722 cum
1358 2663 1500 2723 obruatur
1524 2682 1626 2724 crasso
1658 2669 1738 2737 aere,

389 2749 493 2813 Terrae
527 2750 605 2830 fugit
643 2752 885 2832 congressionem
919 2753 969 2813 via
1006 2752 1202 2825 brevissima,
1243 2769 1319 2829 quae
1360 2750 1409 2811 ubi
1448 2771 1481 2809 se
1512 2750 1541 2813 in
1582 2758 1737 2831 patentem

390 2858 520 2920 campum
545 2841 686 2914 asseruit,
707 2843 771 2920 jam
797 2839 837 2900 ibi
861 2841 997 2921 quiescit.
1045 2840 1190 2917 Exemplo
1214 2838 1255 2899 sit
1283 2840 1389 2899 fumus.
1439 2839 1521 2917 lgnis
1544 2839 1637 2919 igitur
1659 2840 1739 2902 actio

391 2939 503 2988 nonest
526 2937 630 3007 petere
655 2929 838 3008 superficiem
863 2930 972 3003 mundi,
998 2930 1051 2988 sed
1076 2929 1177 3005 fugere
1198 2937 1332 2988 centrum
1347 2946 1404 2987 non
1428 2927 1527 2989 mundi
1547 2928 1599 2987 sed
1615 2928 1736 3000 Terrae.

391 3034 436 3076 uec
460 3026 597 3078 centrum
622 3026 656 3079 ut
678 3027 835 3097 punctum,
864 3020 917 3079 sed
942 3029 980 3077 ut¹
998 3017 1125 3077 medium
1150 3015 1292 3094 corporis,
1318 3015 1395 3094 quod
1419 3034 1527 3094 corpus
1550 3016 1643 3077 habet
1665 3035 1738 3077 suae

393 3113 532 3173 naturae,
567 3126 643 3184 quae
676 3106 797 3167 dilatari
830 3107 929 3186 cupit,
963 3105 1206 3167 infensissimum.
1258 3103 1365 3165 Dicam
1398 3105 1545 3181 amplius,
1579 3124 1636 3165 non
1662 3103 1739 3183 fugit

394 3192 507 3254 flamma
531 3194 585 3254 scd
619 3195 779 3274 expellitur
803 3215 821 3254 a
844 3195 973 3274 graviori
1007 3201 1093 3265 aere,
1126 3202 1158 3254 ut
1190 3192 1292 3253 vesica
1320 3192 1358 3253 ab
1390 3213 1475 3273 aqua.
1522 3194 1616 3254 Terra
1646 3192 1739 3273 igitur

393 3282 536 3343 contraria
560 3282 620 3359 igni
644 3303 701 3344 nou
728 3292 812 3362 petet
836 3284 937 3362 vigore
963 3283 1049 3361 hujus
1072 3280 1260 3342 Aristotelici
1280 3282 1448 3359 argumenti
1469 3290 1603 3343 centrum
1623 3280 1736 3355 mundi,

393 3370 437 3430 sed
460 3380 596 3430 centrum
621 3372 746 3445 Terrae,
772 3372 828 3431 hoc
853 3380 900 3432 est
923 3391 1018 3432 suom.
1067 3371 1141 3430 Esto
1167 3388 1253 3441 vero,
1289 3380 1322 3430 ut
1354 3370 1475 3430 flamma
1504 3370 1613 3430 subeat
1642 3388 1736 3450 usque

393 3458 424 3518 ad
446 3459 560 3518 extima
584 3460 693 3529 mundi,
717 3480 785 3520 num
801 3460 866 3520 irlco
888 3461 964 3537 fugit
982 3481 1001 3519 a
1020 3469 1122 3519 centro
1148 3457 1273 3519 mundi?
1295 3458 1362 3518 Non
1383 3476 1520 3536 semper3
1545 3458 1607 3519 fleri
1630 3477 1736 3537 nempe

393 3554 495 3621 potest,
529 3557 563 3607 ut
587 3548 611 3608 si
637 3549 686 3608 via
710 3549 749 3609 sit
773 3550 854 3627 prius
878 3549 916 3608 ad
951 3556 1083 3608 centrum
1108 3557 1136 3605 et
1169 3565 1222 3625 per
1254 3555 1406 3619 centrum,
1442 3547 1542 3627 itaque
1567 3546 1639 3625 fuga
1662 3546 1737 3608 haec

394 3635 529 3714 respiciat
553 3636 632 3697 alius
656 3638 698 3697 rei
723 3647 867 3709 centrum,
893 3657 936 3697 sc.
961 3645 1096 3697 centrum
1119 3635 1230 3696 Terrae
1255 3634 1333 3694 sitae
1357 3643 1443 3696 extra
1466 3644 1601 3696 centrum
1616 3633 1736 3696 mundi.

394 3722 487 3804 Atque
511 3743 549 3784 an
575 3743 633 3785 non
658 3744 773 3798 verum,
808 3745 876 3787 esse
900 3725 1006 3804 gravia
1030 3726 1091 3795 illa,
1125 3742 1201 3802 quae
1226 3724 1263 3782 ad
1289 3724 1389 3783 mundi
1422 3733 1557 3785 centrum
1581 3722 1737 3784 feruntur?

395 3810 441 3874 llla
464 3831 570 3890 nernpe
595 3823 666 3875 sunt
688 3815 802 3893 gravia,
828 3834 903 3895 quae
927 3815 964 3874 ad
989 3814 1101 3874 Terrae
1125 3821 1259 3872 centrum
1290 3812 1432 3873 feruntur.
1481 3811 1543 3872 Sed
1567 3811 1638 3891 quid
1661 3819 1736 3883 tota,

395 3897 490 3980 inquis,
517 3901 636 3963 Terra?
661 3901 772 3963 Gravis
797 3924 834 3963 an
858 3904 934 3964 levis
949 3903 1023 3963 illa?
1045 3903 1193 3962 Neutrum
1209 3901 1356 3961 absolute.
1393 3900 1473 3960 Nam
1488 3900 1592 3961 eadem
1611 3898 1737 3972 ratione,

396 4007 443 4064 qua
464 3990 635 4069 philosophi
655 3992 768 4062 dicunt,
792 3992 875 4061 illam
900 3992 927 4051 in
951 3990 1048 4052 medio
1073 3991 1202 4069 pendere
1227 3988 1369 4068 quietam,
1394 3987 1460 4049 dico
1476 4007 1542 4068 ego,
1568 3996 1599 4048 et
1614 3987 1738 4047 Terram

397 4088 420 4136 et
440 4078 605 4158 quamlibet
633 4081 753 4142 stellam
786 4080 924 4141 mobilem
956 4081 1121 4159 quieturam
1151 4078 1207 4151 ibi,
1241 4095 1496 4157 quorsumcunque
1528 4076 1738 4138 transferatur.

397 4163 533 4227 blateriae
568 4187 673 4246 nempe
703 4169 854 4247 proprium
886 4177 934 4229 cst
964 4168 1057 4248 quies.
1119 4165 1195 4228 Cum
1225 4167 1282 4227 hac
1317 4165 1416 4246 quiete
1449 4174 1593 4244 perpetuo
1625 4172 1740 4245 pugnat
1812 4242 1818 4246 Π

398 4252 478 4315 uirtus
513 4256 582 4330 illa,
618 4276 693 4336 quae
718 4259 841 4318 Terram
865 4266 974 4318 movet.
1023 4258 1124 4336 Atque
1155 4255 1223 4316 inde
1260 4254 1394 4315 nascitur
1428 4253 1563 4316 modulus
1596 4250 1739 4333 temporis

399 4343 538 4415 periodici.
586 4346 664 4407 Nam
696 4346 722 4407 si
756 4346 860 4408 fortior
890 4346 985 4408 virtus
1019 4345 1140 4419 fuisset,
1174 4345 1269 4404 minor
1300 4352 1380 4404 esset
1412 4341 1565 4421 periodica
1597 4340 1740 4422 temporis

400 4430 546 4494 restitutio.
600 4432 633 4493 Si
663 4454 768 4513 nempe
800 4434 837 4494 ad
867 4434 1015 4496 Tellurem
1047 4451 1219 4513 quocunqne
1250 4431 1279 4493 in
1314 4433 1379 4493 loco
1412 4430 1615 4511 quiescentem
1639 4428 1739 4510 appli-

400 4529 503 4581 caretur
527 4520 630 4581 Tellus
660 4523 721 4584 alia
745 4532 776 4584 et
799 4524 904 4601 major,
930 4532 999 4583 tunc
1023 4522 1076 4583 illa
1099 4540 1173 4582 sane
1198 4522 1281 4582 fieret
1310 4518 1411 4599 gravis
1442 4527 1581 4597 respectu
1609 4517 1739 4598 majoris,

400 4609 591 4671 attraheretur
615 4630 642 4671 n.
669 4611 706 4672 ab
732 4611 792 4686 illa,
817 4613 907 4689 plane
931 4612 973 4672 uti
999 4611 1072 4671 haec
1096 4610 1199 4671 Tellus
1224 4608 1339 4688 lapides
1363 4607 1499 4669 attrahit.
1540 4607 1643 4686 ltaque
1667 4624 1739 4684 gra·

405 4695 470 4757 ritas
493 4717 553 4759 non
575 4706 623 4758 est
641 4700 732 4770 actio,
756 4700 809 4761 sed
837 4700 939 4779 passio
961 4699 1070 4779 lapidis
1094 4699 1142 4778 qui
1167 4698 1303 4770 trahitur,
1328 4695 1503 4776 principium
1529 4695 1649 4774 inquam
1663 4694 1740 4774 ejus.

472 4786 513 4847 Et
536 4805 601 4847 curu
617 4787 719 4860 Terra,
747 4799 779 4849 ut
801 4808 935 4866 magnes,
960 4789 1098 4849 attrahat
1117 4788 1223 4866 gravia
1243 4807 1297 4865 per·
1325 4787 1467 4846 effluxum
1491 4784 1740 4856 irmuateriatum,

400 4867 479 4935 Terra
501 4894 554 4954 per
578 4895 662 4937 suam
688 4877 818 4938 animam
846 4878 997 4938 translata
1025 4878 1207 4938 transfertur
1230 4875 1320 4935 etiam
1345 4874 1491 4934 effluxns:
1517 4874 1646 4934 efflurns
1670 4889 1741 4933 vero

401 4964 545 5024 tractorius
578 4963 828 5027 inaestimabilem
861 4966 953 5027 habet
985 4966 1207 5045 proportionem
1232 4965 1270 5024 ad
1295 4962 1523 5042 dispositionem
1546 4960 1640 5033 illam,
1664 4977 1741 5040 quae
1846 4959 1849 4964 ’

401 5058 438 5109 est
457 5050 486 5111 in
510 5052 612 5132 lapide
637 5053 673 5112 ad
710 5055 859 5132 quietem,
894 5054 963 5133 quia
996 5072 1102 5133 corpus
1126 5053 1237 5115 Terrae
1271 5050 1533 5113 inaestimabiliter
1565 5058 1614 5110 est
1646 5048 1742 5128 majus
