4584 6192
1024 582 1271 649 uns-w
1337 585 1342 601 ¹
1781 586 1825 653 oo

466 754 532 803 Η
551 752 595 803 28.
613 752 694 804 lart-
712 755 750 803 ull
768 755 875 819 amplius
899 756 1018 813 referunt,
1046 769 1120 819 qnam
1142 757 1207 806 baec
1230 770 1327 819 panea:
1356 757 1506 808 Ebmrestsr
1524 758 1569 810 &c-
1607 761 1680 810 Dicas
1698 764 1826 827 gerebiebt

466 826 552 879 abda.
576 825 634 873 'eil
652 827 700 874 mir
723 826 893 891 beiliegendea
917 828 1035 889 scriptum
1054 828 1085 875 de
1109 841 1174 876 nora
1192 827 1266 876 stella
1289 828 1477 891 augekommen.
1507 830 1605 879 dasselb
1622 833 1679 882 dem
1697 833 1777 883 Herm
1796 851 1826 883 ru

466 898 666 946 ωιιιιιὶάοι.
704 897 761 946 Bitt
777 912 805 946 ea
823 898 869 945 mir
896 897 1005 947 bernach
1033 898 1124 947 wieder
1152 898 1341 947 zuausebickeu.
1380 898 1467 948 Sarubt
1495 916 1547 950 rrae
1565 902 1618 951 lure
1645 919 1692 953 rou
1715 908 1761 953 nrir
1778 906 1826 953 lieb

466 965 794 1033 adaugmembbc-

550 1072 630 1122 Dar.
652 1073 828 1122 Fabricius
846 1071 944 1135 (comp.
964 1072 1020 1122 Vol
1041 1073 1061 1122 1.
1081 1090 1104 1136 p.
1125 1070 1189 1133 301)
1208 1076 1233 1122 in
1252 1075 1410 1124 obserrandis
1428 1075 1526 1139 quidem
1552 1076 1672 1126 sideribus
1690 1081 1824 1128 versatissi-

466 1159 522 1197 ις.
542 1144 600 1207 plus
619 1144 707 1192 tribuit
725 1144 879 1208 astrologicis
902 1145 1126 1207 speculationibus,
1153 1158 1227 1207 quarn
1247 1155 1273 1193 ut
1292 1147 1317 1194 iu
1345 1144 1452 1207 plryricis
1471 1156 1497 1195 et
1523 1148 1706 1198 mathematicis
1724 1151 1826 1200 liberum

466 1216 505 1279 ’μ’
531 1222 642 1263 restam
664 1214 795 1276 judicium.
839 1215 921 1274 Quam
949 1215 980 1263 ob
1006 1230 1058 1264 rem
1086 1218 1111 1263 in
1140 1216 1217 1264 literis
1242 1216 1276 1265 ad
1298 1216 1434 1279 Keplerum
1461 1217 1527 1266 datis
1555 1218 1712 1281 Optieam
1738 1236 1825 1284 parum

467 1288 551 1350 ugit,
569 1286 761 1349 quermonibua
778 1291 878 1334 tantum
898 1293 928 1333 ut
946 1295 1120 1335 consueverat.
1141 1286 1208 1334 illam
1232 1302 1340 1335 morena.
1388 1286 1555 1350 Keplerur
1576 1291 1705 1353 inceptum
1722 1293 1824 1341 nunciat

467 1379 521 1429 qu
546 1365 573 1413 t
600 1364 625 1413 a
646 1364 706 1413 tutti
726 1361 812 1412 ¹⁸0³:
852 1355 981 1435 Optiea,
1018 1366 1167 1437 quatenus
1201 1358 1303 1435 optica
1333 1358 1468 1432 absolui;
1506 1369 1603 1421 restat
1639 1370 1673 1422 ut
1708 1361 1746 1423 de
1770 1382 1824 1423 usu

469 1446 578 1516 ticam,
611 1445 643 1506 id
672 1455 780 1507 estut
809 1446 864 1507 lv.
895 1445 936 1503 V.
967 1446 1022 1507 l'l.
1050 1445 1219 1507 Ptolemaei
1244 1446 1336 1507 libros
1365 1465 1441 1526 peno
1475 1456 1556 1508 totos
1589 1450 1675 1510 noris
1703 1450 1825 1529 proble-

471 1536 553 1595 aatis
583 1535 766 1612 exprimam.
812 1536 966 1613 lmpressa
994 1553 1051 1593 nou
1081 1544 1161 1594 snut.
1208 1534 1322 1613 Magna
1350 1535 1512 1596 difficultas
1541 1537 1728 1614 imprimendi
1757 1540 1826 1600 erit.

473 1630 528 1681 lta·-
545 1631 571 1680 a
592 1629 619 1679 7.
639 1631 698 1679 teu.
723 1627 790 1677 1604
808 1631 856 1679 use
874 1631 919 1679 dat
937 1630 1066 1680 Fabricio:
1095 1620 1206 1705 Optica
1225 1642 1292 1685 meo
1311 1624 1374 1702 jam
1398 1625 1518 1704 penitus
1542 1626 1659 1686 absolui
1678 1634 1709 1685 et
1732 1636 1823 1706 typos

473 1728 566 1771 omues
584 1711 625 1771 ad
648 1708 712 1773 100
732 1710 855 1788 sculpsi.
879 1711 949 1771 Jarn
973 1711 1060 1773 deest
1075 1711 1194 1771 occasio
1214 1712 1399 1790 imprimendi
1418 1721 1490 1774 ante
1509 1713 1667 1775 nundinas.
1693 1714 1827 1777 Deteuta

474 1819 517 1877 per
536 1818 673 1860 mensem
699 1803 820 1859 luerunt
842 1800 921 1877 apud
946 1797 1110 1860 Caesarem
1133 1817 1188 1877 per
1211 1800 1424 1879 negligentiam
1449 1800 1708 1863 cubiculariorum.

550 1887 702 1935 Absolutum
739 1902 803 1952 opus
839 1890 906 1935 misit
933 1887 1057 1949 Keplerus
1084 1888 1197 1936 Fabricio
1225 1888 1249 1936 d
1280 1886 1320 1937 18.
1344 1888 1407 1937 Dee.
1437 1885 1506 1935 1001
1533 1887 1624 1952 (comp.
1653 1899 1739 1939 annot
1768 1888 1825 1947 00).

550 1958 726 2007 Fabricius
745 1956 782 2018 (d
804 1957 846 2006 12.
866 1960 925 2021 Apr.
948 1954 1029 2018 1005)
1056 1959 1155 2007 scribit:
1184 1958 1299 2021 Opticaru
1326 1971 1396 2007 tuam
1422 1958 1500 2008 obiter
1524 1960 1615 2024 perlegi
1636 1975 1651 2008 a
1671 1961 1825 2011 Cancellario

476 2030 523 2078 rui
540 2028 645 2078 biduum
665 2030 893 2084 communicatam
919 2044 978 2077 narn
997 2030 1123 2092 exemplar
1141 2029 1260 2077 donatum
1284 2030 1393 2078 nondum
1412 2032 1508 2092 accepi.
1544 2030 1632 2079 Placet
1649 2033 1710 2080 mire
1728 2040 1827 2095 propter

479 2102 522 2159 tha
547 2101 662 2164 gravium
690 2115 771 2148 rerum
799 2100 989 2163 explicationem
1017 2107 1043 2149 et
1070 2099 1314 2149 demonstrationem.
1356 2100 1488 2149 Multorum
1516 2101 1600 2150 oculos
1627 2101 1761 2151 illustrabit
1785 2106 1827 2167 qui

479 2170 591 2220 hanua
608 2172 636 2219 in
655 2171 740 2220 media
757 2171 814 2219 luce
833 2172 901 2219 ooeei
919 2171 996 2219 inere.

536 2241 593 2291 Boc
611 2249 718 2305 excepto
737 2241 865 2291 Fabricius
883 2256 944 2305 opus
957 2242 1059 2304 Kepleri
1079 2243 1200 2290 intactum
1219 2242 1325 2304 reliquit,
1343 2241 1421 2289 multa
1439 2243 1568 2291 tamenin
1587 2243 1664 2291 literis
1682 2245 1741 2298 suis,
1760 2259 1827 2293 more

482 2321 590 2362 tratactu
608 2312 752 2361 inordinate
771 2312 802 2361 de
820 2312 969 2376 quibuslibet
993 2313 1116 2360 disserens
1134 2313 1221 2367 rebus,
1240 2314 1325 2366 morit.
1343 2326 1407 2375 quae
1425 2314 1524 2374 optieae
1542 2320 1658 2375 rpectaut
1681 2315 1826 2363 doctrinam.

481 2380 541 2441 Qrae
558 2383 609 2433 bne
628 2385 783 2447 pertinentia
801 2385 826 2432 in
846 2384 952 2431 Fabricii
970 2391 997 2432 et
1013 2382 1116 2445 Kepleri
1134 2382 1211 2432 literis
1229 2384 1321 2431 mutuis
1339 2391 1479 2440 occurrunt,
1497 2398 1547 2432 nou
1565 2391 1664 2433 nutum
1681 2385 1763 2448 optica
1781 2387 1826 2435 sed

481 2456 546 2503 tin
563 2454 752 2503 observationes
771 2456 960 2508 astronomicae.
988 2468 1092 2518 quarum
1114 2454 1223 2516 palmam
1240 2455 1286 2516 ipsi
1305 2454 1458 2503 concedebat
1475 2453 1606 2517 Keplerun
1634 2457 1776 2518 raepiosirue
1794 2457 1828 2506 ad

479 2537 511 2573 tar
526 2540 659 2574 ramnus
678 2540 785 2588 amque
797 2533 887 2573 testem
905 2525 1042 2579 adducem.
1062 2524 1169 2573 collecta
1187 2533 1213 2573 et
1231 2525 1334 2587 singulis
1352 2525 1430 2573 literis
1449 2525 1556 2574 Fabricii
1573 2525 1710 2587 subjunctis
1727 2526 1828 2589 Kepleri

478 2597 666 2660 „amnibus
682 2600 738 2658 jam
756 2596 917 2659 proponenda
936 2610 1066 2644 censemur
1084 2595 1194 2643 ordinem
1213 2603 1345 2659 requenter
1363 2597 1479 2658 temporis
1496 2611 1545 2659 quo
1561 2598 1655 2659 scripta
1672 2604 1738 2645 sunt.

534 2666 566 2717 la
583 2669 737 2731 peruenpto
756 2666 788 2715 ad
808 2667 894 2716 literas
913 2667 938 2715 d.
957 2667 982 2715 d.
1005 2668 1045 2713 11.
1065 2666 1130 2730 Aug.
1153 2664 1220 2715 1602
1239 2669 1337 2730 quaerit
1355 2667 1542 2715 Fabricius:
1561 2681 1594 2716 an
1614 2668 1742 2717 caeruleus
1761 2668 1828 2718 color

480 2737 537 2787 sets
554 2739 589 2786 ait
604 2739 730 2801 proprius,
749 2751 783 2786 an
802 2736 901 2787 oculis?
919 2736 980 2786 ates
997 2739 1124 2787 sententia
1141 2738 1219 2786 coelo.

553 2809 746 2888 Keplerus
769 2809 926 2888 respoudit
944 2815 982 2876 (in
1007 2817 1085 2865 literis
1103 2816 1127 2863 d.
1147 2817 1172 2865 d.
1192 2814 1217 2863 2.
1237 2815 1300 2865 Dee.
1327 2813 1424 2873 tbotlz
1448 2808 1595 2869 Neutmm
1617 2811 1721 2887 probo.
1759 2810 1826 2871 Ne.

478 2913 521 2975 qao
552 2897 631 2959 coeli
663 2906 714 2958 est
745 2917 842 2977 neque
874 2897 962 2958 oculi.
1009 2897 1088 2957 liam
1120 2897 1169 2956 rel
1192 2895 1248 2956 hoc
1272 2896 1318 2957 vel
1352 2896 1403 2957 illo
1428 2897 1517 2957 modo
1541 2904 1571 2957 et
1601 2897 1649 2957 die
1677 2910 1708 2959 et
1739 2908 1826 2960 nocte

479 2986 639 3066 aequaliter
671 2997 854 3059 cerneretur,
889 2985 940 3047 ubi
964 2986 1045 3045 nulla
1069 2985 1118 3045 lun
1147 2983 1202 3044 sed
1235 2984 1475 3045 immanissimis
1507 2986 1718 3064 prolimditotis
1742 2987 1827 3065 niger

479 3075 549 3137 color
571 3074 669 3135 oculis
693 3074 845 3153 objicitur.
894 3076 940 3135 As
963 3073 1012 3133 ubi
1036 3072 1214 3152 protundum
1244 3072 1317 3132 illud
1342 3072 1458 3152 nigrum
1489 3074 1571 3136 tenui
1595 3074 1660 3135 luce
1682 3075 1824 3153 pingitur.

479 3179 508 3223 ex
526 3163 589 3225 albi
613 3169 647 3223 et
670 3162 750 3243 nigri
773 3164 917 3224 mixtione
941 3162 971 3223 in
995 3169 1065 3222 aere
1089 3161 1121 3221 lit
1145 3162 1314 3235 caeruleus,
1339 3162 1425 3224 oculo
1448 3162 1486 3224 ob
1510 3162 1672 3242 peristasin
1695 3164 1823 3225 claritu-

478 3251 543 3313 dinis
566 3252 699 3313 eximiae
724 3251 853 3313 interdiu
878 3252 1015 3312 adsueto.

553 3358 755 3408 Fabricius:
775 3356 978 3406 obsecrationem
997 3356 1094 3419 eclipsis
1107 3354 1199 3405 Solaria
1218 3364 1244 3403 et
1262 3354 1366 3402 Lunaris
1385 3355 1498 3405 desidero
1515 3361 1609 3419 etqua
1626 3358 1723 3407 ratione
1741 3373 1825 3407 rernm

478 3435 563 3493 lupas
579 3435 690 3479 venatur
708 3430 791 3478 meris.
818 3427 926 3488 Quando
945 3428 1094 3477 blaestlinua
1113 3425 1215 3488 eclipsin
1234 3425 1323 3474 Lunae
1341 3426 1480 3476 observarit
1497 3435 1600 3491 utroque
1618 3428 1733 3477 luminari
1750 3443 1824 3492 supra

478 3496 567 3550 lm
585 3502 711 3550 nitente
730 3499 818 3560 (Luna
835 3502 860 3548 in
880 3498 1013 3548 altitudine
1032 3493 1097 3557 201

551 3571 602 3621 b'ix
619 3572 753 3622 rerisimile
771 3571 885 3624 videtote
904 3584 964 3619 uam
983 3570 1099 3619 rehctio
1117 3575 1216 3617 tautum
1234 3584 1283 3616 uon
1301 3568 1435 3631 permittit,
1453 3569 1501 3618 niri
1519 3569 1582 3619 torte
1600 3570 1706 3622 latitrmo
1724 3579 1824 3634 septen·

479 3643 576 3692 unam
594 3643 690 3707 aliquid
709 3642 841 3691 addiderit.
879 3640 979 3704 (Comp.
1000 3639 1058 3702 Opt
1079 3638 1139 3701 Cap.
1160 3639 1205 3688 IV.
1225 3635 1263 3698 Β.)
1370 3664 1374 3669 -

552 3713 599 3763 ffia
617 3728 784 3777 supervenere
797 3713 863 3762 aliae
881 3712 986 3761 Fabricii
1004 3711 1093 3759 literae
1111 3710 1256 3773 complures.
1276 3710 1460 3776 quaestiouibus
1473 3712 1652 3767 astronomicis,
1671 3711 1825 3775 utrologicis

481 3784 618 3848 rtpbpaieis
637 3783 778 3848 completae
796 3780 890 3846 (comp.
909 3782 967 3831 Vol.
980 3782 1001 3831 1.
1021 3798 1045 3844 p.
1060 3776 1134 3840 312),
1153 3782 1260 3844 scriptae
1278 3789 1414 3844 antequam
1425 3780 1548 3842 Keplemr
1566 3783 1701 3844 respondit.
1727 3780 1825 3831 literas

480 3852 534 3904 tt
554 3853 596 3904 18.
615 3854 681 3903 Nor.
702 3853 772 3903 1002
791 3854 942 3905 concludens
961 3853 1049 3902 addit:
1068 3851 1179 3911 Quaeso,
1196 3865 1270 3915 quarn
1287 3853 1392 3914 primum
1410 3850 1469 3899 mibi
1486 3852 1518 3899 ad
1537 3852 1650 3901 residuas
1667 3854 1825 3916 quaestiones

482 3923 658 3982 munuum.
678 3926 842 3990 astrologicae
861 3933 888 3974 et
904 3925 1019 3988 physicas
1038 3923 1205 3985 respondeas,
1227 3930 1256 3971 ut
1273 3932 1315 3970 tuo
1331 3922 1424 3983 judicio
1439 3935 1498 3971 mea
1515 3922 1599 3971 studia
1616 3923 1652 3973 sic
1666 3926 1753 3986 juret:
1781 3929 1825 3971 tuo

484 3994 543 4045 ab
559 3998 655 4060 jndicio
675 4006 775 4045 tantum
793 3997 884 4053 tribuo,
903 4004 931 4043 ut
950 3996 981 4044 de
999 3994 1103 4043 aliorum
1122 4006 1229 4042 censura
1246 3992 1363 4041 rouieitru
1381 4007 1431 4040 non
1449 3994 1504 4041 airu.

554 4067 581 4118 Si
599 4071 627 4116 in
644 4067 769 4118 nereum
788 4075 815 4117 et
828 4066 928 4116 Venere
945 4066 1116 4129 elongatioues
1129 4063 1287 4125 Tycbonicas
1304 4062 1425 4126 qnasdm
1436 4062 1551 4112 babuerit
1570 4063 1714 4127 descripta,
1732 4077 1825 4128 quaeso

486 4135 530 4185 di
546 4140 724 4189 communicer.
762 4138 900 4187 Utiliscims
918 4138 981 4186 talia
998 4142 1082 4184 esseut
1100 4137 1121 4183 ri
1140 4142 1168 4184 et
1185 4133 1334 4182 Mercurium
1353 4133 1540 4198 aggredereria3
1558 4148 1618 4183 nam
1636 4142 1664 4183 nt
1681 4148 1782 4198 corpore
1799 4138 1825 4184 in

486 4208 538 4256 trtle
561 4212 680 4259 inimus
697 4211 737 4258 ita
763 4208 892 4258 effectibus
918 4208 989 4273 quasi
1016 4208 1137 4255 maximus
1156 4220 1210 4255 esse
1230 4204 1333 4254 ridetur.
1368 4203 1435 4253 Nam
1463 4218 1559 4267 temper
1577 4203 1645 4258 Deus
1663 4221 1707 4268 per
1723 4207 1826 4255 minima

487 4282 638 4401 ῃ’.1100οε
639 4281 915 4400 aoxmepr'efflspllegmw
928 4348 1052 4397 Mercurii.
1067 4346 1109 4395 tt.
1122 4345 1192 4411 Sept
1206 4345 1241 4407 (r.
1255 4342 1300 4407 st)
1317 4359 1392 4394 mane
1403 4350 1460 4408 poa
1477 4344 1502 4393 lr.
1516 4341 1542 4393 5.
1561 4344 1697 4395 Mercunus
1716 4345 1827 4395 distabat

489 4415 597 4485 flegun
618 4418 738 4477 19’37‘,
758 4422 803 4471 alt.
824 4416 845 4481 ζ
865 4417 913 4476 o⁰;
932 4434 948 4469 a
967 4420 1036 4468 clara
1054 4418 1110 4468 colli
1131 4413 1152 4481 9
1175 4415 1225 4465 21ο
1243 4415 1277 4472 5‘,
1297 4416 1342 4465 alt
1362 4410 1383 4475 b
1401 4413 1448 4471 δὴ
1467 4414 1491 4464 d
1512 4412 1555 4464 tu.
1574 4414 1644 4479 Sept
1664 4430 1682 4466 a
1698 4410 1822 4479 candui?

492 4482 570 4548 ΙΙὟ,
587 4493 631 4542 alt
651 4488 674 4552 l]
692 4489 742 4547 ⁴⁰:
771 4506 788 4541 a
805 4491 903 4555 Regulo
924 4489 973 4537 25ο
992 4489 1044 4543 17’,
1073 4489 1116 4537 alt
1138 4485 1159 4546 {J
1178 4488 1225 4542 5⁰3
1254 4501 1271 4536 a
1289 4486 1351 4535 collo
1370 4481 1394 4551 0
1416 4481 1465 4533 20·
1489 4481 1578 4549 wls.
1607 4487 1651 4536 alt
1678 4482 1766 4544 ’Μὴ
1785 4486 1826 4536 elie

493 4552 661 4628 itemquo
679 4561 730 4610 ΥΡ
748 4561 802 4621 27’,
823 4558 975 4620 ι1ιζξ5“·;
1005 4562 1046 4610 die
1064 4556 1107 4608 20.
1126 4561 1160 4609 ab
1182 4559 1270 4608 eodem
1296 4554 1344 4604 29⁰
1362 4554 1397 4612 0¹,
1425 4556 1469 4605 alt
1490 4552 1509 4614 ἐξ
1531 4553 1577 4612 ³¹·;
1605 4571 1622 4606 a
1640 4557 1703 4606 collo
1723 4553 1745 4620 ΞΤ
1767 4554 1823 4614 302,

492 4625 525 4675 *ι
537 4629 581 4689 i';
596 4636 639 4685 die
657 4633 700 4682 21.
720 4648 738 4683 a
755 4633 853 4699 Regulo
872 4629 921 4680 30⁰
940 4629 993 4687 48¹.
1013 4631 1057 4680 alt
1077 4626 1117 4688 4⁰,
1137 4644 1153 4680 a
1170 4638 1240 4695 tergo
1260 4624 1282 4692 i)
1305 4624 1354 4676 22·
1372 4624 1424 4685 lb‘,
1444 4626 1487 4676 alt.
1509 4623 1548 4677 ²⁰.
1580 4627 1747 4677 Clarissimum
1766 4635 1825 4676 tunc

493 4707 533 4747 ἢ
546 4706 644 4754 endum

558 4772 596 4824 lle
613 4778 697 4826 cantia
716 4775 863 4825 mutationis
881 4775 946 4823 aeris
964 4771 1097 4836 dibgenter
1114 4772 1188 4821 selim
1208 4772 1317 4835 cogitet.
1343 4783 1377 4818 au
1395 4783 1426 4818 ea
1443 4768 1575 4831 eclipsibus
1593 4770 1631 4818 rel
1649 4767 1826 4818 mutationibus

494 4839 1740 4909 h'abnlhtsstptasdpuedstempominiuieffeemnmsclipdnmcogimtiouesimtimu
1765 4852 1826 4889 nan

494 4905 549 4961 ‘lto
563 4926 655 4968 m
672 4917 806 4966 veritatem
824 4917 938 4982 attigisse
956 4930 1006 4964 nou
1024 4920 1091 4976 puto.

560 4988 645 5045 badio.
662 4997 691 5037 te
709 5002 800 5036 noram
818 4995 898 5037 artem
923 4984 1029 5035 ducendi
1048 4998 1128 5049 aquae
1151 4985 1292 5037 inveniatet
1315 4996 1408 5047 quaeso
1433 4980 1525 5046 aliquid
1545 4982 1656 5043 aperiat.
1674 4979 1733 5045 quid
1751 4981 1782 5029 ait
1800 4989 1827 5029 et

494 5057 596 5112 Μ
613 5057 649 5121 (r.
668 5072 690 5107 a.
708 5073 734 5122 p.
751 5054 810 5119 01)

561 5129 707 5181 um
722 5126 863 5178 man
879 5126 997 5178 caesui·
1015 5123 1141 5189 liudolpbi
1158 5124 1290 5188 diligunt
1307 5123 1444 5173 οδκηω.
