4584 6192
550 588 616 658 832
1043 588 1215 638 omnam„
1231 588 1293 639 ru
1311 587 1411 652 opaca

549 765 722 845 speculator
744 764 871 835 futurus,
896 763 926 823 in
949 764 1014 842 ejus
1036 762 1202 824 meditullio
1226 782 1279 823 ceu
1302 763 1332 822 iu
1356 763 1459 823 clauso
1487 759 1624 821 cubiculo
1652 758 1817 830 resideret;
1846 776 1905 838 quo

548 854 636 915 modo
669 853 708 913 ad
741 851 1022 930 contemplationem
1051 861 1113 911 tarn
1146 860 1327 913 remotomm
1361 850 1491 911 siderum
1522 865 1671 927 nunquam
1703 846 1904 927 pervenisset,

549 942 618 1023 quin
642 941 742 1021 potius
766 940 797 1001 in
820 940 876 1000 hoc
899 941 1082 1019 amplissimo
1107 940 1257 1012 aedilicio,
1288 940 1489 1000 translatione
1513 955 1612 997 annua
1635 936 1779 1010 Telluris,
1804 935 1905 995 domi·

550 1030 610 1092 cilii
634 1030 688 1103 sui,
714 1028 961 1090 circumambulat
983 1038 1016 1089 et
1029 1028 1188 1109 spatiatur,
1212 1037 1247 1089 ut
1261 1027 1380 1106 singula
1398 1029 1503 1088 domus
1525 1023 1658 1088 membra
1682 1033 1768 1085 tanto
1792 1024 1906 1085 rectius

549 1118 658 1182 intueri
683 1124 714 1178 et
737 1116 865 1178 dimetiri
888 1117 995 1197 possit.
1044 1117 1149 1179 Simile
1174 1116 1243 1197 quid
1268 1134 1317 1178 ars
1341 1116 1525 1196 geometrica
1548 1115 1576 1175 iu
1598 1113 1790 1175 dimetiendis
1813 1112 1906 1175 rebus

549 1206 713 1268 inaccessis
737 1205 881 1267 imitatur.
926 1205 995 1267 Nisi
1019 1206 1097 1267 euim
1129 1224 1249 1267 mensor
1273 1205 1312 1266 ab
1335 1225 1395 1267 uua
1427 1204 1559 1268 statione
1583 1204 1623 1264 ad
1646 1202 1737 1263 aliam
1766 1210 1907 1263 trauseat

550 1304 583 1357 et
605 1295 741 1375 utrinque
765 1293 907 1366 collimet‚
932 1295 971 1355 ad
994 1313 1164 1356 mensuram
1187 1293 1354 1374 expetitam
1377 1293 1533 1372 pervenire
1556 1312 1616 1353 nou
1638 1299 1751 1371 potest.

632 1384 674 1446 ,In
697 1381 812 1444 ratione
827 1382 999 1464 Tychonica
1022 1384 1064 1444 sit
1076 1386 1108 1445 A
1121 1385 1225 1451 Terra.
1249 1392 1383 1445 centrum
1397 1380 1451 1443 BC
1475 1380 1557 1442 orbis
1577 1380 1658 1442 Solis
1673 1386 1704 1441 et
1719 1379 1774 1441 DF
1788 1379 1906 1458 sphae-

550 1491 603 1536 rae
627 1473 760 1533 fixarum.
807 1469 899 1533 Sidus
922 1472 1017 1534 sitin
1041 1470 1086 1546 G,
1120 1482 1153 1535 et
1175 1472 1328 1552 proportio
1352 1471 1442 1533 trium
1466 1472 1611 1532 linearum
1634 1470 1710 1541 BA,
1735 1466 1811 1541 AG,
1836 1467 1906 1540 AB,

549 1561 711 1624 sensibilis.
745 1559 815 1621 Sint
833 1561 928 1640 primo
951 1560 982 1621 A
1000 1562 1104 1634 Terra,
1130 1560 1155 1624 G
1177 1560 1240 1635 Sol,
1265 1559 1296 1621 G
1315 1560 1399 1621 sidus
1423 1560 1451 1620 iu
1476 1560 1582 1620 eadem
1607 1568 1700 1630 reeta,
1726 1556 1907 1637 eritparal-

550 1649 627 1712 laxis
651 1650 740 1722 nulla,
767 1649 837 1728 quia
860 1648 919 1711 OG
942 1658 974 1710 et
996 1649 1067 1725 AG,
1093 1651 1190 1711 lineae
1213 1669 1251 1711 ex
1267 1648 1340 1711 Sole
1359 1657 1390 1710 et
1409 1649 1504 1710 Terra
1522 1648 1551 1709 in
1571 1648 1654 1708 sidus
1675 1648 1794 1719 ductae,
1819 1646 1906 1706 coin-

550 1739 661 1801 cident.
699 1736 748 1799 Sit
767 1739 833 1817 jam
857 1736 910 1799 Sol
934 1758 991 1799 non
1016 1737 1090 1800 inc
1116 1740 1170 1800 sed
1193 1739 1223 1800 in
1246 1738 1282 1813 Β,
1308 1747 1340 1799 et
1364 1738 1443 1799 linea
1465 1738 1522 1800 AB
1546 1744 1696 1798 monstret
1718 1734 1747 1795 in
1762 1735 1791 1796 D
1807 1734 1906 1795 locum

552 1825 634 1891 Solis
658 1826 713 1887 sub
737 1826 812 1887 fixis.
857 1825 900 1887 Et
923 1827 992 1907 quia
1016 1826 1069 1890 Sol
1092 1827 1123 1888 in
1146 1828 1182 1902 B,
1207 1828 1238 1888 id
1260 1835 1402 1906 puuctum
1425 1835 1487 1902 est,
1518 1826 1557 1887 ad
1581 1826 1660 1905 quod
1684 1823 1787 1906 Tycho
1811 1823 1908 1885 refert

551 1915 794 1978 eceentricitates
818 1923 850 1975 et
873 1933 1010 1997 apogaea
1031 1925 1188 1997 motusque
1208 1915 1359 1994 simplices
1374 1915 1489 1977 orbium
1508 1916 1708 1995 planetarum,
1733 1911 1908 1974 innotescat

552 2022 624 2084 ergo
659 2023 696 2064 ex
724 2004 922 2079 astronomia,
958 2013 1086 2084 quantus
1119 2006 1161 2067 sit
1193 2006 1320 2084 angulus
1344 2002 1433 2065 DBG
1461 2006 1539 2066 inter
1561 2003 1673 2065 lineam
1695 2022 1734 2063 ex
1756 2000 1828 2064 Sole
1852 2018 1908 2079 per

552 2093 677 2155 Terram
699 2102 732 2153 et
755 2094 863 2155 lineam
888 2113 925 2154 ex
946 2092 1017 2155 Sole
1040 2112 1095 2174 per
1113 2095 1212 2168 sidus;
1237 2103 1268 2155 et
1287 2094 1326 2154 ad
1344 2094 1374 2154 id
1393 2094 1493 2174 ipsum
1511 2101 1694 2155 momentum
1717 2109 1771 2171 per
1788 2090 1905 2151 instru-

552 2189 655 2244 menta
686 2181 857 2243 innotescat
884 2182 911 2243 Ε
941 2183 1024 2244 locus
1056 2183 1165 2245 sideris
1189 2183 1218 2244 G
1241 2183 1297 2244 sub
1330 2183 1416 2256 fixis,
1450 2182 1500 2263 qui
1532 2201 1570 2244 ex
1597 2182 1692 2243 Terra
1714 2182 1744 2243 A
1767 2187 1906 2259 apparet,

552 2270 713 2334 habebitur
735 2288 806 2352 ergo
839 2291 926 2333 arcus
958 2272 1037 2333 inter
1060 2273 1087 2334 D
1112 2273 1210 2334 locum
1233 2270 1315 2333 Solis
1338 2280 1370 2333 et
1392 2272 1419 2333 B
1443 2272 1540 2334 locum
1572 2270 1681 2332 sideris
1713 2269 1827 2344 visum,
1857 2267 1908 2346 qui

555 2370 604 2423 est
635 2378 775 2423 mensura
807 2360 893 2421 DAB
928 2360 1039 2440 auguli.
1086 2361 1128 2424 Bt
1161 2361 1231 2442 quia
1253 2360 1406 2442 proportio
1429 2360 1489 2422 BA
1517 2361 1556 2422 ad
1580 2358 1642 2421 AG
1665 2367 1714 2421 est
1741 2356 1906 2431 sensibilis,

552 2447 579 2514 B
603 2467 674 2511 voro
699 2457 786 2510 extra
817 2449 927 2511 lineam
955 2447 1032 2524 AG,
1055 2449 1277 2512 inclinabuntur
1300 2450 1392 2530 igitur
1413 2447 1473 2512 BG
1503 2458 1536 2511 et
1556 2447 1619 2512 AG
1643 2449 1757 2522 lineae,
1791 2446 1908 2525 eritque

453 2566 456 2571 ·
554 2537 681 2619 angulus
713 2536 802 2599 DBG
833 2538 968 2619 aequalis
1001 2539 1119 2619 augulis
1151 2536 1258 2613 BAG,
1291 2537 1380 2601 AGB
1409 2539 1536 2618 junctis.
1581 2539 1633 2601 Ita
1662 2536 1788 2599 scibitur
1816 2533 1909 2597 BGA

553 2624 734 2710 parallaxis,
768 2645 942 2707 rursumque
967 2636 1000 2688 ut
1022 2627 1104 2708 prius
1128 2628 1299 2690 innotescet
1321 2627 1475 2708 proportio
1498 2625 1558 2690 BG
1581 2626 1746 2688 distantiae
1769 2623 1853 2687 Solis
1877 2631 1910 2684 et

555 2714 678 2790 sideris,
711 2714 760 2775 vel
783 2712 846 2777 AG
874 2716 1039 2778 distantiae
1063 2718 1174 2779 Terrae
1207 2726 1239 2779 et
1269 2716 1377 2779 sideris
1409 2718 1448 2779 ad
1478 2716 1537 2778 BA
1564 2715 1742 2778 distantiam
1765 2712 1849 2777 Solis
1877 2721 1911 2773 et

497 2800 504 2814 '
555 2803 678 2868 Terrae.
724 2803 790 2864 Hoc
813 2804 909 2866 solum
942 2812 991 2868 est
1014 2805 1208 2881 discriminis,
1234 2805 1313 2887 quod
1335 2806 1384 2867 hic
1406 2805 1461 2868 EF
1483 2824 1542 2868 non
1566 2813 1615 2867 est
1635 2802 1813 2886 parallaxis,
1838 2801 1911 2882 quia

556 2911 615 2956 non
643 2911 784 2954 mensura
811 2893 913 2975 anguli
934 2891 1025 2957 BGA
1047 2896 1096 2957 vel
1119 2893 1215 2958 EGF.
1261 2893 1343 2965 Quia
1374 2894 1452 2956 enim
1484 2895 1637 2976 proportio
1670 2894 1815 2955 linearum
1839 2891 1909 2960 BA,

556 2979 615 3046 AD
639 2989 687 3042 est
710 2979 880 3058 sensibilis,
905 2990 937 3046 et
960 2984 991 3048 A
1013 2992 1147 3047 centrum
1171 2984 1235 3058 DF,
1260 3002 1332 3062 ergo
1354 2983 1381 3044 B
1405 2984 1590 3046 sensibiliter
1612 2980 1739 3045 distabit
1761 3002 1782 3043 a
1804 2990 1911 3045 centro

555 3069 620 3145 Dr,
644 3088 736 3151 qnare
754 3069 810 3131 DF
830 3091 891 3134 uon
914 3071 1055 3135 metietur
1078 3075 1217 3155 angulum
1231 3073 1314 3134 DBF
1337 3072 1376 3134 ad
1399 3092 1530 3146 sensum,
1555 3091 1650 3153 nsque
1669 3069 1909 3151 junctosBAG‚

554 3156 644 3224 AGB
676 3158 720 3220 illi
751 3161 905 3239 aequales.
953 3159 1016 3224 Sed
1047 3162 1103 3224 ΒΕ
1135 3162 1259 3224 metitur
1290 3161 1431 3240 angulum
1458 3161 1545 3224 ΒΑΕ
1578 3162 1626 3224 vel
1649 3160 1739 3224 BAG
1771 3161 1911 3235 seorsim,

556 3248 677 3312 residua
701 3266 771 3327 ergo
794 3248 848 3312 Er
870 3269 926 3311 non
961 3252 1085 3314 metitur
1112 3252 1262 3314 residuum
1285 3249 1390 3327 AGB,
1417 3253 1470 3314 sed
1494 3252 1624 3314 interest
1644 3250 1798 3314 sensibilis
1822 3250 1913 3313 dilie-

556 3337 675 3400 tentia:
710 3337 788 3417 quod
812 3338 960 3401 cautionis
984 3340 1049 3402 loco
1074 3339 1230 3402 dicendum
1254 3338 1328 3415 fuit,
1360 3359 1507 3421 nequem
1531 3342 1650 3421 lugeret
1672 3342 1747 3404 baec
1769 3341 1850 3403 ratio
1874 3359 1914 3401 ex

557 3444 618 3488 nna
641 3426 736 3485 forma
759 3424 787 3484 iu
813 3427 903 3488 aliam
928 3436 1141 3491 transeuntem
1435 3508 1437 3511 Ι

648 3511 765 3583 Quibus
789 3514 889 3597 itaque
912 3516 1066 3597 principiis
1090 3517 1199 3598 opticis
1223 3516 1360 3579 doctrina
1391 3517 1603 3597 parallaxeon,
1637 3520 1692 3580 hoc
1717 3526 1768 3581 est
1790 3520 1828 3579 de
1852 3518 1914 3579 situ

558 3600 690 3664 siderum
713 3600 873 3678 niteretur,
900 3606 976 3667 satis
1000 3626 1052 3687 pro
1077 3606 1218 3669 instituta
1239 3607 1388 3668 brevitate
1409 3607 1591 3685 explicatum
1606 3628 1674 3670 esse
1693 3617 1774 3687 puto.
1799 3606 1916 3668 Restat

560 3699 594 3754 nt
618 3692 654 3753 de
678 3688 808 3754 motibus
832 3694 923 3756 etiam
948 3714 1105 3774 corporum
1127 3694 1271 3763 dicamus,
1295 3715 1332 3756 ue
1357 3694 1427 3775 quid
1451 3714 1552 3759 eornm
1570 3705 1779 3777 praetereatur
1800 3696 1833 3757 in
1855 3697 1914 3757 hoc

559 3778 671 3855 libello,
696 3797 772 3859 quae
796 3780 825 3844 in
849 3784 1034 3845 astronomia
1057 3785 1276 3866 quadamtenus
1300 3803 1338 3845 ex
1361 3784 1459 3864 opticc
1483 3786 1676 3864 dijudicanda
1698 3793 1780 3848 sunt.

777 3918 807 3984 6.
845 3921 1103 4002 Appendicula
1126 3925 1167 3985 de
1192 3943 1302 3986 curva
1324 3933 1550 3987 cometarum
1574 3926 1699 3988 cauda.

649 4044 708 4116 Qui
732 4045 768 4106 dc
789 4044 994 4108 incurvatione
1013 4049 1126 4109 candae
1150 4050 1180 4110 in
1200 4055 1318 4110 cometa
1336 4048 1407 4109 anni
1427 4046 1479 4110 77.
1504 4068 1543 4109 ex
1563 4049 1701 4111 doctrina
1714 4048 1917 4128 parallaxium

561 4135 605 4198 sic
629 4134 830 4213 disputarunt,
856 4154 892 4196 ac
915 4135 941 4196 si
965 4136 1040 4197 haec
1064 4137 1223 4199 curvitatis
1247 4138 1411 4217 phantasia
1433 4137 1461 4198 in
1486 4137 1613 4199 diversis
1634 4138 1818 4200 diversamm
1842 4155 1915 4217 par-

560 4222 635 4284 tium
659 4222 772 4282 caudae
796 4222 1001 4301 parallaxibus
1025 4224 1216 4299 consisteret,
1241 4244 1335 4306 neque
1360 4226 1475 4287 caudae
1498 4226 1557 4305 ipsi
1576 4246 1646 4288 vere
1666 4226 1796 4288 inesset:
1822 4227 1842 4288 ii
1857 4245 1916 4305 pa·

560 4309 720 4373 rallaxium
744 4310 894 4391 negotium
919 4332 976 4373 non
1000 4311 1077 4374 satis
1099 4315 1307 4395 perpenduut;
1331 4333 1385 4376 nec
1404 4313 1521 4393 opticos
1540 4323 1622 4377 recte
1642 4315 1787 4395 allegant,
1811 4314 1919 4395 utqui

560 4396 598 4462 iia
622 4396 650 4458 in
676 4397 749 4460 locis
773 4418 830 4460 uon
855 4399 892 4460 de
916 4400 1105 4463 aberratione
1133 4403 1216 4465 visus
1248 4403 1329 4464 circa
1361 4403 1616 4475 incurvationem,
1649 4404 1703 4465 sed
1727 4405 1763 4464 de
1787 4422 1862 4466 vera
1886 4410 1920 4464 et

561 4485 696 4567 legitima
719 4486 835 4549 visione
860 4488 1045 4569 obliquitatis
1069 4500 1173 4570 agunt.
1216 4489 1332 4561 Quodsi
1360 4509 1430 4554 vere
1461 4492 1629 4573 parallaxis
1653 4511 1690 4552 ex
1713 4492 1806 4554 rectis
1825 4510 1919 4554 curva

562 4578 750 4650 ostenderet,
780 4576 845 4656 jam
877 4595 936 4639 nou
964 4596 1068 4640 verum
1100 4587 1198 4654 esset,
1235 4597 1352 4642 omnem
1375 4580 1485 4642 lineam
1513 4588 1628 4642 rectam
1651 4581 1919 4661 quomodocunque

562 4673 739 4741 extensam,
769 4684 807 4725 ex
830 4672 933 4727 centro
957 4666 1058 4729 mundi
1082 4667 1218 4730 sensibili
1241 4676 1449 4749 perspectam,
1480 4669 1615 4731 omuibus
1639 4670 1701 4731 suis
1724 4670 1864 4750 partibus
1887 4671 1921 4731 in

561 4753 703 4816 circulum
726 4752 856 4835 aliquem
879 4753 1041 4818 maximnm
1064 4758 1223 4837 quadrare.
1270 4756 1371 4828 Quare
1395 4755 1466 4818 falsi
1497 4766 1601 4821 essent
1629 4758 1709 4820 modi
1737 4758 1921 4821 observandi

561 4840 630 4905 loca
652 4842 783 4905 siderum
804 4860 860 4922 per
881 4841 961 4905 filum
989 4854 1021 4907 et
1042 4863 1098 4926 per
1119 4846 1250 4926 regulas.
1296 4844 1395 4925 Igitur
1416 4853 1451 4910 nt
1473 4866 1565 4927 supra
1588 4846 1688 4927 capite
1711 4847 1769 4908 VI.
1794 4847 1918 4923 dictum,

563 4927 624 4994 alia
647 4930 805 4994 curvitatis
828 4930 916 5010 hujus
941 4934 1060 4997 occasio
1091 4934 1263 5016 quaerenda
1286 4944 1347 5009 est,
1378 4943 1444 5010 aut,
1472 4936 1499 4998 si
1522 4935 1629 5016 nequit
1649 4934 1789 5011 inveniri,
1824 4936 1921 4999 relin-

564 5017 712 5100 quendum
735 5017 792 5081 hoc
813 5018 1041 5100 phaenomenon
1064 5021 1143 5086 inter
1166 5041 1278 5085 arcana
1301 5030 1437 5086 naturae.

1119 5176 1362 5193 m
