4584 6192
922 538 1043 590 derebus
1063 537 1165 603 Optlola.
1683 535 1725 603 69

366 712 498 775 rotulam
531 731 669 778 aeneam,
691 712 884 792 aequilibrem
916 713 1065 794 undique,
1101 713 1129 774 in
1163 721 1266 775 centro
1299 714 1402 776 stilum
1434 722 1553 776 acutum
1585 716 1724 797 utrinque

365 801 605 881 prominentem,
633 808 777 881 tanquam
805 821 893 863 axem
921 813 1017 864 rotae.
1064 801 1125 863 Sed
1155 804 1242 864 stilus
1266 802 1383 864 rotulae
1413 804 1618 883 agglutinatus
1649 814 1724 877 erat,

369 889 545 969 erigebatur
577 889 770 951 exactissime
803 890 842 950 ad
874 892 1117 969 perpendiculum
1149 900 1181 952 et
1207 891 1236 951 in
1271 891 1328 953 duo
1362 891 1498 953 acumina
1530 892 1727 955 subtilissima

368 978 539 1040 desinebat.
602 979 710 1058 Itaque
744 980 843 1040 rotula
876 979 913 1040 ad
949 980 1070 1059 planum
1104 980 1267 1041 horizontis
1306 980 1593 1059 perpendiculariter
1625 989 1726 1043 erecta

367 1067 516 1129 manebat
543 1067 573 1127 in
609 1068 688 1128 omni
721 1067 780 1128 situ
814 1088 868 1128 nec
901 1068 1127 1153 revolvebatur:
1153 1077 1358 1147 argumentum
1391 1068 1595 1148 aequalitatis.
1648 1069 1726 1131 Huic

367 1155 470 1236 itaque
495 1156 615 1217 rotulae
638 1156 677 1216 ab
701 1156 944 1217 extremitatibus
969 1157 1102 1236 eJ'nsdem
1126 1156 1264 1218 diametri
1288 1158 1336 1217 filo
1361 1158 1489 1219 annexui
1513 1158 1569 1221 duo
1591 1158 1726 1237 pondera

367 1243 557 1325 inaequalia:
582 1243 688 1305 statim
702 1245 780 1323 quod
800 1245 896 1305 minus
912 1244 940 1305 in
960 1245 1057 1324 ipsum
1076 1245 1220 1307 verticem
1240 1246 1386 1307 ascendit.
1423 1247 1530 1326 Itaque
1554 1246 1726 1326 quaerenda

368 1342 415 1396 est
437 1332 571 1395 librandi
594 1334 674 1394 ratio
699 1332 729 1394 in
752 1333 825 1394 solis
850 1333 980 1394 brachiis
1004 1342 1036 1395 et
1058 1334 1101 1395 sic
1126 1335 1292 1414 agendum,
1317 1353 1352 1395 ac
1376 1335 1402 1396 si
1431 1334 1564 1415 pondera
1587 1353 1724 1415 appensa

369 1432 472 1484 esseut
496 1421 571 1502 ipsis
594 1421 736 1483 brachiis.
777 1421 943 1483 Dicendum
964 1422 1059 1502 igitur
1077 1423 1133 1484 hoc
1158 1424 1272 1483 solum:
1298 1441 1388 1502 quare
1412 1423 1536 1485 brachia
1558 1422 1725 1502 inaequalis

368 1510 511 1592 ponderis
534 1509 652 1571 directa
674 1518 777 1571 tameo
804 1510 835 1571 in
858 1510 983 1572 eandem
1009 1510 1118 1572 lineam
1142 1512 1251 1589 angulo
1272 1510 1330 1572 alio
1354 1520 1444 1592 atque
1460 1511 1520 1572 alio
1543 1531 1596 1590 pro
1622 1511 1724 1572 diver-

370 1599 460 1662 sitate
491 1598 696 1678 proportionis
725 1598 889 1677 ponderum
921 1599 1108 1662 inclinentur.
1157 1601 1251 1680 Atqui
1271 1600 1336 1678 jam
1366 1601 1504 1662 coniecta
1527 1619 1575 1661 res
1606 1599 1725 1659 videtur

371 1689 406 1750 ab
428 1688 625 1762 Archimede,
650 1687 720 1748 dum
743 1687 833 1747 docet
850 1687 982 1749 iuvenire
1003 1697 1135 1750 centrum
1157 1689 1329 1767 gravitatis.
1367 1687 1489 1768 Cogita,
1509 1706 1628 1768 quaeso,
1655 1705 1725 1748 narn

371 1784 401 1838 ct
422 1795 480 1857 ego
503 1795 560 1858 per
583 1776 676 1837 otium
700 1775 840 1854 cogitabo
864 1777 901 1836 de
925 1776 980 1837 hoc
1004 1777 1187 1855 diligentius.

455 1864 504 1926 De
527 1864 628 1925 iride
651 1883 728 1943 pene
752 1883 834 1925 eram
859 1864 980 1926 oblitus.
1019 1866 1101 1926 Doce
1125 1884 1181 1938 me,
1207 1866 1285 1944 quod
1309 1884 1401 1944 supra
1423 1864 1507 1944 petii,
1532 1881 1607 1943 quae
1632 1881 1725 1924 causa

371 1954 502 2015 colurum
532 1954 561 2013 iu
600 1952 846 2024 refractiouibus,
878 1961 909 2014 et
937 1954 1062 2015 ostende
1096 1954 1308 2015 refractionum
1347 1954 1476 2015 omniurn
1512 1971 1668 2013 mensuras
1695 1950 1725 2010 in

371 2042 584 2122 experimentis
609 2042 783 2115 tuis,’tnnc
807 2049 909 2102 cetera
932 2043 1032 2103 omnia
1055 2051 1143 2103 erunt
1166 2043 1326 2122 expedita;
1355 2041 1454 2120 posito
1479 2051 1579 2102 tamen
1604 2040 1724 2112 ethos,

372 2130 445 2210 qnod
471 2137 594 2191 constet
617 2130 720 2208 pluvia
743 2148 781 2190 ex
799 2130 894 2207 guttis
917 2132 1053 2209 praecise
1078 2130 1222 2192 rotundis.
1260 2132 1339 2191 Nam
1361 2139 1394 2191 ut
1417 2131 1444 2191 in
1469 2138 1536 2191 tota
1558 2148 1591 2190 re
1614 2128 1724 2205 optica,

373 2220 411 2280 sic
433 2218 484 2280 hic
508 2236 627 2298 quoque
652 2217 736 2279 iridis
761 2218 979 2280 demonstratio
1010 2220 1123 2299 pendet
1145 2239 1203 2280 nou
1228 2239 1247 2278 a
1270 2227 1336 2280 tota
1359 2218 1436 2280 nube
1460 2219 1509 2279 vel
1533 2218 1596 2298 ejus
1620 2218 1723 2294 figura,

372 2307 421 2369 sed
450 2307 491 2368 ab
521 2306 679 2367 elementis
708 2307 772 2386 ejus
800 2306 943 2382 minimis,
978 2327 1053 2387 qnae
1084 2316 1156 2369 sunt
1186 2308 1315 2368 rotunda
1342 2308 1528 2386 corpuscula.
1581 2306 1726 2367 Testetur

372 2395 461 2475 igitur
489 2394 694 2475 experientia,
726 2395 805 2473 quod
828 2395 857 2455 in
887 2396 967 2457 omni
997 2406 1097 2475 gutta,
1128 2415 1204 2476 qnae
1229 2397 1272 2457 sic
1296 2405 1344 2457 est
1366 2394 1479 2475 posita,
1509 2404 1543 2456 nt
1566 2394 1663 2455 lineae
1687 2409 1726 2451 ex

373 2483 464 2546 iliain
480 2481 585 2545 Solem
601 2491 632 2544 et
647 2483 676 2544 in
701 2483 817 2544 oculum
841 2483 967 2564 eductae
993 2486 1105 2547 faciant
1129 2484 1270 2562 angulum
1286 2481 1356 2559 45⁰,
1382 2485 1498 2545 colores
1522 2484 1723 2544 efflorescant

372 2571 412 2636 Ut
431 2573 458 2634 si
483 2572 588 2634 oculus
613 2569 648 2646 C,
673 2580 762 2651 gutta
784 2572 824 2645 Α,
850 2570 931 2633 Solis
956 2574 1033 2635 radii
1058 2575 1114 2634 BH
1359 2573 1411 2637 rig.
1432 2569 1475 2620 ³⁵·

374 2661 416 2723 vel
439 2659 504 2723 CF.
553 2659 629 2722 Cum
657 2660 749 2738 igitur
777 2661 835 2720 duo
863 2662 939 2722 radii
964 2663 1031 2734 BH,
1058 2660 1160 2725 Gon
1604 2681 1609 2701 ¹

373 2757 498 2828 tangant
526 2758 644 2828 guttam
672 2749 703 2810 A
729 2749 815 2829 (quia
846 2767 900 2827 per
933 2760 1113 2825 contactum,
1160 2674 1226 2928 [N
1544 2720 1581 2824 s

374 2845 513 2918 tanquam
537 2855 592 2916 per
614 2855 737 2898 causam
761 2836 825 2898 sine
849 2855 908 2916 qua
932 2859 1000 2907 non,
1026 2841 1113 2899 efflo-
1218 2831 1251 2899 h
1512 2828 1544 2920 ‘f'

373 2934 490 2989 meunt
535 2925 683 2999 colores),
731 2925 857 2987 interest
901 2925 993 3005 igitur
1037 2927 1115 2989 inter
1160 2941 1162 2952 ⁴
1503 2925 1512 2948 ‘

374 3023 526 3095 utrumque
546 3022 716 3075 contactum
737 3033 824 3075 arcus
841 3011 901 3075 GH
922 3010 1010 3087 135⁰,
1029 3016 1113 3095 cnjus

374 3101 523 3166 dimidium
540 3102 588 3163 Hl
610 3095 726 3182 67¹120,
750 3101 811 3164 etl
833 3103 891 3163 erit
914 3104 997 3165 locus
1021 3124 1113 3166 cavus

374 3191 536 3272 superficiei
568 3190 759 3272 posterioris,
798 3192 827 3251 io
861 3209 946 3270 quem
986 3204 1113 3271 tangens

373 3279 424 3342 BH
464 3289 537 3361 post
581 3279 791 3341 refractionem
838 3279 952 3341 incidit.
1017 3282 1114 3357 Igitur

375 3379 498 3449 tangens
535 3368 594 3429 ΒΗ
636 3368 810 3445 refringitur
850 3369 959 3447 angulo
996 3366 1038 3433 33
1049 3364 1111 3449 ³l,⁰,

375 3458 446 3537 qnod
473 3476 581 3538 parum
609 3456 679 3517 mihi
708 3456 843 3529 videtnr;
879 3475 946 3517 nam
976 3456 1005 3518 in
1034 3478 1113 3538 aqna

373 3546 470 3608 uideor
497 3546 579 3608 ultra
602 3542 664 3608 37ο
692 3545 940 3623 deprehendisse,
971 3546 1028 3607 nisi
1056 3546 1113 3607 hoc
1156 3567 1159 3610 ;

374 3633 540 3708 dixerimus,
566 3653 675 3714 aquam
698 3634 830 3714 pluviam
855 3642 886 3695 et
905 3634 1002 3695 adlrnc
1026 3636 1111 3714 quasi
1156 3647 1158 3684 Ι

374 3732 519 3804 opeuoem
544 3742 612 3784 esse
636 3723 780 3784 rariorem
803 3731 909 3784 nostra
936 3731 1110 3802 stagnante,
1129 3695 1159 3792 ei

375 3810 467 3892 itaque
493 3819 525 3874 et
548 3810 678 3873 minores
701 3812 767 3891 ejus
795 3811 1002 3873 retractiones.
1049 3811 1111 3873 Sed

376 3900 464 3975 dicas,
490 3920 583 3981 quare
614 3909 769 3981 utrumque
795 3900 910 3961 radium
942 3909 972 3960 et
994 3901 1050 3961 BH
1082 3909 1113 3962 et

379 3986 425 4051 GC
448 3989 526 4052 lacis
550 4000 676 4069 tangere
695 3989 837 4069 guttam?
861 3989 976 4051 Dicam.
1009 3989 1110 4052 Primo

378 4078 482 4140 radium
513 4076 597 4140 Solis
625 4079 703 4139 facio
732 4084 921 4157 tangentem,
951 4088 1110 4159 utsupra,

381 4165 518 4246 quianon
545 4166 680 4228 existunt
703 4168 818 4229 colores
838 4166 896 4227 nisi
916 4165 964 4227 ubi
988 4167 1111 4229 refracti

381 4253 477 4332 quiex
499 4263 643 4317 contactu
663 4254 785 4318 veniunt
804 4255 947 4318 incidunt.
981 4255 1110 4317 Rodium

381 4357 439 4404 raro
451 4345 529 4406 oculi
541 4345 619 4406 facio
634 4352 818 4424 tangentem,
831 4344 900 4423 quia
912 4344 970 4405 nisi
983 4352 1109 4424 tangens

382 4447 427 4492 non
448 4432 552 4495 incidit
570 4434 601 4495 in
615 4433 640 4508 I,
665 4434 762 4495 locum
785 4434 934 4506 colorum;
956 4453 1023 4494 nam
1039 4441 1072 4494 ut
1094 4454 1321 4518 repercussuum
1338 4432 1381 4493 sic
1395 4431 1488 4494 etiam
1508 4427 1719 4490 refractiooum

382 4521 469 4598 anguli
491 4530 563 4584 sunt
586 4523 728 4603 aequales
752 4521 941 4584 incidentiae.
989 4523 1082 4585 Porro
1102 4528 1208 4589 eadem
1231 4521 1451 4586 demonstratio
1475 4518 1603 4581 refertur
1629 4514 1719 4576 etiam

382 4606 412 4668 ad
430 4609 582 4672 halones
605 4611 686 4673 circa
710 4610 822 4673 Solem.
870 4610 926 4672 Iris
951 4612 1070 4691 quidem
1094 4622 1217 4678 constat
1241 4631 1278 4674 ex
1301 4611 1394 4673 radiis
1423 4608 1510 4671 simul
1533 4601 1719 4685 repercussis

381 4703 405 4755 et
422 4698 570 4760 refractis.
608 4700 688 4761 Nam
704 4699 762 4762 BH
783 4699 956 4779 refringitur
976 4702 1004 4762 iu
1019 4703 1043 4775 l,
1069 4705 1136 4767 erl
1159 4701 1359 4783 repercutitur
1382 4699 1410 4760 in
1427 4696 1466 4772 G,
1491 4715 1530 4757 ex
1553 4692 1583 4755 G
1606 4690 1716 4754 refrin-

379 4781 447 4862 gitur
466 4788 599 4850 secuodo
622 4789 654 4850 in
678 4786 714 4851 C.
753 4787 833 4859 Quia
856 4806 926 4850 vero
950 4809 1007 4850 non
1032 4799 1129 4855 totum
1153 4792 1232 4873 quod
1256 4808 1293 4851 ex
1307 4791 1337 4852 Η
1360 4789 1390 4849 in
1409 4790 1424 4849 Ι
1447 4783 1590 4848 confluxit
1613 4798 1719 4858 reper-

378 4874 476 4938 cutitur
498 4894 537 4939 ex
557 4876 575 4939 1
598 4878 626 4939 in
652 4875 696 4952 G,
730 4879 784 4939 sed
806 4895 878 4957 pars
902 4897 956 4957 per
985 4878 1000 4938 l
1031 4880 1110 4952 exit,
1144 4881 1214 4962 quia
1247 4887 1335 4958 gutta
1359 4886 1407 4940 est
1438 4872 1605 4955 pellucida,
1639 4867 1719 4929 siin

377 4960 448 5025 uim
474 4984 535 5026 non
572 4966 800 5045 refringeretnr,
827 4967 975 5030 incideret
1002 4968 1032 5030 in
1063 4970 1182 5033 oculum
1212 4966 1296 5042 (θ’),
1330 4985 1429 5047 aquo
1452 4966 1482 5027 in
1506 4959 1609 5023 Solem
1632 4965 1664 5019 et
1690 4957 1719 5019 iu

373 5060 483 5130 gaham
510 5054 620 5118 ductae
650 5057 748 5118 lineae
780 5056 1067 5138 comprehenderent
1094 5061 1236 5143 angulum
1259 5053 1301 5120 33
1310 5052 1343 5141 Ἰ,
1353 5054 1373 5117 ⁰.
1420 5053 1483 5117 Sed
1511 5048 1581 5130 quia
1608 5047 1718 5114 refrin-

1228 2903 1235 2922 ¹¹

1238 2893 1280 2966 qh

1250 2972 1254 2981 ι

1258 2998 1268 3028 ἰ
