4584 6192
1964 555 2129 621 caput
2162 556 2250 607 vr.
2294 554 2346 608 5.
3393 558 3523 625 277

797 746 953 799 losae
996 745 1274 814 quaedam
1314 760 1417 797 ceu
1459 744 1629 798 rimae
1659 750 1761 798 aut
1800 731 2032 798 fissurae
2074 745 2389 799 decurrant.
2501 733 2572 794 Id
2637 734 3004 826 Reinholdi‘
3032 735 3198 797 visus
3265 737 3523 800 acumini

799 823 1158 885 credendum
1203 831 1330 894 est,
1390 841 1563 900 quem
1611 823 1975 884 Plutarchus
2034 822 2237 884 libello
2287 824 2359 883 de
2426 823 2578 883 facie
2628 824 2835 884 Lunae
2885 825 3231 885 confirmare
3279 825 3520 889 videtur

797 911 888 972 his
935 910 1176 971 verbis:
1225 924 1402 975 Atrae
1445 921 1501 974 in
1543 923 1706 975 Luna
1748 928 2086 991 apparentes
2130 921 2381 974 maculae
2426 920 2584 989 quasi
2629 919 2842 974 isthmis
2887 922 3213 990 quibusdam
3255 939 3291 977 a
3331 926 3516 994 splen·

797 1004 923 1056 dore
965 1001 1229 1055 umbrosa
1284 1001 1559 1054 dividente
1604 1002 1684 1055 ita
1739 1002 2183 1071 distinguuntur,
2244 1009 2308 1052 ut
2350 1001 2550 1053 avulsa
2592 1016 2628 1053 a
2670 1016 2731 1052 se
2773 1007 2831 1053 et
2882 1003 2994 1055 suis
3050 1002 3249 1055 finibus
3294 1005 3519 1058 circum-

796 1082 1003 1151 scripta
1044 1081 1159 1134 sint
1200 1087 1259 1133 et
1298 1081 1599 1135 lucidorum
1640 1083 1696 1135 in
1732 1084 1991 1136 umbrosa
2031 1081 2349 1151 penetratio
2393 1087 2656 1133 texturae
2700 1080 2984 1150 cujusdam
3014 1084 3248 1154 figuram
3291 1083 3517 1139 efficiat.

907 1225 970 1293 5.
1064 1229 1168 1290 De
1218 1237 1483 1291 aetate
1532 1230 1782 1290 Lunae
1842 1230 2362 1308 cognoscenda
2410 1248 2493 1289 ex
2548 1228 2879 1306 phaseos
2939 1230 3401 1310 quantitate.
3472 1227 3480 1236 ’

966 1353 1111 1415 Jam
1159 1354 1315 1434 quod
1363 1354 1441 1415 ad
1490 1354 1656 1434 ipsas
1703 1354 1913 1414 Lunae
1959 1353 2183 1431 phases
2250 1353 2500 1427 attinet,
2562 1351 2936 1413 Reinholdus
2993 1373 3227 1415 rursum
3283 1362 3512 1429 monet,

794 1448 1179 1523 augmentum
1229 1442 1465 1503 luminis
1511 1441 1941 1521 propemodum
1999 1441 2363 1520 respondere
2425 1440 2721 1520 digressui
2768 1440 2975 1502 Lunae
3025 1462 3063 1502 a
3109 1439 3282 1517 Sole,
3355 1444 3513 1522 quod

795 1551 866 1592 ex
908 1531 1095 1592 Plinii
1144 1530 1398 1592 obscuro
1448 1532 1705 1610 quodam
1751 1531 1884 1591 loco
1931 1538 2264 1603 mutuatur,
2317 1530 2559 1609 ejusque
2608 1548 2811 1590 verum
2859 1548 3102 1591 sensum
3149 1531 3515 1610 conjecturis

793 1629 1064 1682 venatur.
1160 1619 1311 1679 Mihi
1356 1620 1535 1698 paulo
1586 1618 1748 1680 aliud
1797 1637 1976 1696 quam
2023 1618 2363 1679 Reinholdo
2411 1617 2643 1679 Plinius
2690 1617 2889 1679 dicere
2937 1618 3212 1691 videtum
3278 1639 3509 1684 summa

794 1718 994 1771 tamen
1041 1708 1383 1769 sententiae
1432 1708 1492 1769 in
1532 1709 1644 1769 hoc
1692 1708 1884 1785 ipsum
1934 1707 2174 1767 axioma
2221 1707 2529 1768 tendente.
2624 1704 2801 1767 Plinii
2850 1707 3050 1787 itaque
3101 1708 3293 1768 locum
3340 1709 3508 1787 prius

793 1796 1130 1877 explicabo·
1236 1808 1415 1870 Luna,
1465 1797 1677 1874 inquit,
1728 1808 1894 1871 lucet,
1938 1808 2251 1870 dodrantes,
2316 1806 2620 1861 semuncias
2661 1805 2922 1858 horarum
2963 1804 3227 1873 adjiciens
3290 1796 3505 1867 (accu-

791 1887 1025 1948 mulans
1072 1904 1219 1945 suae
1265 1886 1427 1963 parti
1474 1886 1726 1958 lucenti)
1770 1897 1843 1948 ab
1886 1897 2129 1949 secunda
2171 1886 2396 1946 aetatis
2445 1902 2589 1946 suae
2640 1882 2773 1942 die:
2834 1900 2973 1942 nam
3019 1894 3159 1944 ante
3211 1882 3365 1945 latet
3411 1886 3507 1946 vel

791 1975 946 2048 silet,
1000 2001 1173 2054 usque
1215 1984 1285 2036 ad
1326 1984 1551 2051 plenum
1593 1985 1796 2047 orbem,
1841 1984 2251 2054 detrahensque
2299 1973 2476 2053 pleno
2515 1969 2644 2031 orbi
2691 1981 2744 2034 in
2788 1979 3215 2044 diminutionem,
3270 1979 3333 2032 et
3370 1981 3514 2035 tan·-

791 2063 923 2126 dem
969 2062 1032 2123 in
1080 2060 1411 2140 plenariam
1459 2062 1908 2123 extinctionem.
1984 2062 2057 2122 Id
2105 2070 2235 2123 est:
2288 2061 2428 2142 quia
2456 2062 2632 2122 Luna
2663 2060 2717 2120 in
2768 2058 3147 2136 oppositione
3198 2058 3513 2123 duodecim

789 2151 950 2213 horis
997 2157 1141 2229 post
1183 2148 1391 2211 Solem
1437 2150 1495 2210 in
1545 2150 1806 2210 medium
1871 2150 2022 2211 coeli
2090 2150 2285 2223 venit,
2354 2159 2418 2210 et
2473 2168 2616 2209 vero
2665 2155 2729 2208 ut
2777 2166 2846 2207 as
2905 2145 2995 2206 ita
3057 2154 3254 2208 totum
3300 2148 3509 2210 Lunae

791 2258 1004 2319 corpus
1051 2239 1247 2318 ipsum
1309 2257 1541 2318 quoque
1589 2239 1647 2299 iu
1698 2239 2010 2301 duodecim
2075 2247 2283 2317 partes
2332 2258 2438 2299 seu
2486 2236 2709 2315 digitos
2777 2233 3103 2296 dividitur:
3170 2235 3304 2296 ideo
3362 2245 3508 2317 quot

788 2329 950 2392 horis
999 2327 1179 2389 Luna
1221 2347 1258 2387 a
1286 2325 1432 2388 Sole
1482 2327 1689 2401 distat,
1738 2335 1832 2389 tot
1879 2328 2070 2389 unciis
2100 2347 2205 2388 seu
2254 2326 2463 2405 digitis
2512 2327 2710 2397 lucet;
2762 2342 2832 2384 ac
2862 2342 2993 2384 cum
3027 2341 3143 2385 non
3193 2324 3504 2387 duodecim

791 2418 894 2479 sed
940 2415 1282 2497 quindecim
1329 2415 1537 2476 diebus
1585 2417 1905 2495 impleatur
1953 2437 1990 2477 a
2034 2416 2224 2495 primo
2275 2424 2519 2487 exortu,
2569 2414 2753 2494 igitur
2802 2431 2918 2473 non
2969 2412 3238 2493 quolibet
3285 2413 3511 2476 aetatis

792 2506 882 2566 die
929 2506 1178 2583 integra
1222 2504 1373 2565 hora
1421 2504 1612 2565 distat
1659 2504 1891 2583 longius
1926 2526 1964 2565 a
2002 2502 2146 2565 Sole
2195 2524 2304 2566 nec
2353 2503 2651 2581 integrum
2963 2542 3071 2607 Fig.
3112 2540 3199 2591 33·

793 2594 1042 2673 digitum
1122 2591 1332 2673 adjicit
1404 2593 1564 2671 parti
1640 2592 1899 2653 lucenti:
1982 2593 2091 2654 sed
2167 2594 2523 2655 dodrantem
2589 2599 2653 2651 et
3038 2632 3070 2677 u

795 2681 1179 2754 semunciam,
1229 2681 1341 2742 hoc
1380 2689 1476 2743 est
1511 2678 1620 2744 45¹
1651 2692 1712 2742 et
1742 2675 1915 2763 272¹,
1966 2681 2025 2742 in
2072 2682 2413 2744 universum
2449 2674 2651 2765 47¹s²¹

794 2772 960 2832 unius
1028 2770 1245 2850 digiti,
1311 2787 1380 2831 eo
1430 2770 1585 2849 quod
1640 2764 1808 2852 47Ἰ2
1876 2771 2059 2831 horae
2128 2770 2372 2832 minutis
2420 2791 2456 2830 a
2504 2768 2647 2831 Sole

796 2858 1125 2938 digreditur
1186 2857 1435 2920 dietim:
1504 2858 1844 2921 distributis
1909 2859 2067 2919 enim
2119 2856 2198 2920 12
2246 2860 2408 2920 horis
2455 2858 2513 2918 in
2570 2856 2646 2920 15

797 2950 946 3018 dies,
1014 2947 1266 3008 veniunt
1310 2947 1408 3008 uni
1466 2947 1586 3008 diei
1631 2944 1717 3010 48
1783 2947 2030 3007 minuta.
2065 2943 2150 3021 ⁸⁰)
2247 2947 2439 3008 Plinio
2504 2965 2646 3008 vero

794 3036 1124 3116 praecisior
1149 3036 1556 3096 denominatio
1579 3055 1693 3096 non
1718 3036 2099 3113 suppetebat,
2137 3055 2313 3116 quam
2336 3035 2646 3097 dodrantis

795 3125 1154 3187 semunciae.
1247 3126 1460 3205 Itaque
1509 3133 1572 3184 et
1617 3124 1847 3186 Plinius
1911 3124 2192 3203 agricolis
2251 3134 2314 3186 et
2373 3126 2647 3203 patribus

799 3215 1053 3276 familias
1099 3214 1371 3292 regulam
1419 3213 1624 3286 tradit,
1676 3232 1751 3273 ex
1799 3212 2113 3275 latitudine
2161 3214 2419 3274 lucentis
2468 3233 2650 3274 cornu

797 3303 1021 3366 discere
1088 3309 1355 3364 aetatem
1403 3303 1641 3374 Lunae,
1708 3302 1820 3363 hoc
1869 3309 1966 3363 est
2019 3302 2454 3381 digressionem
2518 3303 2648 3383 ejus

796 3412 830 3452 a
890 3391 1041 3454 Sole
1104 3400 1272 3452 motu
1342 3390 1557 3451 medio.
1670 3391 1843 3451 Hanc
1924 3391 2194 3468 regulam
2255 3390 2308 3451 si
2374 3390 2506 3472 quis
2573 3391 2649 3451 ad

797 3479 1079 3542 amussim
1125 3480 1295 3559 sequi
1342 3479 1509 3553 velit,
1547 3478 1920 3540 Reinholdus
1967 3488 2186 3554 monet,
2238 3480 2447 3541 fallere
2495 3498 2647 3540 non-

798 3569 955 3631 nihil.
1051 3568 1184 3631 Nos
1233 3576 1296 3629 et
1354 3567 1481 3628 veri
1544 3567 2054 3648 propinquitatem
2103 3577 2166 3628 et
2210 3567 2651 3630 aberrationem

798 3658 1107 3740 leviculam
1157 3656 1700 3718 demonstrabimus
1746 3657 1858 3717 hoc
1907 3656 2235 3719 schemate.

965 3749 1026 3808 A
1076 3753 1285 3807 centro
1347 3744 1644 3806 scribatur
1711 3744 1966 3807 circulus
2029 3747 2323 3806 maximus
2382 3745 2650 3824 corporis

797 3834 999 3897 Lunae
1040 3832 1230 3908 BCD,
1277 3834 1338 3895 in
1387 3852 1458 3893 eo
1487 3832 1658 3895 BAC
1709 3833 2058 3909 diametros,
2109 3835 2277 3913 eique
2328 3834 2404 3895 ad
2451 3842 2651 3895 rectos

797 3922 973 3985 ΕΔΤ.
1072 3920 1287 4003 Sitque
1333 3921 1387 3982 E
1437 3928 1704 3983 centrum
1754 3921 1944 3995 Solis,
2005 3941 2148 4002 ergo
2209 3923 2462 3984 circulus
2510 3923 2653 3983 illu-

801 4010 1140 4074 minationis
1179 4011 1294 4071 erit
1338 4010 1663 4089 parallelus
1703 4012 1777 4071 ad
1809 4009 1998 4085 BAC,
2048 4011 2281 4073 scilicet
2312 4009 2445 4073 FG.
2512 4010 2654 4073 Jam

800 4100 1153 4163 sumaturH
1194 4107 1478 4180 punctum
1525 4107 1698 4160 extra
1745 4100 1963 4160 lineam
1993 4098 2128 4175 EA,
2180 4101 2335 4180 quod
2373 4100 2656 4179 designet

801 4189 984 4251 locum
1035 4189 1095 4249 in
1141 4188 1455 4268 superficie
1493 4188 1716 4249 Terrae
1755 4188 1813 4249 in
1864 4207 1978 4267 quo
2027 4190 2192 4250 visus
2241 4189 2541 4261 consistit,
2590 4198 2656 4251 et

801 4278 1045 4340 ducatur
1090 4277 1214 4339 ΑΗ
1260 4277 1420 4338 linea
1466 4276 1598 4337 axis
1628 4276 1832 4337 circuli
1880 4276 2125 4338 visionis
2155 4278 2386 4350 Lunae,
2436 4278 2533 4358 qui
2572 4277 2655 4339 sit

802 4365 920 4443 KL,
954 4374 1021 4427 et
1050 4372 1444 4427 connectatur
1478 4364 1612 4426 ΕΗ.
1682 4363 1835 4427 Cum
1875 4384 2017 4443 ergo
2050 4365 2104 4425 in
2148 4366 2448 4445 triangulo
2478 4366 2654 4428 ΑΕΗ
2723 4422 2726 4423 ⁷

803 4455 1109 4535 vigecuplo
1149 4455 1277 4517 fere
1324 4453 1562 4533 longius
1597 4453 1682 4514 sit
1726 4454 1885 4514 latus
1917 4454 2029 4514 ΑΕ
2074 4472 2250 4533 quam
2275 4455 2418 4530 ΑΗ,
2466 4456 2653 4517 multo
2718 4462 2759 4489 ’-

806 4542 976 4623 igitur
1020 4543 1221 4623 major
1259 4543 1376 4605 erit
1421 4542 1676 4621 angulus
1713 4542 1907 4617 ΑΗΕ,
1957 4542 2364 4604 determinans
2414 4543 2653 4622 digres-

808 4632 1021 4695 sionem
1069 4634 1281 4695 Lunae
1329 4651 1368 4692 a
1402 4629 1568 4704 Sole,
1617 4648 1792 4710 quam
1841 4632 2095 4711 angulus
2141 4631 2334 4705 ΑΕΗ,
2385 4631 2653 4711 utrisque

809 4736 933 4782 vero
970 4720 1209 4801 junctis
1256 4719 1529 4802 aequalis
1571 4726 1668 4780 est
1705 4720 1968 4782 exterior
2010 4727 2075 4781 et
2119 4719 2433 4800 oppositus
2463 4721 2652 4782 TAH.

812 4807 955 4890 Ergo
1000 4808 1181 4872 TAH
1235 4809 1432 4889 major
1491 4808 1730 4886 quidem
1791 4816 1885 4870 est
1941 4808 2115 4870 ΑΗΕ
2176 4808 2551 4888 digressione
2595 4811 2647 4881 3)

814 4915 843 4956 a
879 4896 1055 4969 Sole,
1114 4898 1227 4960 sed
1273 4898 1490 4977 exiguo
1539 4896 1748 4975 major.
1842 4896 1967 4958 Sed
2016 4898 2189 4960 TAH
2234 4908 2332 4959 est
2378 4897 2653 4977 angulus,

817 5002 910 5064 quo
952 4986 1321 5050 inclinantur
1366 4986 1489 5049 ΑΗ
1547 4986 1679 5047 axis
1744 4984 1992 5048 visionis
2041 4994 2103 5047 et
2149 4985 2263 5048 ΑΕ
2312 4986 2444 5048 axis
2506 4984 2650 5048 illu-

817 5074 1161 5152 minationis,
1210 5077 1293 5138 ad
1329 5094 1505 5156 quem
1552 5075 1837 5154 angulum
1880 5074 2142 5137 latitudo
2169 5075 2425 5137 lucentis
2471 5092 2655 5136 cornu
