4584 6192
958 557 1141 628 aava.
1666 553 1732 634 aar

371 757 442 819 ergo
457 742 508 804 θα
529 737 714 819 refringatur
737 738 776 800 ad
799 738 1077 819 perpendicularem
1096 740 1134 799 lc
1158 738 1376 811 continuatam,
1399 756 1490 818 quare
1513 738 1543 803 in
1566 764 1603 822 cy
1624 758 1732 804 versus

371 828 534 902 murium,
557 836 592 890 et
611 828 644 905 ιβ
665 846 773 892 versus
795 829 833 905 λβ
856 827 1062 891 continuatam
1086 827 1253 907 iterumque
1275 827 1306 888 io
1330 827 1483 890 exteriora
1503 828 1535 890 in
1557 832 1604 908 dt,
1629 830 1732 911 sicque

370 921 428 992 te,
450 918 484 995 ιβ
505 915 647 997 paralleli
678 916 776 996 prius,
806 916 871 995 jam
903 917 1117 979 divaricautur.
1164 915 1208 977 Et
1231 916 1302 995 quia
1324 921 1356 995 γᾶ
1378 934 1456 977 cava
1487 919 1660 996 superficies
1683 926 1733 988 est

371 1006 520 1072 ambas
542 1004 644 1079 medii,
666 1024 724 1067 seu
746 1023 883 1067 convexa
906 1005 1037 1080 rarioris,
1062 1011 1165 1066 centro
1188 1028 1220 1081 μ,
1245 1022 1317 1083 ergo
1339 1028 1375 1083 cy
1397 1005 1580 1085 refringetnr
1603 1028 1622 1068 a
1642 1030 1679 1087 yu
1701 1008 1731 1070 in

370 1090 455 1176 plat
472 1096 512 1172 dd
533 1114 556 1156 a
575 1097 618 1169 tu
638 1092 671 1155 in
689 1099 734 1172 or,
758 1094 856 1173 magis
879 1093 971 1172 igitur
994 1092 1241 1168 divaricabuntur
1258 1089 1298 1171 γζ,
1314 1097 1358 1170 dq,
1383 1095 1459 1156 adeo
1483 1104 1517 1157 ut
1539 1096 1733 1162 condonatae

370 1182 590 1263 imaginalem
613 1181 848 1245 concurrentia
872 1205 896 1245 c
941 1183 1048 1263 ltaque
1076 1180 1270 1243 remotissimi
1293 1183 1396 1262 puncti
1425 1183 1611 1246 radiationes
1634 1185 1680 1248 sic
1701 1185 1733 1248 iu

371 1272 489 1336 caelum
512 1290 568 1334 seu
591 1289 733 1334 corneam
756 1267 789 1348 lq
811 1270 948 1344 influent,
972 1290 1007 1332 ac
1031 1270 1057 1331 si
1079 1270 1220 1332 venirent
1243 1291 1262 1330 a
1285 1271 1420 1348 proximo
1443 1282 1553 1350 puncto
1578 1296 1603 1336 e.
1651 1273 1733 1347 Quid

368 1362 433 1441 jam
465 1360 549 1422 intra
578 1360 677 1439 ipsum
709 1360 827 1421 oculum
849 1358 879 1419 io
912 1360 1011 1421 retina
1038 1358 1090 1419 liat
1114 1377 1169 1438 per
1200 1358 1520 1439 appropinquationem
1545 1363 1607 1435 (rel
1633 1362 1734 1442 quasi)

372 1450 476 1529 puncti
501 1447 661 1521 radiantis,
685 1465 779 1527 snpra
796 1448 990 1527 explicatum,
1012 1447 1192 1528 praesertim
1211 1464 1295 1526 prop.
1312 1445 1364 1511 27.
1389 1448 1567 1528 praemissa.
1602 1448 1733 1513 Rursum

372 1559 446 1603 m
467 1538 512 1602 sit
534 1535 692 1617 specillum
715 1555 897 1606 convexum,
929 1545 1071 1616 punctum
1097 1557 1116 1597 u
1138 1535 1254 1607 radiet,
1286 1536 1472 1598 radiationes
1495 1546 1584 1600 sunto
1609 1560 1658 1611 co,
1681 1560 1733 1604 cu.

373 1624 461 1698 Quae
493 1624 568 1705 quia
596 1625 732 1688 incidunt
762 1624 793 1686 in
825 1643 1008 1697 convexum,
1041 1633 1150 1687 coeunt
1180 1642 1286 1685 versus
1318 1624 1581 1704 perpendiculares
1613 1648 1662 1701 cr,
1685 1648 1732 1704 ur,

372 1714 636 1795 uffinganturqne
658 1714 689 1776 in
711 1736 757 1789 ux,
781 1734 829 1789 rc,
854 1722 885 1774 et
907 1713 937 1776 hi
967 1712 1082 1793 egressi
1105 1713 1134 1775 in
1158 1734 1192 1774 es
1221 1731 1327 1774 cavam
1355 1713 1478 1775 rarioris
1506 1716 1595 1777 medii
1611 1734 1732 1796 super·

373 1804 468 1868 taem
492 1802 614 1881 fugiunt
635 1823 655 1865 a
677 1802 972 1881 perpendicularibue
996 1824 1045 1880 pa,
1078 1822 1114 1880 pc
1136 1801 1336 1874 continuatis,
1360 1801 1562 1882 refringantur
1586 1804 1678 1883 igitur
1699 1804 1731 1867 in

373 1890 414 1966 εξ,
429 1913 495 1958 ru:
519 1892 624 1971 sicque
647 1898 809 1952 occurrunt
826 1910 953 1954 corneae
967 1891 996 1952 in
1012 1888 1064 1964 ξω,
1089 1909 1124 1952 ac
1140 1890 1166 1951 si
1181 1910 1200 1949 a
1213 1899 1326 1968 puncto
1349 1890 1542 1969 longissimae
1566 1893 1732 1956 distantiae

373 1999 425 2060 per
446 1979 492 2063 χε,
517 2002 563 2043 cm
584 1978 798 2060 propemodum
820 1980 984 2059 parallelos
1012 1987 1116 2040 essent
1139 1979 1258 2057 allapsi.
1304 1978 1435 2042 Rursum
1463 1980 1578 2061 itaque.
1608 1981 1679 2062 quid
1702 1982 1733 2048 ia

375 2088 521 2134 concursu
544 2068 747 2132 radiationum
771 2069 851 2147 apud
874 2069 1002 2130 retinam
1027 2067 1201 2129 emendetur
1224 2065 1282 2128 hac
1301 2068 1372 2129 licta
1395 2068 1559 2132 remotione
1582 2071 1685 2151 puncti
1705 2091 1735 2145 u,

377 2159 444 2222 ride
468 2177 562 2239 supra
583 2157 764 2237 praesertim
788 2175 873 2237 prop.
897 2153 950 2221 26.
975 2156 1155 2235 praemissa.

460 2246 506 2312 Et
534 2247 681 2310 hsctecm
713 2245 831 2326 quidem
859 2246 1077 2309 demonstratio
1106 2262 1223 2317 eorum,
1254 2261 1330 2324 quae
1362 2262 1455 2324 supra
1485 2265 1606 2310 numero
1631 2244 1661 2310 2.
1695 2248 1734 2310 de

376 2336 553 2419 crystallino
575 2335 659 2398 dicta
682 2341 762 2397 sunt.

406 2472 438 2540 4.
474 2472 746 2538 Consideretio
771 2491 905 2549 eorum,
930 2491 1020 2553 quae
1045 2471 1162 2552 optici
1186 2480 1224 2534 et
1248 2475 1451 2539 anatomici
1474 2477 1518 2538 de
1541 2475 1700 2541 visionis

898 2562 1001 2623 modo
1026 2562 1210 2624 dixerunt.

459 2688 532 2753 Non
557 2688 678 2768 singula
700 2686 955 2766 percensebimns,
981 2686 1034 2747 sed
1057 2684 1231 2764 potissima,
1256 2705 1311 2749 nec
1335 2686 1464 2750 omnium
1492 2691 1675 2766 sententias,
1699 2710 1737 2754 ne

377 2778 577 2842 connum
600 2778 705 2839 lector.
745 2776 871 2839 Vitellio
895 2783 987 2836 etex
1011 2793 1047 2836 eo
1069 2773 1227 2836 Jesseuius
1251 2794 1316 2837 cum
1341 2795 1482 2840 araneam
1506 2786 1541 2839 et
1561 2778 1591 2840 in
1615 2799 1737 2861 eacry-

377 2866 532 2932 rtallinnm
556 2884 596 2928 ax
617 2865 766 2929 rctilormi
789 2882 940 2944 nervoque
964 2862 1150 2935 nexuissent,
1174 2864 1350 2943 potissimas
1374 2866 1524 2931 sentiendi
1546 2877 1651 2947 partes
1670 2870 1738 2932 buic

377 2955 492 3020 tumori
516 2954 662 3018 tribuunt.
709 2953 788 3017 Fieri
813 2954 891 3015 enim
915 2952 1083 3014 sensionem
1107 2971 1161 3013 sen
1188 2952 1345 3026 visionem,
1378 2972 1445 3015 cum
1478 2954 1555 3019 radii
1587 2975 1625 3019 ex
1648 2957 1737 3020 rebus

377 3044 546 3108 visibilibus
560 3044 690 3118 tunicas,
713 3041 904 3121 potissimum
927 3059 998 3104 vero
1022 3040 1191 3121 crystallini
1214 3042 1307 3102 telam
1331 3043 1541 3105 transmittant
1562 3045 1738 3125 speciesque

377 3132 556 3214 metallino
588 3131 777 3211 imprimatur
811 3132 902 3205 adeo,
931 3139 966 3192 nt
997 3129 1209 3203 inhaerescat;
1243 3149 1330 3209 quem
1363 3131 1392 3191 in
1425 3131 1512 3194 linem
1544 3132 1649 3196 humor
1678 3134 1737 3198 iste

377 3221 597 3290 audaculus
619 3221 663 3283 sit
686 3220 794 3282 lactus.
841 3220 886 3284 Ut
907 3227 1007 3280 antem
1032 3217 1177 3280 distincta
1199 3218 1359 3293 betiricio,
1385 3221 1646 3299 perpendiculares
1670 3241 1738 3284 esse

378 3310 487 3374 debere
510 3309 615 3372 radios
646 3308 676 3371 in
705 3308 876 3389 crystallini
906 3307 1086 3369 anteriorem
1119 3307 1316 3386 superficiem.
1363 3308 1631 3389 perpendiculares
1659 3311 1740 3376 euim

379 3398 527 3472 ordinari,
557 3407 592 3461 ut
615 3407 685 3460 sunt
708 3398 738 3459 in
761 3416 793 3460 ra
817 3404 929 3479 puncta
952 3394 1103 3459 ordinata.
1150 3396 1218 3458 Nisi
1243 3397 1321 3460 enim
1344 3396 1419 3459 solis
1441 3400 1739 3477 perpendicularibua

380 3487 452 3552 acio
475 3487 541 3562 aar,
565 3486 698 3549 futnmm
721 3494 755 3549 ut
774 3486 974 3549 confundatur
998 3484 1083 3557 visio,
1109 3483 1189 3547 sicut
1212 3496 1245 3547 et
1267 3484 1453 3549 radiationes
1475 3489 1740 3568 perpendiculares

379 3576 508 3658 ὼῐίφιίι
531 3575 760 3638 confundantur.
805 3574 849 3635 Et
871 3582 972 3635 tamen
996 3572 1109 3652 aliquid
1142 3574 1234 3636 etiam
1259 3574 1389 3655 obliquis
1412 3574 1527 3650 tribuit,
1553 3577 1740 3656 experientia

380 3664 564 3730 validissime
597 3664 769 3738 convictus,
801 3663 896 3724 videri
929 3660 1058 3741 amplius
1082 3681 1172 3742 qnam
1195 3673 1338 3743 qnantum
1363 3663 1400 3725 de
1424 3664 1644 3745 hemisphaerio
1666 3683 1739 3745 per-

379 3752 614 3833 pendiculariter
644 3752 763 3817 oculum
796 3751 973 3831 ingreditur.
1026 3749 1096 3813 Jam
1126 3750 1256 3814 vitreum
1289 3752 1334 3814 ait
1366 3752 1495 3813 Vitellio
1528 3754 1739 3817 nutrimentum

379 3861 444 3905 esse
468 3842 651 3925 crystallini,
675 3860 804 3922 aqueum
827 3858 899 3902 vero
923 3839 1060 3918 ejusdem
1084 3849 1317 3915 excrementum,
1342 3840 1443 3902 forsan
1459 3840 1591 3903 medicos
1607 3850 1739 3908 secutus,

382 3950 447 3994 ram
469 3930 553 3994 idem
576 3931 736 3994 Fernelius
760 3948 798 3991 ex
825 3928 950 4002 iisdem;
975 3928 1157 4006 pellucidos‚
1182 3930 1269 4005 hunc,
1293 3937 1328 3989 ut
1352 3928 1467 4008 ingredi
1490 3929 1590 4008 possit
1612 3930 1740 4008 species,

380 4020 472 4097 illem,
496 4028 534 4084 nt
556 4020 675 4100 species
694 4020 758 4098 jam
781 4037 873 4079 sensa
896 4016 1072 4097 crystallino
1096 4035 1151 4095 per
1174 4019 1301 4080 vitreum
1324 4025 1357 4080 et
1378 4036 1432 4097 per
1454 4017 1578 4096 spiritns
1594 4019 1739 4080 substan·

380 4107 450 4174 riam
473 4109 514 4171 ad
548 4127 725 4172 concursum
757 4106 839 4169 nervi
872 4105 1032 4185 perveniat
1063 4105 1162 4184 ibique
1187 4128 1205 4167 a
1228 4106 1375 4169 facultate
1398 4126 1451 4169 sen
1479 4125 1569 4167 sensu
1592 4107 1741 4170 cummuni

380 4206 570 4279 moecatur.
616 4198 726 4277 Itaque
756 4194 932 4277 crystallino
960 4194 1116 4277 planitiem
1151 4198 1252 4275 (prop.
1277 4191 1331 4259 23.
1356 4195 1408 4257 lib.
1432 4196 1507 4268 111.)
1541 4195 1742 4277 aposteriori

379 4296 463 4365 parte
487 4285 596 4351 tribuit
617 4294 768 4367 negatque
798 4302 975 4346 concurrere
999 4283 1109 4345 debere
1132 4285 1234 4346 radios
1258 4303 1373 4359 rernm,
1406 4302 1443 4345 ne
1471 4285 1581 4345 dextra
1598 4284 1742 4358 ,sinistris

380 4384 586 4455 permutentur
608 4374 640 4438 in
664 4374 835 4437 simulacro.
882 4372 925 4433 Et
956 4372 1075 4433 omnino
1103 4384 1206 4453 putat,
1235 4373 1402 4453 perlectam
1435 4371 1565 4451 speeiem
1589 4374 1633 4437 rei
1656 4373 1741 4438 risse

380 4464 536 4543 revenire
558 4464 706 4545 usquein
730 4480 905 4525 concursum
930 4461 1021 4523 nervi.

463 4553 554 4618 Haec
583 4560 651 4616 tota
682 4550 836 4615 sententia
873 4550 1027 4629 (quamvis
1056 4568 1089 4610 se
1122 4557 1247 4611 auctore
1276 4550 1377 4630 jactet
1407 4550 1596 4624 Aristotele,
1628 4548 1678 4630 qni
1707 4570 1743 4614 ce

380 4642 516 4720 ippum
545 4662 580 4706 ec
604 4637 743 4722 dpmcsm
771 4635 881 4708 ὕδατος
913 4658 981 4700 esse
1013 4638 1058 4700 ait
1089 4657 1159 4717 cap.
1188 4634 1219 4699 2.
1253 4639 1290 4701 de
1314 4659 1404 4702 sensu
1427 4646 1460 4700 et
1488 4638 1643 4713 sensibus)
1666 4656 1740 4716 pro·

382 4732 534 4806 sternitur,
556 4739 677 4797 resecto
700 4727 877 4811 crystallino
901 4747 920 4789 a
943 4745 1034 4789 nervo
1058 4735 1089 4789 et
1114 4747 1133 4789 a
1156 4727 1271 4803 retine,
1295 4746 1431 4808 neroque
1455 4746 1521 4791 cum
1545 4746 1638 4801 uvea,
1662 4727 1740 4806 quod

382 4838 471 4903 rupta
492 4838 533 4888 tx
556 4820 680 4886 Puteo
702 4827 858 4883 ostensum
881 4824 939 4879 est.
988 4813 1070 4886 Quid
1092 4815 1201 4878 deinde
1225 4818 1262 4879 de
1285 4818 1342 4880 hac
1370 4816 1542 4880 introducta
1569 4815 1741 4879 nutritionis

385 4917 414 4970 et
432 4908 619 4974 exorationis
641 4908 738 4972 forma
760 4905 959 4980 sentiendum,
985 4904 1141 4984 disputent
1170 4905 1295 4969 medici:
1328 4913 1411 4968 certe
1436 4904 1463 4966 ei
1486 4905 1585 4968 nullus
1608 4923 1647 4967 ex
1670 4922 1743 4968 een·

385 4998 462 5071 sibus
484 5006 535 5063 eet
557 4997 763 5062 admirabilior
787 5001 819 5056 et
841 4994 981 5056 subtilior
1004 5012 1093 5073 qnam
1119 4993 1218 5068 visus,
1242 4994 1367 5073 indigna
1390 5001 1462 5055 sunt
1485 4994 1580 5065 haec,
1604 5011 1681 5073 quaa
1705 4992 1742 5054 de

388 5087 448 5152 sisu
468 5093 673 5160 curuantur„
702 5086 777 5149 Tum
801 5090 902 5148 autem
927 5081 1035 5146 tunicis
1063 5100 1183 5143 sensnm
1208 5083 1282 5145 lucis
1306 5081 1483 5145 transcribit
1506 5101 1544 5143 ex
1567 5091 1661 5145 tactu.
1708 5080 1741 5146 Si

436 5191 664 5243 mmmm
1500 5185 1529 5235 rr
