4584 6192
1983 1213 3154 1436 ΙΗθΡἸῚΗΰΕ,Ν

2430 1463 2531 1511 sive

1121 1573 1634 1644 DEMONSTRATIO
1691 1574 1952 1650 EORUM,
1994 1529 2192 1651 'QUAE
2248 1570 2417 1636 VISUI
2461 1571 2547 1636 ET
2596 1572 2965 1640 VISIBILIBUS
3026 1573 3327 1672 PROPTER
3392 1573 3850 1655 CONSPIGILLA,

2373 1690 2466 1740 hoc
2505 1698 2581 1739 est

1615 1800 1829 1849 vrruA
1868 1797 1996 1848 suu
2036 1777 2483 1847 CRYSTALLOS‘
2511 1797 2938 1850 PBLLucmos
2978 1797 3342 1849 Accmuu'r.

1298 1927 1346 1987 I.
1442 1921 1827 1985 Definitio,
1921 1921 2242 1983 Inclinatio
2303 1941 2482 2000 super
2544 1924 2913 2002 superficiem
2982 1924 3233 1985 sumitur
3281 1925 3352 1985 de
3413 1926 3636 2004 angulo
3689 1926 3849 1989 inter

1119 2015 1672 2095 perpendicularem
1712 2009 2041 2090 superficiei
2082 2018 2143 2071 et
2173 2030 2580 2091 quemcunque
2625 2012 2805 2073 aliurn
2845 2013 3096 2087 radium,
3148 2014 3244 2093 qui
3284 2015 3847 2092 perpendicularem

1119 2113 1292 2167 secat
1338 2105 1395 2163 in
1444 2111 1666 2182 puncto
1714 2100 2076 2179 superficiei.

1295 2194 1373 2255 II.
1484 2190 1790 2252 Axioma
1851 2187 2206 2267 Opticum.
2322 2186 2504 2248 Radii
2580 2188 2636 2247 in
2713 2189 2971 2250 medium
3047 2190 3289 2251 densius
3367 2191 3630 2269 ingressi
3709 2211 3840 2254 cum

1119 2280 1502 2344 inclinatione
1568 2278 1976 2357 refringuntur
2023 2286 2084 2337 et
2129 2275 2374 2337 refracti
2432 2277 2592 2337 intra
2658 2296 2872 2355 corpus
2940 2280 3237 2340 accedunt
3301 2298 3513 2340 versus
3572 2298 3839 2360 perpen-

1117 2371 1439 2432 dicularem
1489 2376 1754 2429 erectam
1803 2384 1982 2444 super
2029 2364 2199 2426 densi
2250 2364 2622 2443 superficiem
2664 2365 2719 2425 in
2752 2375 2975 2444 puncto
3025 2367 3344 2429 incidentis
3393 2368 3567 2431 radii.
3640 2370 3832 2432 Iidem

1115 2458 1343 2538 egressi
1393 2477 1467 2517 ex
1516 2456 1712 2517 medio
1762 2454 2023 2515 densiori
2071 2453 2494 2533 refringuntur,
2535 2463 2596 2515 et
2643 2456 2884 2516 refracti
2919 2463 3091 2517 extra
3129 2475 3346 2536 corpus
3398 2457 3653 2519 densum
3704 2459 3836 2520 dis-

1117 2549 1337 2608 cedunt
1383 2547 1458 2606 ab
1508 2536 1622 2605 hac
1668 2542 2168 2623 perpendiculari.

1294 2636 1402 2697 Ill.
1496 2629 1807 2694 Axioma
1874 2630 2237 2709 Opticum.
2339 2630 2572 2692 Eadem
2635 2638 2729 2692 est
2796 2632 3076 2693 refractio
3145 2633 3483 2707 radiorum,
3555 2634 3685 2696 sive
3746 2634 3835 2697 illi

1115 2731 1333 2786 natura
1379 2742 1489 2784 sua
1536 2721 1949 2801 ingrediantur
1995 2720 2122 2780 sive
2173 2720 2575 2798 egrediantur,
2629 2721 2725 2781 vel
2771 2728 2839 2781 ut
2885 2722 3043 2781 tales
3092 2722 3566 2785 considerentur.

1292 2812 1406 2873 IV.
1501 2810 1907 2872 Problema.
1994 2809 2287 2871 Pellucidi
2336 2810 2600 2887 corporis
2639 2809 2767 2871 duri
2815 2810 3213 2872 refractiones
3263 2811 3588 2871 artificiose
3638 2812 3832 2874 metiri

1114 2901 1172 2963 in
1224 2901 1380 2963 omni
1430 2900 1729 2961 radiorum
1778 2897 2184 2959 inclinatione.
3805 2971 3810 2976 Ι

1291 2989 1388 3052 Sit
1435 3008 1649 3068 corpus
1699 2988 1907 3049 durum
1955 2986 2315 3065 pellucidum
2347 2986 2482 3048 ΑΕ.
2579 2987 2643 3047 Id
2694 2987 3046 3048 terminetur
3095 3006 3213 3047 una
3260 2987 3562 3067 exquisita
3613 3006 3827 3068 super-

2671 3074 2801 3136 ficie
2856 3077 3041 3154 plana
3088 3075 3236 3150 DE,
3300 3076 3377 3136 ad
3435 3095 3614 3156 quam
3673 3078 3827 3138 duae

2670 3163 2826 3225 aliae
2876 3165 3181 3244 erigantur
3220 3166 3436 3243 planae
3478 3166 3827 3245 superficies

2668 3253 2822 3313 inter
2879 3273 2943 3314 se
3002 3253 3329 3333 parallelae
3389 3262 3452 3313 et
3508 3254 3692 3331 priori
3752 3255 3829 3317 ad

2668 3341 2920 3420 angulos
2968 3350 3189 3417 rect05,
3240 3362 3390 3422 quae
3440 3343 3565 3403 sint
3597 3342 3716 3404 BA
3765 3350 3825 3405 et

2521 3477 2609 3493 .—.
2665 3429 2790 3491 EF.
2886 3432 3037 3492 Huic
3086 3450 3371 3510 compara
3419 3432 3701 3511 capulum
3747 3451 3822 3494 ex

2666 3538 3013 3598 quacunque
3037 3521 3309 3593 materia,
3335 3520 3523 3581 veluti
3546 3541 3622 3581 ex
3640 3521 3822 3600 ligno,

2665 3607 2834 3686 cujus
2885 3610 3259 3687 superficieS,
3311 3610 3677 3688 praesertim
3728 3610 3820 3671 in-

2597 3681 2601 3765 Ι
2664 3696 2937 3770 terioreS,
2990 3697 3112 3758 sint
3171 3699 3322 3758 bene
3371 3699 3821 3776 complanatae,

2664 3785 2805 3845 bina
2873 3786 3066 3846 latera
3125 3807 3197 3848 ex
3260 3788 3441 3847 fundo
3491 3789 3548 3847 H
3608 3808 3817 3849 assur-

2521 3873 2529 3881 ‘
2665 3874 2872 3951 gentia
2941 3876 3122 3936 rectis
3205 3876 3471 3955 anguliS,
3554 3886 3620 3937 ut
3702 3878 3824 3937 sint

2361 4030 2364 4040 Ἴ
2664 3962 2834 4023 ΒΕΗ
2875 3972 2938 4023 et
2983 3963 3195 4044 reliqui
3245 3965 3410 4038 recti,
3464 3973 3524 4025 et
3562 3964 3819 4043 pelluci-

2262 4125 2271 4129 -
2324 4061 2401 4129 .l·⁵
2665 4052 2801 4112 dum
2863 4054 3081 4131 angulo
3150 4062 3429 4115 exstante
3491 4054 3548 4113 in
3620 4053 3814 4133 capuli

2664 4142 2945 4218 angulum
3011 4161 3220 4202 cavum
3288 4143 3519 4210 sedeat,
3576 4144 3817 4222 penitus

1008 4263 1020 4278 ι
1108 4248 1238 4289 eum
1306 4230 1576 4310 explens,
1685 4232 2031 4294 Promineat
2097 4242 2295 4294 autem
2361 4235 2517 4294 latus
2583 4230 2780 4309 capuli
2838 4228 2949 4290 DC
3008 4232 3169 4291 ultra
3235 4231 3549 4292 terminum
3611 4232 3818 4293 lateris

1104 4318 1382 4396 pellucidi
1426 4320 1534 4380 ΠΒ
1588 4321 1957 4400 aliquantulo
2007 4323 2204 4401 spatio
2240 4320 2367 4397 BC,
2421 4323 2737 4383 altitudine
2786 4338 2926 4379 vero
2966 4319 3073 4379 BE
3122 4320 3245 4380 sint
3293 4320 3464 4382 ambo
3520 4321 3815 4401 aequalia,

1105 4415 1170 4466 et
1216 4427 1397 4486 supra
1447 4409 1528 4469 sit
1577 4410 1919 4488 superficies
1970 4412 2138 4489 quasi
2187 4432 2304 4472 una
2352 4412 2632 4489 pellucidi
2683 4417 2745 4469 et
2793 4408 2983 4485 opaci.

1283 4495 1416 4566 Quo
1487 4500 1648 4558 facto
1715 4506 1778 4558 et
1844 4499 2189 4577 corporibus
2253 4500 2626 4578 conjunctiS‚
2697 4498 2856 4557 latus
2918 4495 3067 4570 DC,
3139 4497 3291 4577 quod
3359 4498 3660 4574 particula
3708 4497 3813 4559 DB

1103 4584 1333 4665 utrique
1402 4585 1634 4665 corpori
1702 4595 1796 4647 est
1862 4607 2201 4662 commune,
2267 4590 2587 4667 objiciatur
2652 4585 3226 4668 perpendiculariter
3283 4584 3446 4647 Solis
3514 4586 3703 4648 radiis
3757 4588 3812 4648 in

1103 4692 1451 4753 quacunque
1504 4675 1884 4736 inclinatione
1931 4678 2095 4754 plani
2143 4678 2257 4739 BA
2309 4680 2382 4738 ad
2435 4679 2675 4738 eosdem
2725 4674 2946 4735 radios,

1280 4761 1418 4824 Sint
1466 4763 1617 4824 radii
1668 4762 1830 4825 Solis
1879 4765 2008 4838 LD,
2061 4767 2200 4841 ΜΒ,
2252 4766 2384 4829 NC.
2461 4767 2555 4826 Ex
2606 4766 2814 4846 quibus
2864 4763 2960 4842 qui
3010 4770 3148 4822 sunt
3194 4763 3349 4823 inter
3397 4762 3518 4822 ΜΒ
3568 4769 3635 4824 et
3680 4760 3808 4835 NG,

1102 4851 1240 4931 quia
1297 4852 1519 4913 nullum
1587 4853 1844 4913 occurrit
1899 4852 2045 4930 ipsis
2105 4874 2320 4934 corpus
2383 4855 2741 4932 pellucidum
2798 4859 3038 4932 praeter
3104 4858 3331 4923 aerem,
3390 4851 3425 4911 ii
3487 4859 3659 4914 trans
3705 4848 3808 4912 BC

1101 4939 1353 5004 tendent
1416 4940 1473 5001 in
1542 4940 1835 5001 directum
1902 4941 2118 5016 MBH,
2188 4941 2382 5005 NCK.
2478 4943 2690 5022 Itaque
2758 4940 2862 5002 CB
2930 4939 3205 5020 projiciet
3269 4940 3538 5000 umbram
3590 4941 3707 5002 HK
3751 4942 3806 5003 in

1100 5027 1342 5088 fundum
1394 5029 1590 5109 capuli
1638 5037 1700 5088 et
1748 5029 2065 5109 aliquando
2115 5031 2173 5091 in
2223 5031 2352 5109 ejus
2402 5030 2564 5091 latus
2612 5030 2970 5109 oppositum.
3637 5080 3641 5083 .
