<?xml version="1.0" encoding="UTF-8"?>
<!DOCTYPE html PUBLIC "-//W3C//DTD XHTML 1.0 Transitional//EN"
    "http://www.w3.org/TR/xhtml1/DTD/xhtml1-transitional.dtd">
<html xmlns="http://www.w3.org/1999/xhtml" xml:lang="en" lang="en">
 <head>
  <title>
</title>
<meta http-equiv="Content-Type" content="text/html;charset=utf-8" />
  <meta name='ocr-system' content='tesseract 3.04.00' />
  <meta name='ocr-capabilities' content='ocr_page ocr_carea ocr_par ocr_line ocrx_word'/>
</head>
<body>
  <div class='ocr_page' id='page_1' title='image "./joanniskepleria02frisgoog_0729.png"; bbox 0 0 4584 6192; ppageno 0'>
   <div class='ocr_carea' id='block_1_1' title="bbox 939 629 1717 703">
    <p class='ocr_par' dir='ltr' id='par_1_1' title="bbox 939 629 1717 703">
     <span class='ocr_line' id='line_1_1' title="bbox 939 629 1717 703; baseline 0.006 -5"><span class='ocrx_word' id='word_1_1' title='bbox 939 629 1023 698; x_wconf 60' lang='grc' dir='ltr'>ΟΨ</span> <span class='ocrx_word' id='word_1_2' title='bbox 1037 629 1152 683; x_wconf 71' lang='lat' dir='ltr'>mm·</span> <span class='ocrx_word' id='word_1_3' title='bbox 1652 634 1717 703; x_wconf 84' lang='grc'>719</span> 
     </span>
    </p>
   </div>
   <div class='ocr_carea' id='block_1_2' title="bbox 371 807 1725 3655">
    <p class='ocr_par' dir='ltr' id='par_1_2' title="bbox 372 807 1725 1674">
     <span class='ocr_line' id='line_1_2' title="bbox 373 807 1721 895; baseline 0.004 -24"><span class='ocrx_word' id='word_1_4' title='bbox 373 829 443 872; x_wconf 89' lang='lat' dir='ltr'>num</span> <span class='ocrx_word' id='word_1_5' title='bbox 469 808 633 873; x_wconf 85' lang='lat' dir='ltr'>futurorum</span> <span class='ocrx_word' id='word_1_6' title='bbox 656 807 849 889; x_wconf 72' lang='lat' dir='ltr'>singularium</span> <span class='ocrx_word' id='word_1_7' title='bbox 873 808 1031 871; x_wconf 89' lang='lat' dir='ltr'>scientiam</span> <span class='ocrx_word' id='word_1_8' title='bbox 1055 809 1185 888; x_wconf 83' lang='lat' dir='ltr'>expetit,</span> <span class='ocrx_word' id='word_1_9' title='bbox 1217 828 1303 891; x_wconf 92' lang='lat' dir='ltr'>quam</span> <span class='ocrx_word' id='word_1_10' title='bbox 1331 810 1560 892; x_wconf 78' lang='lat' dir='ltr'>philosophiam.</span> <span class='ocrx_word' id='word_1_11' title='bbox 1607 815 1721 895; x_wconf 75' lang='lat' dir='ltr'>ilerum</span> 
     </span>
     <span class='ocr_line' id='line_1_3' title="bbox 374 898 1718 984; baseline 0.004 -24"><span class='ocrx_word' id='word_1_12' title='bbox 374 899 540 974; x_wconf 90' lang='lat' dir='ltr'>enimvero,</span> <span class='ocrx_word' id='word_1_13' title='bbox 569 899 638 981; x_wconf 91' lang='lat' dir='ltr'>quia</span> <span class='ocrx_word' id='word_1_14' title='bbox 669 898 844 979; x_wconf 82' lang='lat' dir='ltr'>imperfecta</span> <span class='ocrx_word' id='word_1_15' title='bbox 873 917 941 968; x_wconf 84' lang='lat' dir='ltr'>esse</span> <span class='ocrx_word' id='word_1_16' title='bbox 971 906 1094 979; x_wconf 91' lang='lat' dir='ltr'>putatur</span> <span class='ocrx_word' id='word_1_17' title='bbox 1117 898 1210 959; x_wconf 92' lang='lat' dir='ltr'>omnis</span> <span class='ocrx_word' id='word_1_18' title='bbox 1234 898 1403 977; x_wconf 82' lang='lat' dir='ltr'>hujusmodi</span> <span class='ocrx_word' id='word_1_19' title='bbox 1431 902 1609 983; x_wconf 82' lang='lat' dir='ltr'>descriptio,</span> <span class='ocrx_word' id='word_1_20' title='bbox 1643 923 1718 984; x_wconf 85' lang='lat' dir='ltr'>quac</span> 
     </span>
     <span class='ocr_line' id='line_1_4' title="bbox 372 987 1722 1071; baseline 0.002 -21"><span class='ocrx_word' id='word_1_21' title='bbox 372 987 484 1050; x_wconf 88' lang='lat' dir='ltr'>nonin</span> <span class='ocrx_word' id='word_1_22' title='bbox 508 987 774 1068; x_wconf 87' lang='lat' dir='ltr'>significationibus</span> <span class='ocrx_word' id='word_1_23' title='bbox 797 987 890 1049; x_wconf 86' lang='lat' dir='ltr'>etiam</span> <span class='ocrx_word' id='word_1_24' title='bbox 913 996 1092 1067; x_wconf 89' lang='lat' dir='ltr'>occupatur,</span> <span class='ocrx_word' id='word_1_25' title='bbox 1125 987 1203 1050; x_wconf 90' lang='lat' dir='ltr'>ratio</span> <span class='ocrx_word' id='word_1_26' title='bbox 1227 987 1302 1050; x_wconf 87' lang='lat' dir='ltr'>haec</span> <span class='ocrx_word' id='word_1_27' title='bbox 1325 988 1391 1052; x_wconf 90' lang='lat' dir='ltr'>iniri</span> <span class='ocrx_word' id='word_1_28' title='bbox 1414 1000 1532 1071; x_wconf 87' lang='lat' dir='ltr'>potest,</span> <span class='ocrx_word' id='word_1_29' title='bbox 1563 1000 1597 1054; x_wconf 90' lang='lat' dir='ltr'>ut</span> <span class='ocrx_word' id='word_1_30' title='bbox 1627 991 1722 1071; x_wconf 75' lang='lat' dir='ltr'>prImo</span> 
     </span>
     <span class='ocr_line' id='line_1_5' title="bbox 372 1076 1724 1160; baseline 0.003 -21"><span class='ocrx_word' id='word_1_31' title='bbox 372 1078 428 1139; x_wconf 91' lang='lat' dir='ltr'>illa</span> <span class='ocrx_word' id='word_1_32' title='bbox 450 1077 609 1160; x_wconf 87' lang='lat' dir='ltr'>explicem.</span> <span class='ocrx_word' id='word_1_33' title='bbox 643 1095 720 1158; x_wconf 90' lang='lat' dir='ltr'>quae</span> <span class='ocrx_word' id='word_1_34' title='bbox 749 1076 880 1139; x_wconf 89' lang='lat' dir='ltr'>naturali</span> <span class='ocrx_word' id='word_1_35' title='bbox 912 1077 1029 1139; x_wconf 90' lang='lat' dir='ltr'>viuculo</span> <span class='ocrx_word' id='word_1_36' title='bbox 1054 1096 1120 1138; x_wconf 90' lang='lat' dir='ltr'>cum</span> <span class='ocrx_word' id='word_1_37' title='bbox 1142 1076 1234 1139; x_wconf 88' lang='lat' dir='ltr'>steila</span> <span class='ocrx_word' id='word_1_38' title='bbox 1256 1095 1334 1139; x_wconf 87' lang='lat' dir='ltr'>nova</span> <span class='ocrx_word' id='word_1_39' title='bbox 1357 1089 1588 1157; x_wconf 86' lang='lat' dir='ltr'>connectuntur,</span> <span class='ocrx_word' id='word_1_40' title='bbox 1623 1080 1724 1144; x_wconf 89' lang='lat' dir='ltr'>sicut</span> 
     </span>
     <span class='ocr_line' id='line_1_6' title="bbox 372 1163 1723 1249; baseline 0.002 -20"><span class='ocrx_word' id='word_1_41' title='bbox 372 1166 410 1230; x_wconf 91' lang='lat' dir='ltr'>iis</span> <span class='ocrx_word' id='word_1_42' title='bbox 434 1166 525 1228; x_wconf 89' lang='lat' dir='ltr'>stella</span> <span class='ocrx_word' id='word_1_43' title='bbox 547 1166 595 1227; x_wconf 88' lang='lat' dir='ltr'>vsi</span> <span class='ocrx_word' id='word_1_44' title='bbox 618 1184 710 1227; x_wconf 90' lang='lat' dir='ltr'>causa</span> <span class='ocrx_word' id='word_1_45' title='bbox 733 1166 781 1228; x_wconf 91' lang='lat' dir='ltr'>vel</span> <span class='ocrx_word' id='word_1_46' title='bbox 805 1165 922 1245; x_wconf 86' lang='lat' dir='ltr'>signum</span> <span class='ocrx_word' id='word_1_47' title='bbox 946 1166 1051 1227; x_wconf 89' lang='lat' dir='ltr'>fuerit:</span> <span class='ocrx_word' id='word_1_48' title='bbox 1079 1166 1210 1227; x_wconf 89' lang='lat' dir='ltr'>secundo</span> <span class='ocrx_word' id='word_1_49' title='bbox 1238 1166 1307 1239; x_wconf 89' lang='lat' dir='ltr'>illa,</span> <span class='ocrx_word' id='word_1_50' title='bbox 1331 1187 1407 1247; x_wconf 85' lang='lat' dir='ltr'>quae</span> <span class='ocrx_word' id='word_1_51' title='bbox 1438 1178 1503 1231; x_wconf 90' lang='lat' dir='ltr'>arte</span> <span class='ocrx_word' id='word_1_52' title='bbox 1532 1163 1723 1249; x_wconf 78' lang='lat' dir='ltr'>conjectandi</span> 
     </span>
     <span class='ocr_line' id='line_1_7' title="bbox 372 1254 1725 1338; baseline 0.002 -20"><span class='ocrx_word' id='word_1_53' title='bbox 372 1276 429 1338; x_wconf 87' lang='lat' dir='ltr'>per</span> <span class='ocrx_word' id='word_1_54' title='bbox 451 1255 590 1335; x_wconf 86' lang='lat' dir='ltr'>exempla</span> <span class='ocrx_word' id='word_1_55' title='bbox 622 1255 682 1315; x_wconf 85' lang='lat' dir='ltr'>alia</span> <span class='ocrx_word' id='word_1_56' title='bbox 714 1254 908 1334; x_wconf 88' lang='lat' dir='ltr'>comprobata</span> <span class='ocrx_word' id='word_1_57' title='bbox 937 1255 1015 1317; x_wconf 89' lang='lat' dir='ltr'>citra</span> <span class='ocrx_word' id='word_1_58' title='bbox 1045 1255 1240 1316; x_wconf 82' lang='lat' dir='ltr'>connexionis</span> <span class='ocrx_word' id='word_1_59' title='bbox 1273 1256 1420 1319; x_wconf 87' lang='lat' dir='ltr'>naturalis</span> <span class='ocrx_word' id='word_1_60' title='bbox 1453 1258 1660 1338; x_wconf 84' lang='lat' dir='ltr'>apparentiam</span> <span class='ocrx_word' id='word_1_61' title='bbox 1692 1267 1725 1338; x_wconf 78' lang='lat' dir='ltr'>at</span> 
     </span>
     <span class='ocr_line' id='line_1_8' title="bbox 372 1343 1722 1425; baseline 0.002 -18"><span class='ocrx_word' id='word_1_62' title='bbox 372 1345 531 1424; x_wconf 89' lang='lat' dir='ltr'>supposita</span> <span class='ocrx_word' id='word_1_63' title='bbox 555 1343 750 1422; x_wconf 86' lang='lat' dir='ltr'>intelligentis</span> <span class='ocrx_word' id='word_1_64' title='bbox 774 1353 898 1405; x_wconf 86' lang='lat' dir='ltr'>naturae</span> <span class='ocrx_word' id='word_1_65' title='bbox 921 1343 1111 1425; x_wconf 86' lang='lat' dir='ltr'>providentia</span> <span class='ocrx_word' id='word_1_66' title='bbox 1128 1343 1326 1425; x_wconf 84' lang='lat' dir='ltr'>probabiliter</span> <span class='ocrx_word' id='word_1_67' title='bbox 1346 1345 1403 1409; x_wconf 91' lang='lat' dir='ltr'>dici</span> <span class='ocrx_word' id='word_1_68' title='bbox 1422 1355 1561 1425; x_wconf 82' lang='lat' dir='ltr'>possunt,</span> <span class='ocrx_word' id='word_1_69' title='bbox 1585 1345 1722 1416; x_wconf 75' lang='lat' dir='ltr'>interIm-</span> 
     </span>
     <span class='ocr_line' id='line_1_9' title="bbox 372 1432 1722 1516; baseline 0.002 -21"><span class='ocrx_word' id='word_1_70' title='bbox 372 1454 430 1516; x_wconf 92' lang='lat' dir='ltr'>qus</span> <span class='ocrx_word' id='word_1_71' title='bbox 455 1441 486 1494; x_wconf 91' lang='lat' dir='ltr'>et</span> <span class='ocrx_word' id='word_1_72' title='bbox 509 1433 654 1514; x_wconf 89' lang='lat' dir='ltr'>quaedam</span> <span class='ocrx_word' id='word_1_73' title='bbox 678 1432 782 1509; x_wconf 88' lang='lat' dir='ltr'>obvia,</span> <span class='ocrx_word' id='word_1_74' title='bbox 817 1452 892 1513; x_wconf 89' lang='lat' dir='ltr'>qnae</span> <span class='ocrx_word' id='word_1_75' title='bbox 925 1433 974 1494; x_wconf 88' lang='lat' dir='ltr'>vel</span> <span class='ocrx_word' id='word_1_76' title='bbox 1003 1433 1150 1513; x_wconf 79' lang='lat' dir='ltr'>astrologi</span> <span class='ocrx_word' id='word_1_77' title='bbox 1172 1433 1386 1514; x_wconf 83' lang='lat' dir='ltr'>praedixerunt</span> <span class='ocrx_word' id='word_1_78' title='bbox 1408 1436 1507 1498; x_wconf 89' lang='lat' dir='ltr'>futura</span> <span class='ocrx_word' id='word_1_79' title='bbox 1532 1434 1580 1497; x_wconf 91' lang='lat' dir='ltr'>vel</span> <span class='ocrx_word' id='word_1_80' title='bbox 1603 1443 1722 1516; x_wconf 88' lang='lat' dir='ltr'>tempus</span> 
     </span>
     <span class='ocr_line' id='line_1_10' title="bbox 373 1521 1724 1622; baseline 0.002 -38"><span class='ocrx_word' id='word_1_81' title='bbox 373 1522 534 1604; x_wconf 90' lang='lat' dir='ltr'>protulit</span> <span class='ocrx_word' id='word_1_82' title='bbox 525 1541 636 1603; x_wconf 91' lang='lat' dir='ltr'>rpsum,</span> <span class='ocrx_word' id='word_1_83' title='bbox 670 1523 708 1583; x_wconf 89' lang='lat' dir='ltr'>ad</span> <span class='ocrx_word' id='word_1_84' title='bbox 741 1521 880 1584; x_wconf 88' lang='lat' dir='ltr'>veritatis</span> <span class='ocrx_word' id='word_1_85' title='bbox 912 1541 1045 1584; x_wconf 88' lang='lat' dir='ltr'>normam</span> <span class='ocrx_word' id='word_1_86' title='bbox 1079 1542 1117 1583; x_wconf 86' lang='lat' dir='ltr'>an</span> <span class='ocrx_word' id='word_1_87' title='bbox 1146 1522 1278 1602; x_wconf 91' lang='lat' dir='ltr'>legitime</span> <span class='ocrx_word' id='word_1_88' title='bbox 1305 1523 1462 1603; x_wconf 90' lang='lat' dir='ltr'>praedicta</span> <span class='ocrx_word' id='word_1_89' title='bbox 1485 1526 1546 1622; x_wconf 85' lang='lat' dir='ltr'>sint</span> <span class='ocrx_word' id='word_1_90' title='bbox 1570 1532 1602 1585; x_wconf 90' lang='lat' dir='ltr'>et</span> <span class='ocrx_word' id='word_1_91' title='bbox 1624 1545 1663 1587; x_wconf 88' lang='lat' dir='ltr'>au</span> <span class='ocrx_word' id='word_1_92' title='bbox 1686 1525 1724 1587; x_wconf 87' lang='lat' dir='ltr'>ob</span> 
     </span>
     <span class='ocr_line' id='line_1_11' title="bbox 375 1611 1020 1687; baseline -0.002 -13"><span class='ocrx_word' id='word_1_93' title='bbox 375 1611 486 1674; x_wconf 88' lang='lat' dir='ltr'>stellae</span> <span class='ocrx_word' id='word_1_94' title='bbox 510 1621 605 1673; x_wconf 91' lang='lat' dir='ltr'>ortum</span> <span class='ocrx_word' id='word_1_95' title='bbox 630 1611 798 1687; x_wconf 84' lang='lat' dir='ltr'>evenerint,</span> <span class='ocrx_word' id='word_1_96' title='bbox 823 1611 1020 1673; x_wconf 80' lang='lat' dir='ltr'>examinem·</span> 
     </span>
    </p>

    <p class='ocr_par' dir='ltr' id='par_1_3' title="bbox 371 1660 1725 3655">
     <span class='ocr_line' id='line_1_12' title="bbox 464 1660 1723 1781; baseline 0 -18"><span class='ocrx_word' id='word_1_97' title='bbox 464 1700 620 1763; x_wconf 88' lang='lat' dir='ltr'>Naturalis</span> <span class='ocrx_word' id='word_1_98' title='bbox 644 1701 746 1781; x_wconf 91' lang='lat' dir='ltr'>itaque</span> <span class='ocrx_word' id='word_1_99' title='bbox 771 1660 967 1781; x_wconf 85' lang='lat' dir='ltr'>significatio&#39;</span> <span class='ocrx_word' id='word_1_100' title='bbox 973 1700 1081 1763; x_wconf 90' lang='lat' dir='ltr'>sideris</span> <span class='ocrx_word' id='word_1_101' title='bbox 1103 1698 1240 1779; x_wconf 90' lang='lat' dir='ltr'>hujus</span> <span class='ocrx_word' id='word_1_102' title='bbox 1216 1720 1242 1761; x_wconf 88' lang='grc' dir='ltr'>ιι</span> <span class='ocrx_word' id='word_1_103' title='bbox 1265 1700 1404 1774; x_wconf 88' lang='lat' dir='ltr'>ullacst,</span> <span class='ocrx_word' id='word_1_104' title='bbox 1429 1699 1543 1764; x_wconf 89' lang='lat' dir='ltr'>illaad</span> <span class='ocrx_word' id='word_1_105' title='bbox 1566 1720 1633 1762; x_wconf 90' lang='lat' dir='ltr'>eum</span> <span class='ocrx_word' id='word_1_106' title='bbox 1655 1720 1723 1763; x_wconf 90' lang='lat' dir='ltr'>mo·</span> 
     </span>
     <span class='ocr_line' id='line_1_13' title="bbox 379 1788 1724 1870; baseline 0 -18"><span class='ocrx_word' id='word_1_107' title='bbox 379 1791 450 1852; x_wconf 91' lang='lat' dir='ltr'>dum</span> <span class='ocrx_word' id='word_1_108' title='bbox 475 1789 533 1851; x_wconf 91' lang='lat' dir='ltr'>erit</span> <span class='ocrx_word' id='word_1_109' title='bbox 556 1789 749 1869; x_wconf 80' lang='lat' dir='ltr'>explicanda,</span> <span class='ocrx_word' id='word_1_110' title='bbox 782 1808 838 1869; x_wconf 93' lang='lat' dir='ltr'>quo</span> <span class='ocrx_word' id='word_1_111' title='bbox 870 1808 961 1870; x_wconf 88' lang='lat' dir='ltr'>supra</span> <span class='ocrx_word' id='word_1_112' title='bbox 992 1808 1058 1869; x_wconf 90' lang='lat' dir='ltr'>cap.</span> <span class='ocrx_word' id='word_1_113' title='bbox 1084 1789 1173 1850; x_wconf 89' lang='lat' dir='ltr'>VIII.</span> <span class='ocrx_word' id='word_1_114' title='bbox 1198 1795 1230 1850; x_wconf 91' lang='lat' dir='ltr'>et</span> <span class='ocrx_word' id='word_1_115' title='bbox 1256 1788 1313 1850; x_wconf 89' lang='lat' dir='ltr'>IX.</span> <span class='ocrx_word' id='word_1_116' title='bbox 1346 1809 1418 1851; x_wconf 88' lang='lat' dir='ltr'>usus</span> <span class='ocrx_word' id='word_1_117' title='bbox 1449 1809 1514 1852; x_wconf 91' lang='lat' dir='ltr'>sum</span> <span class='ocrx_word' id='word_1_118' title='bbox 1540 1789 1570 1851; x_wconf 94' lang='lat' dir='ltr'>iu</span> <span class='ocrx_word' id='word_1_119' title='bbox 1599 1791 1724 1852; x_wconf 93' lang='lat' dir='ltr'>demon-</span> 
     </span>
     <span class='ocr_line' id='line_1_14' title="bbox 376 1876 1720 1959; baseline 0.002 -19"><span class='ocrx_word' id='word_1_120' title='bbox 376 1880 505 1952; x_wconf 82' lang='lat' dir='ltr'>stranda</span> <span class='ocrx_word' id='word_1_121' title='bbox 527 1888 703 1959; x_wconf 84' lang='lat' dir='ltr'>aspectuum</span> <span class='ocrx_word' id='word_1_122' title='bbox 728 1878 871 1940; x_wconf 86' lang='lat' dir='ltr'>efficacia.</span> <span class='ocrx_word' id='word_1_123' title='bbox 918 1877 1044 1941; x_wconf 89' lang='lat' dir='ltr'>Statnta</span> <span class='ocrx_word' id='word_1_124' title='bbox 1076 1886 1124 1939; x_wconf 92' lang='lat' dir='ltr'>est</span> <span class='ocrx_word' id='word_1_125' title='bbox 1157 1876 1235 1938; x_wconf 93' lang='lat' dir='ltr'>enim</span> <span class='ocrx_word' id='word_1_126' title='bbox 1265 1878 1360 1940; x_wconf 90' lang='lat' dir='ltr'>omnis</span> <span class='ocrx_word' id='word_1_127' title='bbox 1383 1878 1555 1940; x_wconf 88' lang='lat' dir='ltr'>influentiae</span> <span class='ocrx_word' id='word_1_128' title='bbox 1579 1879 1720 1944; x_wconf 87' lang='lat' dir='ltr'>coelestis</span> 
     </span>
     <span class='ocr_line' id='line_1_15' title="bbox 376 1966 1722 2047; baseline 0.001 -17"><span class='ocrx_word' id='word_1_129' title='bbox 376 1968 474 2030; x_wconf 88' lang='lat' dir='ltr'>forma</span> <span class='ocrx_word' id='word_1_130' title='bbox 497 1987 554 2029; x_wconf 89' lang='lat' dir='ltr'>nou</span> <span class='ocrx_word' id='word_1_131' title='bbox 579 1967 608 2029; x_wconf 90' lang='lat' dir='ltr'>in</span> <span class='ocrx_word' id='word_1_132' title='bbox 632 1968 749 2030; x_wconf 88' lang='lat' dir='ltr'>actione</span> <span class='ocrx_word' id='word_1_133' title='bbox 774 1967 849 2029; x_wconf 88' lang='lat' dir='ltr'>coeli</span> <span class='ocrx_word' id='word_1_134' title='bbox 874 1968 1112 2047; x_wconf 87' lang='lat' dir='ltr'>(praeteream,</span> <span class='ocrx_word' id='word_1_135' title='bbox 1147 1985 1223 2046; x_wconf 85' lang='lat' dir='ltr'>quae</span> <span class='ocrx_word' id='word_1_136' title='bbox 1256 1974 1304 2030; x_wconf 88' lang='lat' dir='ltr'>est</span> <span class='ocrx_word' id='word_1_137' title='bbox 1326 1966 1401 2030; x_wconf 90' lang='lat' dir='ltr'>lucis</span> <span class='ocrx_word' id='word_1_138' title='bbox 1424 1968 1463 2029; x_wconf 90' lang='lat' dir='ltr'>ad</span> <span class='ocrx_word' id='word_1_139' title='bbox 1486 1967 1722 2032; x_wconf 82' lang='lat' dir='ltr'>calfaciendum:</span> 
     </span>
     <span class='ocr_line' id='line_1_16' title="bbox 376 2056 1723 2139; baseline 0 -19"><span class='ocrx_word' id='word_1_140' title='bbox 376 2076 434 2139; x_wconf 90' lang='lat' dir='ltr'>quo</span> <span class='ocrx_word' id='word_1_141' title='bbox 458 2065 596 2137; x_wconf 89' lang='lat' dir='ltr'>respectu</span> <span class='ocrx_word' id='word_1_142' title='bbox 620 2057 710 2132; x_wconf 87' lang='lat' dir='ltr'>stella</span> <span class='ocrx_word' id='word_1_143' title='bbox 732 2056 807 2118; x_wconf 86' lang='lat' dir='ltr'>haec</span> <span class='ocrx_word' id='word_1_144' title='bbox 826 2057 972 2137; x_wconf 87' lang='lat' dir='ltr'>quamdiu</span> <span class='ocrx_word' id='word_1_145' title='bbox 995 2057 1079 2118; x_wconf 91' lang='lat' dir='ltr'>fulsit</span> <span class='ocrx_word' id='word_1_146' title='bbox 1103 2056 1279 2117; x_wconf 88' lang='lat' dir='ltr'>tantundem</span> <span class='ocrx_word' id='word_1_147' title='bbox 1298 2057 1427 2118; x_wconf 90' lang='lat' dir='ltr'>fortasse</span> <span class='ocrx_word' id='word_1_148' title='bbox 1446 2057 1553 2137; x_wconf 90' lang='lat' dir='ltr'>potuit,</span> <span class='ocrx_word' id='word_1_149' title='bbox 1579 2066 1723 2138; x_wconf 89' lang='lat' dir='ltr'>quantum</span> 
     </span>
     <span class='ocr_line' id='line_1_17' title="bbox 373 2145 1723 2228; baseline 0.001 -20"><span class='ocrx_word' id='word_1_150' title='bbox 373 2147 451 2208; x_wconf 90' lang='lat' dir='ltr'>duas</span> <span class='ocrx_word' id='word_1_151' title='bbox 475 2146 523 2207; x_wconf 91' lang='lat' dir='ltr'>vel</span> <span class='ocrx_word' id='word_1_152' title='bbox 546 2155 609 2207; x_wconf 87' lang='lat' dir='ltr'>tres</span> <span class='ocrx_word' id='word_1_153' title='bbox 632 2146 708 2207; x_wconf 82' lang='lat' dir='ltr'>fixae</span> <span class='ocrx_word' id='word_1_154' title='bbox 732 2145 827 2220; x_wconf 90' lang='lat' dir='ltr'>initio,</span> <span class='ocrx_word' id='word_1_155' title='bbox 852 2154 923 2228; x_wconf 91' lang='lat' dir='ltr'>post</span> <span class='ocrx_word' id='word_1_156' title='bbox 945 2146 1051 2221; x_wconf 89' lang='lat' dir='ltr'>minus,</span> <span class='ocrx_word' id='word_1_157' title='bbox 1077 2145 1222 2227; x_wconf 86' lang='lat' dir='ltr'>qualitate</span> <span class='ocrx_word' id='word_1_158' title='bbox 1245 2164 1316 2207; x_wconf 92' lang='lat' dir='ltr'>vero</span> <span class='ocrx_word' id='word_1_159' title='bbox 1341 2145 1503 2209; x_wconf 83' lang='lat' dir='ltr'>Caniculae</span> <span class='ocrx_word' id='word_1_160' title='bbox 1528 2154 1580 2207; x_wconf 90' lang='lat' dir='ltr'>ant</span> <span class='ocrx_word' id='word_1_161' title='bbox 1603 2146 1723 2210; x_wconf 87' lang='lat' dir='ltr'>humero</span> 
     </span>
     <span class='ocr_line' id='line_1_18' title="bbox 377 2233 1722 2315; baseline 0 -17"><span class='ocrx_word' id='word_1_162' title='bbox 377 2233 498 2298; x_wconf 90' lang='lat' dir='ltr'>Orionis</span> <span class='ocrx_word' id='word_1_163' title='bbox 523 2242 575 2297; x_wconf 89' lang='lat' dir='ltr'>ant</span> <span class='ocrx_word' id='word_1_164' title='bbox 589 2236 728 2311; x_wconf 84' lang='lat' dir='ltr'>Arcturo,</span> <span class='ocrx_word' id='word_1_165' title='bbox 753 2242 806 2295; x_wconf 86' lang='lat' dir='ltr'>aut</span> <span class='ocrx_word' id='word_1_166' title='bbox 828 2234 906 2296; x_wconf 89' lang='lat' dir='ltr'>inter</span> <span class='ocrx_word' id='word_1_167' title='bbox 927 2235 1067 2315; x_wconf 89' lang='lat' dir='ltr'>planetas</span> <span class='ocrx_word' id='word_1_168' title='bbox 1090 2234 1159 2296; x_wconf 90' lang='lat' dir='ltr'>Jovi</span> <span class='ocrx_word' id='word_1_169' title='bbox 1178 2241 1210 2296; x_wconf 93' lang='lat' dir='ltr'>et</span> <span class='ocrx_word' id='word_1_170' title='bbox 1225 2234 1317 2296; x_wconf 89' lang='lat' dir='ltr'>Marti</span> <span class='ocrx_word' id='word_1_171' title='bbox 1341 2235 1396 2296; x_wconf 89' lang='lat' dir='ltr'>fuit</span> <span class='ocrx_word' id='word_1_172' title='bbox 1419 2234 1598 2310; x_wconf 87' lang='lat' dir='ltr'>assimilata,</span> <span class='ocrx_word' id='word_1_173' title='bbox 1623 2235 1722 2298; x_wconf 87' lang='lat' dir='ltr'>colors</span> 
     </span>
     <span class='ocr_line' id='line_1_19' title="bbox 377 2322 1724 2404; baseline -0.001 -16"><span class='ocrx_word' id='word_1_174' title='bbox 377 2325 502 2398; x_wconf 89' lang='lat' dir='ltr'>iudice),</span> <span class='ocrx_word' id='word_1_175' title='bbox 526 2323 580 2385; x_wconf 90' lang='lat' dir='ltr'>sed</span> <span class='ocrx_word' id='word_1_176' title='bbox 604 2325 632 2386; x_wconf 90' lang='lat' dir='ltr'>in</span> <span class='ocrx_word' id='word_1_177' title='bbox 656 2324 824 2403; x_wconf 88' lang='lat' dir='ltr'>receptione</span> <span class='ocrx_word' id='word_1_178' title='bbox 849 2334 881 2385; x_wconf 88' lang='lat' dir='ltr'>et</span> <span class='ocrx_word' id='word_1_179' title='bbox 904 2324 945 2386; x_wconf 90' lang='lat' dir='ltr'>sic</span> <span class='ocrx_word' id='word_1_180' title='bbox 960 2324 989 2385; x_wconf 90' lang='lat' dir='ltr'>in</span> <span class='ocrx_word' id='word_1_181' title='bbox 1005 2323 1145 2404; x_wconf 87' lang='lat' dir='ltr'>passione</span> <span class='ocrx_word' id='word_1_182' title='bbox 1160 2331 1285 2385; x_wconf 90' lang='lat' dir='ltr'>naturae</span> <span class='ocrx_word' id='word_1_183' title='bbox 1300 2322 1478 2399; x_wconf 88' lang='lat' dir='ltr'>sublunaris,</span> <span class='ocrx_word' id='word_1_184' title='bbox 1503 2343 1578 2404; x_wconf 91' lang='lat' dir='ltr'>qnae</span> <span class='ocrx_word' id='word_1_185' title='bbox 1602 2324 1651 2386; x_wconf 88' lang='lat' dir='ltr'>vel</span> <span class='ocrx_word' id='word_1_186' title='bbox 1674 2334 1724 2387; x_wconf 89' lang='lat' dir='ltr'>est</span> 
     </span>
     <span class='ocr_line' id='line_1_20' title="bbox 377 2411 1722 2493; baseline 0 -17"><span class='ocrx_word' id='word_1_187' title='bbox 377 2412 527 2477; x_wconf 86' lang='lat' dir='ltr'>sensitiva</span> <span class='ocrx_word' id='word_1_188' title='bbox 549 2414 597 2474; x_wconf 87' lang='lat' dir='ltr'>vel</span> <span class='ocrx_word' id='word_1_189' title='bbox 621 2413 782 2475; x_wconf 91' lang='lat' dir='ltr'>sensitivae</span> <span class='ocrx_word' id='word_1_190' title='bbox 798 2411 958 2475; x_wconf 89' lang='lat' dir='ltr'>simillima.</span> <span class='ocrx_word' id='word_1_191' title='bbox 995 2412 1113 2474; x_wconf 84' lang='lat' dir='ltr'>Animis</span> <span class='ocrx_word' id='word_1_192' title='bbox 1127 2411 1238 2493; x_wconf 93' lang='lat' dir='ltr'>quippe</span> <span class='ocrx_word' id='word_1_193' title='bbox 1253 2422 1283 2474; x_wconf 91' lang='lat' dir='ltr'>et</span> <span class='ocrx_word' id='word_1_194' title='bbox 1297 2412 1491 2474; x_wconf 88' lang='lat' dir='ltr'>facultatibus</span> <span class='ocrx_word' id='word_1_195' title='bbox 1506 2431 1602 2476; x_wconf 88' lang='lat' dir='ltr'>rerum</span> <span class='ocrx_word' id='word_1_196' title='bbox 1617 2413 1722 2476; x_wconf 91' lang='lat' dir='ltr'>sublu-</span> 
     </span>
     <span class='ocr_line' id='line_1_21' title="bbox 373 2501 1721 2583; baseline 0 -18"><span class='ocrx_word' id='word_1_197' title='bbox 373 2504 491 2567; x_wconf 91' lang='lat' dir='ltr'>narium</span> <span class='ocrx_word' id='word_1_198' title='bbox 515 2502 653 2583; x_wconf 89' lang='lat' dir='ltr'>cognatio</span> <span class='ocrx_word' id='word_1_199' title='bbox 677 2502 836 2564; x_wconf 88' lang='lat' dir='ltr'>intercedit</span> <span class='ocrx_word' id='word_1_200' title='bbox 860 2521 925 2564; x_wconf 88' lang='lat' dir='ltr'>curn</span> <span class='ocrx_word' id='word_1_201' title='bbox 949 2508 1057 2564; x_wconf 89' lang='lat' dir='ltr'>natura</span> <span class='ocrx_word' id='word_1_202' title='bbox 1080 2502 1170 2577; x_wconf 83' lang='lat' dir='ltr'>coeli3</span> <span class='ocrx_word' id='word_1_203' title='bbox 1195 2521 1288 2582; x_wconf 88' lang='lat' dir='ltr'>eaque</span> <span class='ocrx_word' id='word_1_204' title='bbox 1303 2501 1440 2582; x_wconf 69' lang='lat' dir='ltr'>triplex,</span> <span class='ocrx_word' id='word_1_205' title='bbox 1468 2501 1593 2577; x_wconf 89' lang='lat' dir='ltr'>caloris,</span> <span class='ocrx_word' id='word_1_206' title='bbox 1624 2511 1721 2565; x_wconf 90' lang='lat' dir='ltr'>motus</span> 
     </span>
     <span class='ocr_line' id='line_1_22' title="bbox 374 2590 1720 2660; baseline 0.002 -7"><span class='ocrx_word' id='word_1_207' title='bbox 374 2591 566 2655; x_wconf 86' lang='lat' dir='ltr'>strationis.</span> <span class='ocrx_word' id='word_1_208' title='bbox 612 2592 744 2653; x_wconf 90' lang='lat' dir='ltr'>Primum</span> <span class='ocrx_word' id='word_1_209' title='bbox 768 2591 844 2652; x_wconf 90' lang='lat' dir='ltr'>enirn</span> <span class='ocrx_word' id='word_1_210' title='bbox 876 2592 926 2652; x_wconf 89' lang='lat' dir='ltr'>lux</span> <span class='ocrx_word' id='word_1_211' title='bbox 954 2592 1103 2653; x_wconf 90' lang='lat' dir='ltr'>coelorum</span> <span class='ocrx_word' id='word_1_212' title='bbox 1136 2599 1184 2653; x_wconf 93' lang='lat' dir='ltr'>est</span> <span class='ocrx_word' id='word_1_213' title='bbox 1215 2591 1324 2653; x_wconf 90' lang='lat' dir='ltr'>caloris</span> <span class='ocrx_word' id='word_1_214' title='bbox 1356 2590 1505 2660; x_wconf 84' lang='lat' dir='ltr'>effectrix,</span> <span class='ocrx_word' id='word_1_215' title='bbox 1538 2599 1571 2652; x_wconf 93' lang='lat' dir='ltr'>et</span> <span class='ocrx_word' id='word_1_216' title='bbox 1602 2591 1720 2656; x_wconf 83' lang='lat' dir='ltr'>animas</span> 
     </span>
     <span class='ocr_line' id='line_1_23' title="bbox 374 2677 1721 2762; baseline 0 -18"><span class='ocrx_word' id='word_1_217' title='bbox 374 2681 590 2761; x_wconf 82' lang='lat' dir='ltr'>facultatisque</span> <span class='ocrx_word' id='word_1_218' title='bbox 605 2700 709 2742; x_wconf 80' lang='lat' dir='ltr'>rerum</span> <span class='ocrx_word' id='word_1_219' title='bbox 733 2680 947 2760; x_wconf 86' lang='lat' dir='ltr'>vegetabilium</span> <span class='ocrx_word' id='word_1_220' title='bbox 970 2701 1053 2742; x_wconf 91' lang='lat' dir='ltr'>suum</span> <span class='ocrx_word' id='word_1_221' title='bbox 1083 2699 1217 2761; x_wconf 90' lang='lat' dir='ltr'>quaeque</span> <span class='ocrx_word' id='word_1_222' title='bbox 1248 2681 1377 2742; x_wconf 88' lang='lat' dir='ltr'>calorem</span> <span class='ocrx_word' id='word_1_223' title='bbox 1409 2680 1438 2741; x_wconf 90' lang='lat' dir='ltr'>iu</span> <span class='ocrx_word' id='word_1_224' title='bbox 1471 2699 1608 2759; x_wconf 89' lang='lat' dir='ltr'>corpore,</span> <span class='ocrx_word' id='word_1_225' title='bbox 1642 2677 1721 2762; x_wconf 81' lang='lat' dir='ltr'>quod</span> 
     </span>
     <span class='ocr_line' id='line_1_24' title="bbox 373 2768 1723 2850; baseline 0.001 -18"><span class='ocrx_word' id='word_1_226' title='bbox 373 2770 553 2846; x_wconf 85' lang='lat' dir='ltr'>informant,</span> <span class='ocrx_word' id='word_1_227' title='bbox 586 2770 720 2832; x_wconf 82' lang='lat' dir='ltr'>excitant</span> <span class='ocrx_word' id='word_1_228' title='bbox 749 2771 873 2850; x_wconf 84' lang='lat' dir='ltr'>eumque</span> <span class='ocrx_word' id='word_1_229' title='bbox 900 2789 954 2850; x_wconf 89' lang='lat' dir='ltr'>pro</span> <span class='ocrx_word' id='word_1_230' title='bbox 979 2770 1090 2831; x_wconf 87' lang='lat' dir='ltr'>viribus</span> <span class='ocrx_word' id='word_1_231' title='bbox 1124 2776 1253 2831; x_wconf 89' lang='lat' dir='ltr'>tuentur.</span> <span class='ocrx_word' id='word_1_232' title='bbox 1301 2768 1354 2831; x_wconf 90' lang='lat' dir='ltr'>Sic</span> <span class='ocrx_word' id='word_1_233' title='bbox 1376 2769 1621 2831; x_wconf 88' lang='lat' dir='ltr'>stellis.additas</span> <span class='ocrx_word' id='word_1_234' title='bbox 1653 2778 1723 2834; x_wconf 89' lang='lat' dir='ltr'>sunt</span> 
     </span>
     <span class='ocr_line' id='line_1_25' title="bbox 375 2857 1719 2940; baseline 0.001 -20"><span class='ocrx_word' id='word_1_235' title='bbox 375 2860 547 2932; x_wconf 77' lang='lat' dir='ltr'>facultates,</span> <span class='ocrx_word' id='word_1_236' title='bbox 572 2879 646 2940; x_wconf 88' lang='lat' dir='ltr'>quae</span> <span class='ocrx_word' id='word_1_237' title='bbox 671 2859 738 2921; x_wconf 89' lang='lat' dir='ltr'>illas</span> <span class='ocrx_word' id='word_1_238' title='bbox 763 2866 893 2932; x_wconf 88' lang='lat' dir='ltr'>movent,</span> <span class='ocrx_word' id='word_1_239' title='bbox 916 2868 950 2921; x_wconf 91' lang='lat' dir='ltr'>ut</span> <span class='ocrx_word' id='word_1_240' title='bbox 973 2859 1127 2937; x_wconf 89' lang='lat' dir='ltr'>plurimum</span> <span class='ocrx_word' id='word_1_241' title='bbox 1152 2858 1270 2939; x_wconf 84' lang='lat' dir='ltr'>quidem</span> <span class='ocrx_word' id='word_1_242' title='bbox 1293 2857 1465 2920; x_wconf 88' lang='lat' dir='ltr'>materiales</span> <span class='ocrx_word' id='word_1_243' title='bbox 1488 2878 1541 2920; x_wconf 91' lang='lat' dir='ltr'>seu</span> <span class='ocrx_word' id='word_1_244' title='bbox 1565 2878 1630 2921; x_wconf 89' lang='lat' dir='ltr'>oum</span> <span class='ocrx_word' id='word_1_245' title='bbox 1649 2878 1719 2923; x_wconf 89' lang='lat' dir='ltr'>cor-</span> 
     </span>
     <span class='ocr_line' id='line_1_26' title="bbox 372 2946 1719 3029; baseline 0.001 -20"><span class='ocrx_word' id='word_1_246' title='bbox 372 2968 447 3028; x_wconf 93' lang='lat' dir='ltr'>pore</span> <span class='ocrx_word' id='word_1_247' title='bbox 471 2949 624 3021; x_wconf 87' lang='lat' dir='ltr'>dividuae,</span> <span class='ocrx_word' id='word_1_248' title='bbox 648 2957 709 3011; x_wconf 90' lang='lat' dir='ltr'>tarn</span> <span class='ocrx_word' id='word_1_249' title='bbox 734 2947 841 3010; x_wconf 91' lang='lat' dir='ltr'>insitae</span> <span class='ocrx_word' id='word_1_250' title='bbox 866 2967 953 3028; x_wconf 90' lang='lat' dir='ltr'>quam</span> <span class='ocrx_word' id='word_1_251' title='bbox 977 2947 1161 3009; x_wconf 87' lang='lat' dir='ltr'>adventitiae</span> <span class='ocrx_word' id='word_1_252' title='bbox 1186 2947 1298 3027; x_wconf 86' lang='lat' dir='ltr'>(qualis</span> <span class='ocrx_word' id='word_1_253' title='bbox 1321 2946 1439 3029; x_wconf 91' lang='lat' dir='ltr'>quidem</span> <span class='ocrx_word' id='word_1_254' title='bbox 1467 2946 1526 3008; x_wconf 91' lang='lat' dir='ltr'>hic·</span> <span class='ocrx_word' id='word_1_255' title='bbox 1548 2966 1641 3028; x_wconf 87' lang='lat' dir='ltr'>penes</span> <span class='ocrx_word' id='word_1_256' title='bbox 1664 2967 1719 3011; x_wconf 91' lang='lat' dir='ltr'>nos</span> 
     </span>
     <span class='ocr_line' id='line_1_27' title="bbox 373 3031 1721 3118; baseline 0.002 -20"><span class='ocrx_word' id='word_1_257' title='bbox 373 3048 423 3099; x_wconf 90' lang='lat' dir='ltr'>est</span> <span class='ocrx_word' id='word_1_258' title='bbox 446 3038 641 3116; x_wconf 89' lang='lat' dir='ltr'>magnetica),</span> <span class='ocrx_word' id='word_1_259' title='bbox 665 3038 718 3099; x_wconf 94' lang='lat' dir='ltr'>sed</span> <span class='ocrx_word' id='word_1_260' title='bbox 742 3035 842 3098; x_wconf 84' lang='lat' dir='ltr'>tamen</span> <span class='ocrx_word' id='word_1_261' title='bbox 867 3037 958 3098; x_wconf 90' lang='lat' dir='ltr'>etiarn</span> <span class='ocrx_word' id='word_1_262' title='bbox 983 3031 1197 3098; x_wconf 83' lang='lat' dir='ltr'>animales:&#39;&#39;et</span> <span class='ocrx_word' id='word_1_263' title='bbox 1219 3035 1268 3097; x_wconf 93' lang='lat' dir='ltr'>hic</span> <span class='ocrx_word' id='word_1_264' title='bbox 1284 3041 1399 3118; x_wconf 86' lang='lat' dir='ltr'>quoque</span> <span class='ocrx_word' id='word_1_265' title='bbox 1415 3034 1444 3098; x_wconf 90' lang='lat' dir='ltr'>iu</span> <span class='ocrx_word' id='word_1_266' title='bbox 1459 3035 1560 3098; x_wconf 89' lang='lat' dir='ltr'>Terris</span> <span class='ocrx_word' id='word_1_267' title='bbox 1584 3036 1721 3116; x_wconf 86' lang='lat' dir='ltr'>similiter</span> 
     </span>
     <span class='ocr_line' id='line_1_28' title="bbox 372 3123 1719 3207; baseline 0.001 -19"><span class='ocrx_word' id='word_1_268' title='bbox 372 3126 494 3189; x_wconf 88' lang='lat' dir='ltr'>animae</span> <span class='ocrx_word' id='word_1_269' title='bbox 519 3128 738 3207; x_wconf 87' lang='lat' dir='ltr'>facultatesque</span> <span class='ocrx_word' id='word_1_270' title='bbox 762 3145 859 3188; x_wconf 89' lang='lat' dir='ltr'>rerum</span> <span class='ocrx_word' id='word_1_271' title='bbox 881 3125 1093 3205; x_wconf 89' lang='lat' dir='ltr'>vegetabilium</span> <span class='ocrx_word' id='word_1_272' title='bbox 1117 3123 1290 3205; x_wconf 89' lang='lat' dir='ltr'>corporibus</span> <span class='ocrx_word' id='word_1_273' title='bbox 1317 3126 1379 3187; x_wconf 88' lang='lat' dir='ltr'>suis</span> <span class='ocrx_word' id='word_1_274' title='bbox 1409 3125 1519 3187; x_wconf 89' lang='lat' dir='ltr'>insunt.</span> <span class='ocrx_word' id='word_1_275' title='bbox 1541 3126 1622 3189; x_wconf 86' lang='lat' dir='ltr'>vitae</span> <span class='ocrx_word' id='word_1_276' title='bbox 1653 3133 1719 3189; x_wconf 84' lang='lat' dir='ltr'>mo-</span> 
     </span>
     <span class='ocr_line' id='line_1_29' title="bbox 371 3214 1719 3298; baseline -0.001 -19"><span class='ocrx_word' id='word_1_277' title='bbox 371 3227 480 3298; x_wconf 86' lang='lat' dir='ltr'>tusque</span> <span class='ocrx_word' id='word_1_278' title='bbox 504 3235 604 3277; x_wconf 88' lang='lat' dir='ltr'>causa.</span> <span class='ocrx_word' id='word_1_279' title='bbox 651 3215 785 3297; x_wconf 90' lang='lat' dir='ltr'>Denique</span> <span class='ocrx_word' id='word_1_280' title='bbox 808 3223 842 3277; x_wconf 92' lang='lat' dir='ltr'>ut</span> <span class='ocrx_word' id='word_1_281' title='bbox 865 3215 1027 3277; x_wconf 89' lang='lat' dir='ltr'>facultates</span> <span class='ocrx_word' id='word_1_282' title='bbox 1051 3215 1121 3277; x_wconf 89' lang='lat' dir='ltr'>illae</span> <span class='ocrx_word' id='word_1_283' title='bbox 1150 3215 1304 3276; x_wconf 89' lang='lat' dir='ltr'>stellarum</span> <span class='ocrx_word' id='word_1_284' title='bbox 1335 3214 1476 3278; x_wconf 90' lang='lat' dir='ltr'>motrices</span> <span class='ocrx_word' id='word_1_285' title='bbox 1506 3224 1577 3277; x_wconf 91' lang='lat' dir='ltr'>sunt</span> <span class='ocrx_word' id='word_1_286' title='bbox 1607 3215 1719 3279; x_wconf 88' lang='lat' dir='ltr'>mentis</span> 
     </span>
     <span class='ocr_line' id='line_1_30' title="bbox 371 3302 1718 3388; baseline -0.001 -20"><span class='ocrx_word' id='word_1_287' title='bbox 371 3306 592 3388; x_wconf 89' lang='lat' dir='ltr'>quodammodo</span> <span class='ocrx_word' id='word_1_288' title='bbox 616 3306 792 3384; x_wconf 90' lang='lat' dir='ltr'>participes,</span> <span class='ocrx_word' id='word_1_289' title='bbox 822 3313 855 3365; x_wconf 90' lang='lat' dir='ltr'>ut</span> <span class='ocrx_word' id='word_1_290' title='bbox 878 3323 962 3365; x_wconf 90' lang='lat' dir='ltr'>snum</span> <span class='ocrx_word' id='word_1_291' title='bbox 985 3304 1044 3365; x_wconf 91' lang='lat' dir='ltr'>iter</span> <span class='ocrx_word' id='word_1_292' title='bbox 1067 3304 1153 3386; x_wconf 84' lang='lat' dir='ltr'>quasi</span> <span class='ocrx_word' id='word_1_293' title='bbox 1175 3302 1364 3383; x_wconf 87' lang='lat' dir='ltr'>intelligant,</span> <span class='ocrx_word' id='word_1_294' title='bbox 1388 3304 1600 3384; x_wconf 91' lang='lat' dir='ltr'>imaginentur,</span> <span class='ocrx_word' id='word_1_295' title='bbox 1626 3305 1718 3367; x_wconf 80' lang='lat' dir='ltr'>affec·</span> 
     </span>
     <span class='ocr_line' id='line_1_31' title="bbox 372 3392 1718 3475; baseline 0 -17"><span class='ocrx_word' id='word_1_296' title='bbox 372 3402 455 3467; x_wconf 90' lang='lat' dir='ltr'>tent,</span> <span class='ocrx_word' id='word_1_297' title='bbox 479 3414 537 3456; x_wconf 89' lang='grc' dir='ltr'>ιιοιι</span> <span class='ocrx_word' id='word_1_298' title='bbox 561 3394 765 3456; x_wconf 91' lang='lat' dir='ltr'>ratiocinando</span> <span class='ocrx_word' id='word_1_299' title='bbox 789 3392 916 3475; x_wconf 89' lang='lat' dir='ltr'>quidem,</span> <span class='ocrx_word' id='word_1_300' title='bbox 940 3402 973 3454; x_wconf 89' lang='grc' dir='ltr'>ιιι</span> <span class='ocrx_word' id='word_1_301' title='bbox 996 3413 1050 3454; x_wconf 91' lang='lat' dir='ltr'>nos</span> <span class='ocrx_word' id='word_1_302' title='bbox 1073 3393 1219 3467; x_wconf 85' lang='lat' dir='ltr'>homiues,</span> <span class='ocrx_word' id='word_1_303' title='bbox 1247 3393 1301 3454; x_wconf 89' lang='lat' dir='ltr'>sed</span> <span class='ocrx_word' id='word_1_304' title='bbox 1325 3392 1458 3473; x_wconf 90' lang='lat' dir='ltr'>ingenita</span> <span class='ocrx_word' id='word_1_305' title='bbox 1482 3392 1511 3454; x_wconf 92' lang='lat' dir='ltr'>vi</span> <span class='ocrx_word' id='word_1_306' title='bbox 1534 3397 1574 3455; x_wconf 86' lang='lat' dir='ltr'>et&#39;</span> <span class='ocrx_word' id='word_1_307' title='bbox 1588 3393 1718 3474; x_wconf 87' lang='lat' dir='ltr'>quasin</span> 
     </span>
     <span class='ocr_line' id='line_1_32' title="bbox 371 3482 1718 3567; baseline -0.001 -21"><span class='ocrx_word' id='word_1_308' title='bbox 371 3484 471 3567; x_wconf 91' lang='lat' dir='ltr'>prima</span> <span class='ocrx_word' id='word_1_309' title='bbox 494 3483 643 3545; x_wconf 88' lang='lat' dir='ltr'>creatione</span> <span class='ocrx_word' id='word_1_310' title='bbox 668 3483 742 3562; x_wconf 89' lang='lat' dir='ltr'>ipsis</span> <span class='ocrx_word' id='word_1_311' title='bbox 766 3492 813 3544; x_wconf 91' lang='lat' dir='ltr'>est</span> <span class='ocrx_word' id='word_1_312' title='bbox 836 3482 992 3545; x_wconf 88' lang='lat' dir='ltr'>instincta:</span> <span class='ocrx_word' id='word_1_313' title='bbox 1018 3483 1061 3543; x_wconf 89' lang='lat' dir='ltr'>sic</span> <span class='ocrx_word' id='word_1_314' title='bbox 1085 3482 1247 3544; x_wconf 88' lang='lat' dir='ltr'>facultates</span> <span class='ocrx_word' id='word_1_315' title='bbox 1267 3482 1411 3543; x_wconf 88' lang='lat' dir='ltr'>animales</span> <span class='ocrx_word' id='word_1_316' title='bbox 1425 3501 1522 3544; x_wconf 90' lang='lat' dir='ltr'>rerum</span> <span class='ocrx_word' id='word_1_317' title='bbox 1538 3482 1718 3545; x_wconf 88' lang='lat' dir='ltr'>naturalium</span> 
     </span>
     <span class='ocr_line' id='line_1_33' title="bbox 374 3567 1725 3655; baseline -0.001 -20"><span class='ocrx_word' id='word_1_318' title='bbox 374 3571 515 3635; x_wconf 89' lang='lat' dir='ltr'>obtinent</span> <span class='ocrx_word' id='word_1_319' title='bbox 537 3572 683 3653; x_wconf 88' lang='lat' dir='ltr'>quendam</span> <span class='ocrx_word' id='word_1_320' title='bbox 707 3567 890 3633; x_wconf 85' lang='lat' dir='ltr'>intellectum</span> <span class='ocrx_word' id='word_1_321' title='bbox 913 3570 980 3633; x_wconf 87' lang='lat' dir='ltr'>finis</span> <span class='ocrx_word' id='word_1_322' title='bbox 1004 3572 1050 3634; x_wconf 90' lang='lat' dir='ltr'>sui</span> <span class='ocrx_word' id='word_1_323' title='bbox 1073 3572 1153 3646; x_wconf 88' lang='lat' dir='ltr'>(sine</span> <span class='ocrx_word' id='word_1_324' title='bbox 1172 3571 1290 3651; x_wconf 90' lang='lat' dir='ltr'>quidem</span> <span class='ocrx_word' id='word_1_325' title='bbox 1308 3570 1560 3646; x_wconf 87' lang='lat' dir='ltr'>ratiocinatione),</span> <span class='ocrx_word' id='word_1_326' title='bbox 1584 3572 1613 3632; x_wconf 90' lang='lat' dir='ltr'>iu</span> <span class='ocrx_word' id='word_1_327' title='bbox 1633 3590 1725 3655; x_wconf 27' lang='lat' dir='ltr'>quem,</span> 
     </span>
    </p>
   </div>
   <div class='ocr_carea' id='block_1_3' title="bbox 373 3657 1814 3741">
    <p class='ocr_par' dir='ltr' id='par_1_4' title="bbox 373 3657 1814 3741">
     <span class='ocr_line' id='line_1_34' title="bbox 373 3657 1814 3741; baseline -0.003 -16"><span class='ocrx_word' id='word_1_328' title='bbox 373 3682 479 3725; x_wconf 90' lang='lat' dir='ltr'>omnes</span> <span class='ocrx_word' id='word_1_329' title='bbox 502 3681 573 3724; x_wconf 91' lang='lat' dir='ltr'>suas</span> <span class='ocrx_word' id='word_1_330' title='bbox 597 3661 732 3723; x_wconf 90' lang='lat' dir='ltr'>actiones</span> <span class='ocrx_word' id='word_1_331' title='bbox 757 3657 895 3741; x_wconf 87' lang='lat' dir='ltr'>dirigunt.</span> <span class='ocrx_word' id='word_1_332' title='bbox 941 3661 1041 3724; x_wconf 78' lang='lat' dir='ltr'>Tanta</span> <span class='ocrx_word' id='word_1_333' title='bbox 1064 3680 1129 3722; x_wconf 91' lang='lat' dir='ltr'>cum</span> <span class='ocrx_word' id='word_1_334' title='bbox 1153 3660 1193 3722; x_wconf 85' lang='lat' dir='ltr'>sit</span> <span class='ocrx_word' id='word_1_335' title='bbox 1218 3660 1374 3738; x_wconf 87' lang='lat' dir='ltr'>cognatio,</span> <span class='ocrx_word' id='word_1_336' title='bbox 1408 3660 1480 3722; x_wconf 93' lang='lat' dir='ltr'>nihil</span> <span class='ocrx_word' id='word_1_337' title='bbox 1512 3659 1638 3740; x_wconf 90' lang='lat' dir='ltr'>amplius</span> <span class='ocrx_word' id='word_1_338' title='bbox 1670 3666 1720 3721; x_wconf 90' lang='lat' dir='ltr'>est</span> <span class='ocrx_word' id='word_1_339' title='bbox 1811 3670 1814 3678; x_wconf 91' lang='lat'>&#39;</span> 
     </span>
    </p>
   </div>
   <div class='ocr_carea' id='block_1_4' title="bbox 373 3748 1721 4101">
    <p class='ocr_par' dir='ltr' id='par_1_5' title="bbox 373 3748 1721 4101">
     <span class='ocr_line' id='line_1_35' title="bbox 374 3748 1719 3832; baseline -0.004 -17"><span class='ocrx_word' id='word_1_340' title='bbox 374 3753 429 3815; x_wconf 83' lang='lat' dir='ltr'>cn&#39;r</span> <span class='ocrx_word' id='word_1_341' title='bbox 452 3751 567 3813; x_wconf 89' lang='lat' dir='ltr'>mireris</span> <span class='ocrx_word' id='word_1_342' title='bbox 596 3770 662 3812; x_wconf 90' lang='lat' dir='ltr'>eam</span> <span class='ocrx_word' id='word_1_343' title='bbox 687 3754 875 3827; x_wconf 75' lang='lat' dir='ltr'>sapaudum</span> <span class='ocrx_word' id='word_1_344' title='bbox 903 3750 981 3811; x_wconf 89' lang='lat' dir='ltr'>iuter</span> <span class='ocrx_word' id='word_1_345' title='bbox 1013 3751 1161 3811; x_wconf 90' lang='lat' dir='ltr'>coelorum</span> <span class='ocrx_word' id='word_1_346' title='bbox 1180 3756 1288 3832; x_wconf 86' lang='lat' dir='ltr'>¹motus</span> <span class='ocrx_word' id='word_1_347' title='bbox 1318 3757 1350 3809; x_wconf 91' lang='lat' dir='ltr'>et</span> <span class='ocrx_word' id='word_1_348' title='bbox 1372 3749 1534 3810; x_wconf 88' lang='lat' dir='ltr'>facultates</span> <span class='ocrx_word' id='word_1_349' title='bbox 1566 3748 1719 3825; x_wconf 89' lang='lat' dir='ltr'>animales,</span> 
     </span>
     <span class='ocr_line' id='line_1_36' title="bbox 374 3836 1721 3923; baseline -0.001 -21"><span class='ocrx_word' id='word_1_350' title='bbox 374 3860 464 3923; x_wconf 87' lang='lat' dir='ltr'>quam</span> <span class='ocrx_word' id='word_1_351' title='bbox 488 3858 579 3920; x_wconf 89' lang='lat' dir='ltr'>supra</span> <span class='ocrx_word' id='word_1_352' title='bbox 601 3840 769 3902; x_wconf 89' lang='lat' dir='ltr'>manifestis</span> <span class='ocrx_word' id='word_1_353' title='bbox 793 3838 1003 3921; x_wconf 88' lang='lat' dir='ltr'>experimentis</span> <span class='ocrx_word' id='word_1_354' title='bbox 1023 3838 1194 3901; x_wconf 88' lang='lat' dir='ltr'>confirmavi</span> <span class='ocrx_word' id='word_1_355' title='bbox 1209 3855 1274 3917; x_wconf 90' lang='lat' dir='ltr'>cap.</span> <span class='ocrx_word' id='word_1_356' title='bbox 1290 3837 1378 3900; x_wconf 90' lang='lat' dir='ltr'>VIII.</span> <span class='ocrx_word' id='word_1_357' title='bbox 1394 3846 1426 3899; x_wconf 87' lang='lat' dir='ltr'>ct</span> <span class='ocrx_word' id='word_1_358' title='bbox 1438 3837 1479 3899; x_wconf 89' lang='lat' dir='ltr'>X.</span> <span class='ocrx_word' id='word_1_359' title='bbox 1522 3836 1606 3909; x_wconf 85' lang='lat' dir='ltr'>Quae</span> <span class='ocrx_word' id='word_1_360' title='bbox 1630 3837 1721 3918; x_wconf 89' lang='lat' dir='ltr'>igitur</span> 
     </span>
     <span class='ocr_line' id='line_1_37' title="bbox 374 3923 1720 4009; baseline -0.002 -16"><span class='ocrx_word' id='word_1_361' title='bbox 374 3929 417 3993; x_wconf 92' lang='lat' dir='ltr'>ibi</span> <span class='ocrx_word' id='word_1_362' title='bbox 441 3929 612 4009; x_wconf 88' lang='lat' dir='ltr'>specialiter</span> <span class='ocrx_word' id='word_1_363' title='bbox 634 3939 705 3991; x_wconf 91' lang='lat' dir='ltr'>sunt</span> <span class='ocrx_word' id='word_1_364' title='bbox 727 3927 935 4009; x_wconf 86' lang='lat' dir='ltr'>comprobata,</span> <span class='ocrx_word' id='word_1_365' title='bbox 963 3927 1029 4007; x_wconf 89' lang='lat' dir='ltr'>jam</span> <span class='ocrx_word' id='word_1_366' title='bbox 1051 3934 1258 4000; x_wconf 89' lang='lat' dir='ltr'>assumantur,</span> <span class='ocrx_word' id='word_1_367' title='bbox 1272 3953 1275 3961; x_wconf 95' lang='lat'>·</span> <span class='ocrx_word' id='word_1_368' title='bbox 1291 3926 1401 4007; x_wconf 85' lang='lat' dir='ltr'>fiatque</span> <span class='ocrx_word' id='word_1_369' title='bbox 1433 3927 1581 4006; x_wconf 88' lang='lat' dir='ltr'>probabili</span> <span class='ocrx_word' id='word_1_370' title='bbox 1603 3923 1720 3990; x_wconf 78' lang='lat' dir='ltr'>rationo</span> 
     </span>
     <span class='ocr_line' id='line_1_38' title="bbox 373 4015 1537 4101; baseline -0.009 -19"><span class='ocrx_word' id='word_1_371' title='bbox 373 4020 515 4101; x_wconf 81' lang='lat' dir='ltr'>generale</span> <span class='ocrx_word' id='word_1_372' title='bbox 539 4019 660 4080; x_wconf 84' lang='lat' dir='ltr'>tandem</span> <span class='ocrx_word' id='word_1_373' title='bbox 684 4037 738 4080; x_wconf 90' lang='lat' dir='ltr'>ceu</span> <span class='ocrx_word' id='word_1_374' title='bbox 762 4036 799 4079; x_wconf 86' lang='lat' dir='ltr'>ex</span> <span class='ocrx_word' id='word_1_375' title='bbox 821 4017 990 4079; x_wconf 88' lang='lat' dir='ltr'>inductione</span> <span class='ocrx_word' id='word_1_376' title='bbox 1015 4018 1171 4080; x_wconf 89' lang='lat' dir='ltr'>collectum</span> <span class='ocrx_word' id='word_1_377' title='bbox 1195 4015 1435 4096; x_wconf 89' lang='lat' dir='ltr'>pronunciatum:</span> <span class='ocrx_word' id='word_1_378' title='bbox 1535 4065 1537 4072; x_wconf 93' lang='lat'><em>.</em></span> 
     </span>
    </p>
   </div>
   <div class='ocr_carea' id='block_1_5' title="bbox 374 4121 1722 5259">
    <p class='ocr_par' dir='ltr' id='par_1_6' title="bbox 374 4121 1722 4921">
     <span class='ocr_line' id='line_1_39' title="bbox 465 4121 1720 4204; baseline -0.003 -15"><span class='ocrx_word' id='word_1_379' title='bbox 465 4126 566 4190; x_wconf 91' lang='lat' dir='ltr'>Nihil</span> <span class='ocrx_word' id='word_1_380' title='bbox 599 4146 683 4188; x_wconf 88' lang='lat' dir='ltr'>esse</span> <span class='ocrx_word' id='word_1_381' title='bbox 716 4125 775 4188; x_wconf 88' lang='lat' dir='ltr'>vel</span> <span class='ocrx_word' id='word_1_382' title='bbox 810 4123 896 4186; x_wconf 90' lang='lat' dir='ltr'>fieri</span> <span class='ocrx_word' id='word_1_383' title='bbox 932 4123 968 4186; x_wconf 92' lang='lat' dir='ltr'>in</span> <span class='ocrx_word' id='word_1_384' title='bbox 1006 4122 1301 4204; x_wconf 80' lang='lat' dir='ltr'>coelovisibili,</span> <span class='ocrx_word' id='word_1_385' title='bbox 1337 4121 1443 4201; x_wconf 90' lang='lat' dir='ltr'>cujus</span> <span class='ocrx_word' id='word_1_386' title='bbox 1477 4141 1614 4185; x_wconf 88' lang='lat' dir='ltr'>sensus</span> <span class='ocrx_word' id='word_1_387' title='bbox 1650 4142 1720 4186; x_wconf 92' lang='lat' dir='ltr'>non</span> 
     </span>
     <span class='ocr_line' id='line_1_40' title="bbox 375 4211 1722 4295; baseline -0.001 -17"><span class='ocrx_word' id='word_1_388' title='bbox 375 4217 528 4278; x_wconf 87' lang='lat' dir='ltr'>occulta</span> <span class='ocrx_word' id='word_1_389' title='bbox 546 4216 698 4295; x_wconf 89' lang='lat' dir='ltr'>quadam</span> <span class='ocrx_word' id='word_1_390' title='bbox 716 4214 862 4276; x_wconf 89' lang='lat' dir='ltr'>ratione</span> <span class='ocrx_word' id='word_1_391' title='bbox 881 4213 1074 4275; x_wconf 65' lang='lat' dir='ltr'>inmersas</span> <span class='ocrx_word' id='word_1_392' title='bbox 1098 4214 1205 4295; x_wconf 90' lang='lat' dir='ltr'>inque</span> <span class='ocrx_word' id='word_1_393' title='bbox 1231 4231 1357 4275; x_wconf 89' lang='lat' dir='ltr'>omnes</span> <span class='ocrx_word' id='word_1_394' title='bbox 1383 4211 1584 4275; x_wconf 88' lang='lat' dir='ltr'>facultates</span> <span class='ocrx_word' id='word_1_395' title='bbox 1603 4214 1722 4276; x_wconf 89' lang='lat' dir='ltr'>reru&#39;m</span> 
     </span>
     <span class='ocr_line' id='line_1_41' title="bbox 374 4300 1719 4385; baseline -0.006 -15"><span class='ocrx_word' id='word_1_396' title='bbox 374 4305 599 4370; x_wconf 84' lang='lat' dir='ltr'>naturalium</span> <span class='ocrx_word' id='word_1_397' title='bbox 629 4303 866 4385; x_wconf 88' lang='lat' dir='ltr'>porrigatur:</span> <span class='ocrx_word' id='word_1_398' title='bbox 898 4321 1034 4383; x_wconf 85' lang='lat' dir='ltr'>easque</span> <span class='ocrx_word' id='word_1_399' title='bbox 1070 4303 1282 4365; x_wconf 86' lang='lat' dir='ltr'>facultates</span> <span class='ocrx_word' id='word_1_400' title='bbox 1314 4300 1495 4364; x_wconf 85' lang='lat' dir='ltr'>animales</span> <span class='ocrx_word' id='word_1_401' title='bbox 1527 4301 1579 4363; x_wconf 89' lang='lat' dir='ltr'>sic</span> <span class='ocrx_word' id='word_1_402' title='bbox 1610 4300 1719 4365; x_wconf 84' lang='lat' dir='ltr'>affi‘ci</span> 
     </span>
     <span class='ocr_line' id='line_1_42' title="bbox 374 4389 1720 4474; baseline -0.003 -16"><span class='ocrx_word' id='word_1_403' title='bbox 374 4394 466 4459; x_wconf 91' lang='lat' dir='ltr'>hic</span> <span class='ocrx_word' id='word_1_404' title='bbox 459 4414 494 4456; x_wconf 91' lang='grc' dir='ltr'>ιιι</span> <span class='ocrx_word' id='word_1_405' title='bbox 517 4393 651 4468; x_wconf 86' lang='lat' dir='ltr'>Terris,</span> <span class='ocrx_word' id='word_1_406' title='bbox 676 4400 716 4454; x_wconf 90' lang='grc' dir='ltr'>ιιι</span> <span class='ocrx_word' id='word_1_407' title='bbox 739 4391 910 4454; x_wconf 88' lang='lat' dir='ltr'>coslum</span> <span class='ocrx_word' id='word_1_408' title='bbox 902 4402 1022 4472; x_wconf 80' lang='lat' dir='ltr'>ipsum</span> <span class='ocrx_word' id='word_1_409' title='bbox 1044 4391 1227 4455; x_wconf 87' lang='lat' dir='ltr'>afficitur</span> <span class='ocrx_word' id='word_1_410' title='bbox 1266 4392 1322 4458; x_wconf 91' lang='lat' dir='ltr'>Ita</span> <span class='ocrx_word' id='word_1_411' title='bbox 1339 4390 1398 4463; x_wconf 87' lang='lat' dir='ltr'>het,</span> <span class='ocrx_word' id='word_1_412' title='bbox 1423 4397 1466 4468; x_wconf 89' lang='lat' dir='ltr'>ut,</span> <span class='ocrx_word' id='word_1_413' title='bbox 1489 4389 1720 4474; x_wconf 85' lang='lat' dir='ltr'>quotiescunque</span> 
     </span>
     <span class='ocr_line' id='line_1_43' title="bbox 375 4441 1720 4583; baseline -0.007 -35"><span class='ocrx_word' id='word_1_414' title='bbox 375 4502 484 4548; x_wconf 90' lang='lat' dir='ltr'>novum</span> <span class='ocrx_word' id='word_1_415' title='bbox 509 4491 541 4544; x_wconf 90' lang='lat' dir='ltr'>ct</span> <span class='ocrx_word' id='word_1_416' title='bbox 562 4441 715 4544; x_wconf 84' lang='lat' dir='ltr'>insolitum</span> <span class='ocrx_word' id='word_1_417' title='bbox 738 4480 880 4562; x_wconf 90' lang='lat' dir='ltr'>aliquid</span> <span class='ocrx_word' id='word_1_418' title='bbox 872 4500 901 4543; x_wconf 91' lang='grc' dir='ltr'>ιιι</span> <span class='ocrx_word' id='word_1_419' title='bbox 926 4482 1008 4543; x_wconf 90' lang='lat' dir='ltr'>coelo</span> <span class='ocrx_word' id='word_1_420' title='bbox 1032 4488 1172 4561; x_wconf 87' lang='lat' dir='ltr'>apparet,</span> <span class='ocrx_word' id='word_1_421' title='bbox 1206 4488 1312 4542; x_wconf 87' lang='lat' dir='ltr'>natura</span> <span class='ocrx_word' id='word_1_422' title='bbox 1343 4478 1511 4542; x_wconf 88' lang='lat' dir='ltr'>sublunaris</span> <span class='ocrx_word' id='word_1_423' title='bbox 1545 4480 1605 4555; x_wconf 89' lang='lat' dir='ltr'>(coi</span> <span class='ocrx_word' id='word_1_424' title='bbox 1628 4498 1720 4583; x_wconf 72' lang='lat' dir='ltr'>pras·</span> 
     </span>
     <span class='ocr_line' id='line_1_44' title="bbox 375 4568 1720 4674; baseline -0.004 -37"><span class='ocrx_word' id='word_1_425' title='bbox 375 4573 457 4654; x_wconf 86' lang='lat' dir='ltr'>sidet</span> <span class='ocrx_word' id='word_1_426' title='bbox 479 4572 579 4674; x_wconf 88' lang='lat' dir='ltr'>aliqua</span> <span class='ocrx_word' id='word_1_427' title='bbox 602 4571 732 4633; x_wconf 86' lang='lat' dir='ltr'>facultas</span> <span class='ocrx_word' id='word_1_428' title='bbox 755 4570 908 4648; x_wconf 84' lang='lat' dir='ltr'>animalis)</span> <span class='ocrx_word' id='word_1_429' title='bbox 933 4570 1149 4650; x_wconf 88' lang='lat' dir='ltr'>quodammodo</span> <span class='ocrx_word' id='word_1_430' title='bbox 1180 4569 1381 4631; x_wconf 86' lang='lat' dir='ltr'>cohorrescat.</span> <span class='ocrx_word' id='word_1_431' title='bbox 1426 4569 1477 4631; x_wconf 84' lang='lat' dir='ltr'>Ad</span> <span class='ocrx_word' id='word_1_432' title='bbox 1504 4579 1611 4651; x_wconf 86' lang='lat' dir='ltr'>postas</span> <span class='ocrx_word' id='word_1_433' title='bbox 1642 4568 1720 4631; x_wconf 90' lang='lat' dir='ltr'>enim</span> 
     </span>
     <span class='ocr_line' id='line_1_45' title="bbox 376 4647 1720 4763; baseline -0.004 -39"><span class='ocrx_word' id='word_1_434' title='bbox 376 4671 411 4724; x_wconf 90' lang='lat' dir='ltr'>et</span> <span class='ocrx_word' id='word_1_435' title='bbox 434 4662 474 4723; x_wconf 94' lang='lat' dir='ltr'>ad</span> <span class='ocrx_word' id='word_1_436' title='bbox 496 4661 621 4741; x_wconf 91' lang='lat' dir='ltr'>primam</span> <span class='ocrx_word' id='word_1_437' title='bbox 643 4680 741 4723; x_wconf 88' lang='lat' dir='ltr'>meam</span> <span class='ocrx_word' id='word_1_438' title='bbox 763 4682 980 4763; x_wconf 65' lang='lat' dir='ltr'>nocuumque,</span> <span class='ocrx_word' id='word_1_439' title='bbox 1011 4679 1070 4741; x_wconf 90' lang='lat' dir='ltr'>qua</span> <span class='ocrx_word' id='word_1_440' title='bbox 1101 4679 1172 4722; x_wconf 91' lang='lat' dir='ltr'>usus</span> <span class='ocrx_word' id='word_1_441' title='bbox 1200 4677 1265 4719; x_wconf 90' lang='lat' dir='ltr'>snm</span> <span class='ocrx_word' id='word_1_442' title='bbox 1293 4657 1332 4721; x_wconf 88' lang='lat' dir='ltr'>ad</span> <span class='ocrx_word' id='word_1_443' title='bbox 1354 4647 1410 4719; x_wconf 90' lang='lat' dir='ltr'>hoc</span> <span class='ocrx_word' id='word_1_444' title='bbox 1433 4656 1529 4734; x_wconf 88' lang='lat' dir='ltr'>sidus,</span> <span class='ocrx_word' id='word_1_445' title='bbox 1562 4657 1720 4720; x_wconf 88' lang='lat' dir='ltr'>manifeste</span> 
     </span>
     <span class='ocr_line' id='line_1_46' title="bbox 377 4744 1720 4831; baseline -0.004 -16"><span class='ocrx_word' id='word_1_446' title='bbox 377 4750 588 4830; x_wconf 86' lang='lat' dir='ltr'>transfugiam,</span> <span class='ocrx_word' id='word_1_447' title='bbox 613 4749 682 4831; x_wconf 92' lang='lat' dir='ltr'>quia</span> <span class='ocrx_word' id='word_1_448' title='bbox 705 4750 782 4830; x_wconf 91' lang='lat' dir='ltr'>apud</span> <span class='ocrx_word' id='word_1_449' title='bbox 807 4768 868 4823; x_wconf 90' lang='lat' dir='ltr'>eos,</span> <span class='ocrx_word' id='word_1_450' title='bbox 894 4749 943 4829; x_wconf 91' lang='lat' dir='ltr'>qui</span> <span class='ocrx_word' id='word_1_451' title='bbox 965 4749 996 4809; x_wconf 88' lang='lat' dir='ltr'>in</span> <span class='ocrx_word' id='word_1_452' title='bbox 1018 4746 1216 4828; x_wconf 84' lang='lat' dir='ltr'>philosophia</span> <span class='ocrx_word' id='word_1_453' title='bbox 1230 4744 1317 4808; x_wconf 88' lang='lat' dir='ltr'>hodie</span> <span class='ocrx_word' id='word_1_454' title='bbox 1341 4766 1438 4809; x_wconf 91' lang='lat' dir='ltr'>rerum</span> <span class='ocrx_word' id='word_1_455' title='bbox 1461 4748 1626 4828; x_wconf 89' lang='lat' dir='ltr'>potiuntur,</span> <span class='ocrx_word' id='word_1_456' title='bbox 1650 4746 1720 4809; x_wconf 88' lang='lat' dir='ltr'>novi</span> 
     </span>
     <span class='ocr_line' id='line_1_47' title="bbox 377 4836 1719 4921; baseline -0.004 -17"><span class='ocrx_word' id='word_1_457' title='bbox 377 4838 530 4921; x_wconf 88' lang='lat' dir='ltr'>dogmatis</span> <span class='ocrx_word' id='word_1_458' title='bbox 555 4859 678 4901; x_wconf 88' lang='lat' dir='ltr'>causam</span> <span class='ocrx_word' id='word_1_459' title='bbox 701 4838 835 4901; x_wconf 88' lang='lat' dir='ltr'>obtinere</span> <span class='ocrx_word' id='word_1_460' title='bbox 860 4838 994 4917; x_wconf 85' lang='lat' dir='ltr'>despero.</span> <span class='ocrx_word' id='word_1_461' title='bbox 1031 4837 1139 4918; x_wconf 92' lang='lat' dir='ltr'>Itaque</span> <span class='ocrx_word' id='word_1_462' title='bbox 1153 4837 1256 4917; x_wconf 91' lang='lat' dir='ltr'>procul</span> <span class='ocrx_word' id='word_1_463' title='bbox 1271 4855 1288 4897; x_wconf 91' lang='lat' dir='ltr'>o</span> <span class='ocrx_word' id='word_1_464' title='bbox 1304 4836 1430 4915; x_wconf 88' lang='lat' dir='ltr'>profani,</span> <span class='ocrx_word' id='word_1_465' title='bbox 1452 4836 1544 4912; x_wconf 88' lang='lat' dir='ltr'>Dens,</span> <span class='ocrx_word' id='word_1_466' title='bbox 1566 4856 1602 4898; x_wconf 92' lang='lat' dir='ltr'>en</span> <span class='ocrx_word' id='word_1_467' title='bbox 1617 4836 1719 4900; x_wconf 85' lang='lat' dir='ltr'>Deus!</span> 
     </span>
    </p>

    <p class='ocr_par' dir='ltr' id='par_1_7' title="bbox 544 4944 1507 5259">
     <span class='ocr_line' id='line_1_48' title="bbox 544 4944 1404 5022; baseline -0.006 -19"><span class='ocrx_word' id='word_1_468' title='bbox 544 4971 545 4976; x_wconf 44' lang='lat'>¹</span> <span class='ocrx_word' id='word_1_469' title='bbox 644 4948 735 5003; x_wconf 82' lang='lat' dir='ltr'>Stella</span> <span class='ocrx_word' id='word_1_470' title='bbox 754 4963 862 5017; x_wconf 87' lang='lat' dir='ltr'>repens,</span> <span class='ocrx_word' id='word_1_471' title='bbox 884 4947 979 5000; x_wconf 84' lang='lat' dir='ltr'>laesae</span> <span class='ocrx_word' id='word_1_472' title='bbox 1000 4945 1091 5002; x_wconf 84' lang='lat' dir='ltr'>divum</span> <span class='ocrx_word' id='word_1_473' title='bbox 1109 4944 1279 5016; x_wconf 86' lang='lat' dir='ltr'>praenuncia</span> <span class='ocrx_word' id='word_1_474' title='bbox 1293 4944 1404 5022; x_wconf 85' lang='lat' dir='ltr'>mentis,</span> 
     </span>
     <span class='ocr_line' id='line_1_49' title="bbox 645 5024 1359 5097; baseline -0.003 -15"><span class='ocrx_word' id='word_1_475' title='bbox 645 5030 722 5091; x_wconf 83' lang='lat' dir='ltr'>Quae</span> <span class='ocrx_word' id='word_1_476' title='bbox 742 5028 820 5088; x_wconf 86' lang='lat' dir='ltr'>velut</span> <span class='ocrx_word' id='word_1_477' title='bbox 840 5024 949 5081; x_wconf 85' lang='lat' dir='ltr'>ardenti</span> <span class='ocrx_word' id='word_1_478' title='bbox 968 5027 1149 5081; x_wconf 87' lang='lat' dir='ltr'>carbunculus</span> <span class='ocrx_word' id='word_1_479' title='bbox 1169 5025 1256 5082; x_wconf 85' lang='lat' dir='ltr'>ureris</span> <span class='ocrx_word' id='word_1_480' title='bbox 1277 5024 1359 5097; x_wconf 84' lang='lat' dir='ltr'>igne!</span> 
     </span>
     <span class='ocr_line' id='line_1_50' title="bbox 646 5105 1507 5182; baseline -0.005 -19"><span class='ocrx_word' id='word_1_481' title='bbox 646 5107 733 5172; x_wconf 82' lang='lat' dir='ltr'>Quam</span> <span class='ocrx_word' id='word_1_482' title='bbox 753 5113 781 5162; x_wconf 82' lang='lat' dir='ltr'>ta</span> <span class='ocrx_word' id='word_1_483' title='bbox 801 5124 917 5179; x_wconf 87' lang='lat' dir='ltr'>namque</span> <span class='ocrx_word' id='word_1_484' title='bbox 938 5105 1044 5162; x_wconf 82' lang='lat' dir='ltr'>feram-t</span> <span class='ocrx_word' id='word_1_485' title='bbox 1065 5123 1120 5178; x_wconf 88' lang='lat' dir='ltr'>qua</span> <span class='ocrx_word' id='word_1_486' title='bbox 1140 5108 1236 5161; x_wconf 87' lang='lat' dir='ltr'>doctus</span> <span class='ocrx_word' id='word_1_487' title='bbox 1257 5105 1363 5182; x_wconf 74' lang='lat' dir='ltr'>origine</span> <span class='ocrx_word' id='word_1_488' title='bbox 1382 5121 1507 5178; x_wconf 85' lang='lat' dir='ltr'>pangam</span> 
     </span>
     <span class='ocr_line' id='line_1_51' title="bbox 647 5185 1471 5259; baseline -0.004 -15"><span class='ocrx_word' id='word_1_489' title='bbox 647 5189 739 5254; x_wconf 91' lang='lat' dir='ltr'>Ortus,</span> <span class='ocrx_word' id='word_1_490' title='bbox 760 5187 814 5253; x_wconf 88' lang='lat' dir='ltr'>dis,</span> <span class='ocrx_word' id='word_1_491' title='bbox 836 5192 920 5244; x_wconf 84' lang='lat' dir='ltr'>tuost</span> <span class='ocrx_word' id='word_1_492' title='bbox 940 5186 1035 5258; x_wconf 86' lang='lat' dir='ltr'>Neque</span> <span class='ocrx_word' id='word_1_493' title='bbox 1055 5185 1126 5243; x_wconf 81' lang='lat' dir='ltr'>emm</span> <span class='ocrx_word' id='word_1_494' title='bbox 1147 5199 1200 5259; x_wconf 85' lang='lat' dir='ltr'>quo</span> <span class='ocrx_word' id='word_1_495' title='bbox 1220 5193 1343 5256; x_wconf 80' lang='lat' dir='ltr'>tempora</span> <span class='ocrx_word' id='word_1_496' title='bbox 1362 5186 1471 5257; x_wconf 82' lang='lat' dir='ltr'>pollens</span> 
     </span>
    </p>
   </div>
   <div class='ocr_carea' id='block_1_6' title="bbox 0 0 2298 6192">
    <p class='ocr_par' dir='ltr' id='par_1_8' title="bbox 0 0 2298 6192">
     <span class='ocr_line' id='line_1_52' title="bbox 0 0 2298 6192; baseline 0 0"><span class='ocrx_word' id='word_1_497' title='bbox 0 0 2298 6192; x_wconf 95' lang='lat' dir='ltr'> </span> 
     </span>
    </p>
   </div>
  </div>
 </body>
</html>
