4584 6192
568 619 636 687 642
1052 614 1092 665 De
1112 613 1191 665 Stella
1207 613 1281 664 Nora
1298 608 1449 677 Serpentarii

574 818 611 863 ex
635 798 694 861 situ
718 796 832 857 Terrae
856 795 894 855 ad
917 793 1004 855 binos
1028 795 1169 873 planetas
1192 792 1333 864 resultet,
1361 792 1416 853 hoc
1448 790 1559 871 ipsum,
1587 788 1723 870 inquam,
1756 787 1831 851 mibi
1855 787 1932 852 riam

570 884 753 952 monstravit
777 885 815 946 ad
839 884 922 945 illam
944 884 1113 956 veritatem,
1140 902 1199 962 qua
1214 883 1251 942 de
1265 883 1368 955 modo;
1393 883 1471 960 quod
1486 879 1602 941 scilicet
1614 879 1804 959 principatus
1824 899 1932 941 causae

568 978 598 1040 in
623 978 718 1038 Terra
742 974 861 1047 sedeat,
896 991 953 1032 non
979 972 1008 1032 in
1032 972 1164 1051 planetis
1188 971 1279 1050 ipsis,
1303 970 1439 1051 qnodque
1467 970 1528 1030 ista
1546 969 1704 1029 commotio
1729 980 1860 1031 naturae
1883 970 1934 1031 fiat

570 1086 644 1130 ase
669 1065 736 1143 ipsa
758 1063 877 1141 potius,
910 1069 1035 1140 propter
1066 1061 1294 1140 impressionem
1325 1069 1516 1137 aspectuum,
1547 1075 1582 1117 eo
1615 1059 1703 1119 modo
1738 1076 1798 1137 qno
1828 1077 1932 1120 sensus

570 1155 722 1236 particeps
756 1152 866 1212 animal
902 1150 940 1210 ad
974 1168 1093 1211 sensnm
1127 1168 1224 1210 rernm
1256 1159 1447 1210 externarum
1470 1155 1700 1208 commoveatur.
1749 1148 1834 1210 Nam
1857 1148 1933 1228 quod

570 1244 661 1307 Picus
685 1260 722 1302 ex
744 1240 863 1301 Plotino
888 1238 1032 1314 inculcat,
1064 1257 1121 1299 non
1152 1257 1241 1317 posse
1261 1239 1363 1299 radios
1391 1238 1474 1299 coelo
1498 1236 1651 1316 profectos
1674 1237 1703 1297 in
1727 1237 1837 1299 Terris
1860 1237 1933 1298 mis-

571 1332 642 1406 ceri,
666 1339 701 1392 nt
723 1348 802 1390 nova
825 1329 921 1389 virtus
945 1336 998 1389 aut
1021 1328 1117 1387 forma
1141 1327 1308 1405 proveniat,
1333 1327 1363 1387 id
1388 1327 1526 1405 equidem
1549 1325 1687 1386 tenebam
1713 1338 1823 1399 autea,
1848 1334 1933 1387 tene-

572 1418 808 1491 hermerium,
839 1416 948 1491 videri,
982 1418 1094 1479 rectius
1119 1425 1151 1476 et
1173 1417 1297 1496 propius
1321 1416 1438 1477 misceri
1463 1434 1568 1494 posse,
1604 1415 1653 1492 qui
1684 1434 1702 1474 a
1730 1415 1933 1493 junctionibus

573 1514 768 1592 promanent;
792 1516 857 1567 tum
881 1515 982 1566 antem
1007 1523 1124 1583 semper
1150 1506 1268 1565 misceri
1292 1506 1403 1579 radios,
1428 1503 1546 1565 etiamsi
1577 1523 1634 1563 non
1660 1522 1781 1582 semper
1797 1504 1827 1564 in
1843 1505 1934 1584 figma

572 1596 724 1677 triangula
748 1596 797 1657 uel
820 1594 1005 1672 sexangula:
1040 1593 1167 1672 denique
1200 1594 1229 1653 in
1264 1594 1329 1672 ipso
1361 1593 1492 1654 naturali
1520 1611 1659 1670 corpore,
1694 1593 1744 1654 ubi
1770 1594 1935 1655 miscentur

572 1688 662 1758 radii,
685 1684 863 1745 coeuntibus
888 1684 927 1745 ad
950 1690 1092 1761 punctum
1117 1683 1220 1756 radiis,
1245 1684 1369 1761 figuram
1384 1701 1499 1743 omnem
1516 1700 1710 1743 evanescere:
1736 1683 1816 1744 haec
1841 1683 1936 1744 omnia

574 1776 736 1854 diligenter
759 1772 991 1853 perpendebam.
1039 1771 1145 1850 Neque
1170 1782 1268 1832 tamen
1293 1772 1349 1831 hae
1381 1780 1426 1832 tot
1456 1771 1589 1832 rationes
1613 1771 1771 1833 confutare
1797 1782 1936 1851 poterant

577 1862 776 1928 clarissimam
806 1861 1037 1940 experientiam.
1072 1880 1147 1940 quae
1181 1861 1366 1933 testabatur,
1401 1870 1471 1921 tunc
1503 1859 1691 1939 potissimum
1724 1880 1815 1921 omne
1843 1881 1934 1940 genus

573 1961 773 2016 meteoromm
807 1951 953 2024 existere,
997 1968 1061 2010 cum
1092 1950 1233 2029 planetae
1263 1961 1367 2011 essent
1397 1950 1569 2028 aspectibus
1603 1949 1800 2028 configurati:
1833 1964 1936 2013 contra

573 2050 646 2105 tnnc
671 2039 802 2120 quietem
826 2039 906 2100 aeris
929 2036 1127 2118 potissimum,
1152 2057 1218 2099 cum
1241 2039 1313 2100 nulli
1338 2049 1479 2117 aspectus
1502 2039 1548 2098 vel
1573 2038 1817 2117 conjunctiones:
1842 2035 1936 2121 neq'ne

575 2138 696 2193 tantum
720 2128 746 2191 si
769 2128 953 2208 corporibus,
979 2128 1033 2188 sed
1057 2127 1198 2188 etiamsi
1222 2129 1406 2206 sexangulae
1422 2128 1469 2187 vel
1488 2128 1653 2207 quadratae
1669 2127 1840 2190 distantiae
1866 2148 1935 2208 pro·

575 2219 765 2301 pinquarent,
791 2218 851 2279 ista
874 2217 947 2285 fieri,
972 2235 1065 2296 eaque
1090 2216 1189 2277 subito
1211 2217 1249 2277 ad
1266 2216 1346 2296 ipsos
1362 2226 1536 2296 aspectuum
1554 2216 1713 2289 articulos;
1738 2237 1809 2280 cum
1834 2218 1937 2280 diebus

575 2308 721 2390 proximis
751 2317 823 2368 ante
852 2314 991 2383 retroque
1019 2306 1143 2366 effectus
1173 2314 1340 2367 cessarent.
1386 2307 1536 2385 Expertus
1568 2315 1616 2367 est
1642 2305 1723 2367 idem
1752 2306 1784 2368 in
1813 2315 1937 2388 aspectu

575 2397 721 2479 quadrato
748 2394 911 2457 Jofrancus
934 2393 1068 2456 Offucins
1096 2398 1130 2463 (r.
1150 2401 1170 2461 Ι,
1196 2400 1270 2468 371),
1301 2394 1461 2456 acerrimus
1490 2403 1663 2475 aspectuum
1694 2395 1795 2457 hostis
1817 2407 1939 2477 praeter

479 2541 486 2566 ,
575 2485 816 2565 conjunctionem
840 2493 872 2545 et
896 2482 1129 2564 oppositionem,
1160 2502 1234 2562 quas
1257 2485 1386 2563 putabat
1409 2504 1441 2546 se
1467 2485 1506 2545 ad
1529 2505 1638 2547 causas
1660 2486 1939 2550 reverberationnm

576 2575 728 2638 retulisse.
774 2574 820 2636 At
843 2574 944 2634 fassus
967 2581 1017 2633 est
1039 2572 1278 2635 imbecillitatem
1307 2593 1379 2634 suae
1413 2574 1612 2648 ratiunculae,
1645 2574 1726 2635 circa
1758 2577 1937 2655 quadratum

575 2672 732 2744 aspectum
765 2662 971 2742 experientiae
1004 2663 1123 2723 cedens.
1168 2661 1299 2743 Propter
1332 2662 1406 2723 haec
1438 2663 1540 2742 itaque
1573 2664 1730 2746 dicendum
1766 2675 1850 2739 erat,
1884 2684 1936 2726 non

576 2753 699 2827 stellas,
733 2771 792 2812 non
817 2752 947 2830 ipsarum
972 2751 1072 2811 radios
1096 2770 1150 2830 per
1178 2771 1260 2826 sese,
1293 2770 1348 2812 nec
1381 2752 1463 2829 ipsas
1494 2753 1568 2813 adeo
1600 2753 1875 2831 configurationes.
1905 2764 1936 2815 nt

577 2860 652 2925 quae
676 2838 840 2903 relationes
864 2847 976 2914 essent,
1001 2839 1062 2899 ista
1086 2840 1203 2901 efficere
1227 2841 1327 2912 aliter,
1350 2840 1407 2902 nisi
1429 2841 1485 2902 sub
1506 2843 1620 2902 ratione
1641 2842 1769 2922 objecti;
1794 2862 1935 2923 praeesse

577 2948 649 2991 vero
672 2930 762 2991 rebus
786 2928 963 3008 patibilibus
988 2931 1037 3002 (ut
1058 2928 1231 2991 humoribus
1255 2931 1284 2990 in
1309 2930 1398 3009 globo
1422 2931 1566 3004 Telluris)
1591 2931 1770 2992 facultatem
1795 2934 1934 3014 aliquam,

577 3036 653 3101 quae
668 3028 700 3081 et
714 3018 783 3079 inde
798 3019 909 3097 figuras
925 3016 1124 3080 radiationum
1147 3028 1254 3096 posset
1275 3019 1429 3100 percipere
1452 3028 1484 3081 et
1499 3020 1669 3092 aestimare,
1694 3031 1726 3081 et
1743 3021 1815 3082 binc
1832 3042 1936 3103 eorpus

578 3127 663 3170 suurn
687 3108 801 3186 impetu
826 3108 954 3186 quodam
977 3118 1136 3168 concutere
1160 3127 1214 3169 seu
1237 3108 1393 3182 movendo,
1418 3108 1444 3169 si
1468 3118 1551 3171 esset
1574 3111 1703 3171 facultas
1729 3113 1863 3179 motrix.
1888 3133 1933 3173 seu

578 3196 765 3259 calfaciendo
789 3195 986 3276 humoresque
1006 3196 1205 3268 sublimando,
1229 3199 1254 3259 si
1274 3199 1330 3260 hoc
1350 3198 1479 3259 muneris
1495 3207 1577 3260 esset
1591 3201 1717 3259 sortita:
1746 3220 1809 3279 qua
1824 3204 1934 3262 ratione

577 3287 701 3348 inventa
723 3286 879 3346 solvuntur
903 3286 1011 3356 omnia,
1035 3305 1111 3363 quae
1126 3286 1218 3348 Picus
1243 3295 1348 3347 contra
1367 3296 1508 3367 aspectus
1529 3308 1566 3347 ex
1586 3289 1781 3368 philosophia
1797 3292 1932 3374 deprom-

579 3374 621 3436 sit
643 3393 756 3452 nosque
781 3374 1084 3435 commemoravimus.

668 3462 729 3525 Sed
763 3463 849 3541 hujus
880 3463 1035 3524 facultatis
1070 3463 1287 3523 facultatnmve
1320 3473 1428 3525 natura
1460 3466 1557 3544 magis
1588 3467 1706 3543 patebit
1736 3488 1774 3529 ex
1809 3491 1931 3549 sequen·

578 3551 671 3613 tibus.
718 3551 796 3612 Nam
821 3552 857 3611 de
886 3572 1007 3612 nurnero
1038 3562 1212 3632 aspectuum
1236 3553 1325 3615 Picus
1344 3556 1588 3615 controversiam
1614 3575 1737 3615 movens
1763 3561 1929 3638 astrologis,

579 3652 756 3718 argumenta
780 3641 1002 3702 etiam'contra
1026 3661 1087 3702 rem
1112 3643 1206 3721 ipsam
1231 3642 1342 3721 dirigit.
1389 3642 1518 3703 Primum
1545 3646 1656 3705 refutat
1679 3647 1819 3707 rationes
1840 3663 1930 3710 astro-

578 3730 723 3808 logorum,
748 3748 822 3807 quas
847 3730 885 3789 ab
909 3731 1042 3809 aliquota
1065 3731 1165 3793 circuli
1189 3740 1277 3810 parte
1302 3732 1462 3793 deducunt.
1510 3731 1591 3794 Sane
1615 3733 1662 3794 hic
1681 3734 1756 3796 Pico
1778 3740 1928 3807 assentior,

579 3838 701 3879 causam
727 3837 794 3878 esse
818 3817 1055 3896 insufficientem,
1080 3820 1137 3881 etsi
1162 3821 1199 3880 ad
1224 3820 1384 3882 veritatem
1408 3822 1525 3883 alludit.
1571 3823 1650 3884 Nam
1670 3837 1852 3903 aspectuum
1872 3837 1929 3887 octo

578 3907 699 3987 recipio,
725 3907 751 3967 si
775 3906 944 3985 conjunctio
970 3917 1208 3982 connumeretur,
1234 3910 1387 3981 sextilem,
1411 3911 1573 3989 quintilem,
1599 3913 1793 3991 quadratum,
1821 3917 1927 3985 trinum,

578 3997 780 4077 biquintilem,
815 3997 1027 4075 sesquadrum,
1056 3998 1236 4078 oppositum.
1284 3999 1391 4078 Itaque
1422 4001 1479 4061 etsi
1509 4002 1767 4079 duodeeangulum
1796 4026 1849 4067 seu
1873 4001 1928 4069 30⁶

579 4105 650 4166 pars
674 4093 723 4146 est
746 4085 901 4164 multiplex
926 4085 1037 4159 circuli,
1060 4107 1117 4147 non
1142 4096 1191 4147 est
1212 4094 1313 4148 tamen
1339 4098 1490 4168 aspectus.
1538 4089 1652 4151 Contra
1679 4084 1768 4151 144ο
1790 4097 1838 4156 rel
1858 4090 1929 4157 135ο

579 4183 732 4254 aspectum
757 4173 879 4246 faciunt,
905 4193 971 4235 cum
994 4193 1064 4252 pars
1086 4176 1188 4238 circuli
1211 4176 1368 4257 multiplex
1392 4198 1449 4239 non
1474 4179 1534 4240 sint
1557 4180 1609 4240 red
1634 4186 1876 4259 superpartiens.

668 4263 806 4324 Alteram
840 4282 962 4324 causam
993 4263 1182 4326 Ptolemaeus
1207 4286 1243 4326 ex
1267 4266 1433 4343 geometria
1454 4269 1544 4346 petit,
1579 4270 1663 4347 cnjus
1694 4271 1774 4332 haec
1808 4276 1870 4336 fere
1891 4280 1929 4332 est

581 4353 748 4415 sententia:
773 4352 841 4412 illas
866 4353 1114 4430 configurationes
1138 4374 1203 4415 esse
1228 4357 1373 4430 efficaces,
1400 4377 1474 4437 quae
1499 4360 1607 4436 angulo
1627 4362 1857 4425 constituuntur
1874 4361 1927 4429 tali,

579 4442 629 4505 ubi
652 4442 741 4514 linea,
767 4459 842 4520 quae
867 4460 967 4502 arcum
991 4443 1091 4521 anguli
1115 4463 1280 4506 mensorem
1305 4447 1471 4520 subtendit,
1496 4456 1596 4508 certae
1620 4451 1700 4527 parti
1727 4452 1766 4510 de.
1794 4454 1928 4513 diametro

565 4531 673 4593 'totius
701 4530 804 4592 circuli
834 4540 980 4610 aequatur
1009 4532 1056 4592 vel
1085 4532 1268 4611 longitudine
1296 4536 1343 4596 vel
1371 4536 1517 4614 potentia.
1565 4537 1705 4598 Suboluit
1730 4559 1840 4622 nempe
1864 4543 1929 4603 Pto·

580 4619 705 4694 lemaeo,
732 4619 855 4680 subesse
880 4620 1003 4681 altiores
1027 4622 1169 4696 rationes,
1195 4643 1281 4703 quam
1305 4634 1374 4685 sunt
1393 4625 1450 4686 hae
1466 4645 1502 4686 ex
1518 4645 1672 4705 corporum
1693 4637 1726 4688 et
1745 4642 1930 4693 contactuum

581 4717 690 4771 natura
714 4705 928 4782 derivatae.¹¹)

669 4798 727 4859 Hic
749 4797 887 4875 increpat
901 4799 990 4859 Picus
1004 4798 1210 4860 Ptolemaeum
1233 4820 1269 4861 ex
1292 4801 1469 4872 Aristotele,
1494 4805 1570 4884 quod
1591 4824 1639 4864 res
1658 4807 1808 4889 physicas
1828 4818 1929 4871 tractet

582 4886 794 4950 mathematice
825 4895 857 4947 et
886 4906 923 4948 ex
946 4888 1047 4965 figuris
1071 4889 1258 4965 geometricis
1290 4892 1490 4969 proprietates
1523 4895 1653 4955 deducat
1686 4917 1788 4959 rerum
1812 4912 1929 4962 natura-

581 4977 662 5039 lium.
693 4977 769 5043 Αἰ,
794 4994 811 5035 o
835 4976 923 5049 Pice,
953 4977 1078 5038 multum
1101 4977 1227 5039 interest
1251 4998 1308 5058 qua
1331 4982 1396 5060 quis
1419 4984 1450 5044 id
1474 4984 1589 5045 ratione
1615 4984 1718 5047 faciat.
1771 4989 1806 5051 Si
1829 4991 1929 5069 figuras

559 5066 765 5129 ⁴rrrchitectos
790 5066 972 5140 constituas,
1003 5067 1094 5128 stulte
1118 5066 1230 5128 facias:
1263 5077 1296 5128 at
1325 5070 1350 5130 si
1373 5071 1484 5151 figurae
1508 5073 1602 5135 addas
1627 5076 1846 5154 architectum,
1872 5079 1928 5158 jan
