4584 6192
1052 618 1136 673 ilaue
1153 622 1268 674 auaris
1406 624 1426 651 ⁸·
1766 621 1832 690 825

488 789 537 843 56⁰
555 789 611 855 4⁰⁴)
630 796 784 845 commmns.
814 793 928 860 Denique
940 792 1042 862 Kepleri
1059 798 1146 863 parull.
1166 789 1234 870 long.
1248 800 1281 850 ad
1293 796 1324 850 0⁰
1336 797 1366 864 ,Z
1378 816 1405 840 =
1417 797 1460 850 ὅθ’
1473 797 1525 851 53”
1543 801 1639 866 prodire
1657 800 1742 852 debuit
1758 800 1831 860 iolas,

488 880 544 917 cum
563 866 670 917 adeam
690 866 862 919 inveniendam
880 868 970 918 laisum
989 867 1032 917 ³1¹
1052 867 1103 919 35⁴*
1122 871 1268 922 adhibuerit

576 938 687 989 Tabulae
699 939 833 1004 Magini‚
850 941 936 1003 quibus
947 941 1024 990 utitur
1037 941 1168 1005 Keplema,
1179 944 1321 1007 prodierunt
1334 945 1446 994 Venetiis
1457 940 1532 993 1604.
1545 946 1689 1009 inscriptae:
1705 945 1832 1004 ,Tabulae

486 1011 558 1073 primi
575 1010 678 1068 mobilia,
697 1025 757 1074 quaa
776 1010 944 1061 Directionum
962 1012 1033 1078 vulgo
1052 1013 1144 1064 dicunt.
1181 1015 1221 1065 sd
1239 1018 1303 1081 Aug.
1322 1015 1385 1080 Imp.
1403 1016 1559 1081 Rudolphnm
1576 1016 1627 1065 Π.“

575 1089 621 1154 28)
639 1107 663 1155 p.
684 1088 743 1141 671.
780 1090 832 1146 Vir,
852 1105 923 1155 quem
941 1091 981 1141 hic
999 1093 1122 1157 Keplems
1139 1102 1214 1145 tanta
1237 1097 1332 1145 notarit
1352 1097 1501 1161 ignominia,
1521 1104 1560 1147 est
1577 1098 1734 1148 Antonius
1752 1097 1829 1149 Lau·

485 1163 616 1211 rentius
642 1163 844 1219 Politianus,
877 1167 946 1227 cujus
970 1164 1079 1215 libellum
1106 1166 1136 1215 de
1164 1167 1243 1217 Stella
1268 1166 1341 1217 Nova
1371 1167 1559 1218 Hervartus
1585 1169 1694 1232 Keplero
1720 1171 1831 1220 miserat.

487 1229 584 1297 (comp.
604 1233 719 1297 Opticam
737 1251 760 1298 p.
780 1231 822 1283 95.
860 1234 969 1285 Titulnm
994 1236 1048 1286 libri
1075 1238 1178 1288 diximus
1203 1254 1291 1303 snpra,
1320 1252 1378 1287 aun.
1398 1236 1435 1294 3.)
1470 1239 1527 1304 lpse
1548 1240 1670 1304 Keplerus
1688 1240 1830 1307 Brenggero

485 1307 613 1368 quaerenti
638 1306 733 1355 indicat
759 1307 802 1354 riri
834 1321 923 1356 nomen
950 1309 975 1357 in
1009 1308 1085 1357 literis
1113 1310 1145 1359 ad
1170 1310 1212 1360 Br.
1241 1312 1322 1369 datis,
1354 1324 1415 1375 quas
1442 1312 1467 1359 in
1494 1312 1648 1375 praefatione
1680 1313 1831 1363 exhibuimus

486 1371 520 1435 (v.
539 1391 597 1442 pag.
618 1374 698 1438 oet),
725 1379 750 1427 in
778 1377 986 1441 „Hyperaspisw
1007 1380 1129 1442 Tychonia
1156 1384 1268 1431 nominat
1295 1397 1350 1432 eum
1369 1383 1428 1432 Ant.
1447 1383 1582 1433 Fabricium
1599 1382 1830 1448 Montepolitanum,

486 1447 598 1497 addam:
616 1449 742 1513 pueriliter
758 1448 937 1498 hallucinatum
956 1465 1001 1516 ego
1019 1466 1062 1515 pro
1081 1455 1174 1502 moritis
1192 1456 1242 1503 anis
1261 1456 1355 1517 accepi.
1783 1490 1790 1503 .

573 1519 642 1570 ldem
669 1520 818 1570 Laurentius
839 1520 923 1570 edidit
949 1536 1014 1572 auno
1041 1519 1117 1573 tuoe.
1147 1524 1248 1575 Parisiis
1276 1526 1380 1575 alterum
1410 1539 1483 1591 quem
1509 1525 1631 1590 Keplerus
1649 1526 1708 1576 dicit
1733 1527 1830 1584 librum,

483 1590 643 1655 incomptum:
672 1591 717 1641 De
736 1591 887 1651 Numero,
917 1592 1036 1645 Ordine
1059 1602 1092 1643 et
1113 1596 1202 1647 Motu
1225 1596 1408 1654 coelorum,
1428 1598 1545 1648 adversus
1563 1600 1719 1648 recentiores.
1756 1598 1830 1649 Hunc

483 1661 572 1712 librum
591 1665 633 1722 ,in
659 1664 766 1728 gratiam
793 1663 904 1727 patroni“
925 1671 997 1715 taxat
1020 1667 1143 1730 Keplems
1171 1668 1287 1733 pluribus.
1323 1668 1534 1732 Deprehendimns
1559 1672 1584 1720 in
1609 1670 1830 1733 manuscriptorum

483 1731 722 1799 Petropolitanorum
740 1735 795 1784 Vol.
816 1735 848 1784 V.
867 1736 1032 1801 fragmentum
1051 1739 1192 1797 literarum,
1218 1741 1282 1805 quod
1306 1740 1374 1790 haud
1391 1741 1423 1790 ab
1440 1756 1467 1790 re
1485 1743 1624 1805 putavimus
1648 1741 1688 1791 hio
1714 1743 1829 1792 inserere.

484 1801 546 1864 Quia
566 1807 715 1870 ,patronus“
735 1806 776 1857 ille
794 1806 876 1864 inerit,
895 1823 945 1857 nou
964 1816 1070 1860 constat.
1107 1810 1255 1876 Inscriptum
1273 1819 1312 1861 est
1331 1813 1512 1877 fragmentum:

588 1882 926 1936 animadversiones
952 1884 1101 1954 Kepleri
1122 1886 1156 1939 in
1177 1887 1305 1962 lilprurn
1329 1885 1516 1940 Laurentii
1540 1887 1721 1942 Politiaui.
1800 1907 1803 1912 ⁸

571 1962 719 2038 iusidiatur
746 1962 883 2017 hominum
913 1967 1057 2019 commodis
1088 1967 1176 2020 malus
1205 1967 1314 2037 quidam
1344 1966 1456 2038 genius,
1487 1969 1655 2023 conturbans
1676 1985 1726 2034 ea,
1758 1985 1829 2041 quae

483 2041 635 2097 dilucidant
655 2044 736 2107 docti,
757 2042 796 2096 ibi
817 2044 934 2098 maxime
955 2064 1064 2111 nocens,
1087 2047 1134 2101 ubi
1156 2046 1260 2100 assidui
1280 2049 1398 2101 maxime
1419 2047 1550 2103 homines.

569 2125 642 2179 Finis
663 2124 909 2196 investigatoribus
935 2134 980 2182 est
1003 2129 1161 2199 propositus
1186 2128 1297 2181 hnmani
1320 2127 1430 2199 generis
1452 2129 1568 2182 eruditio
1589 2137 1619 2183 et
1637 2129 1780 2200 disciplina
1800 2131 1828 2185 in

480 2208 564 2262 rebus
585 2206 735 2261 abstrusis:
761 2206 834 2260 hunc
859 2206 938 2260 finem
959 2213 991 2261 ut
1011 2208 1143 2279 impediat
1170 2208 1310 2263 maleficus
1338 2208 1399 2272 ille,
1433 2209 1505 2263 solet
1532 2210 1703 2281 philosophis
1730 2212 1827 2280 paucis

479 2290 666 2343 interfundere
685 2287 823 2341 simiarum
843 2286 971 2358 ingentes
991 2306 1107 2361 greges,
1136 2306 1250 2359 quorum
1276 2288 1389 2360 quisque
1409 2289 1549 2358 propriam
1569 2290 1723 2360 opinionem
1743 2294 1775 2345 de
1796 2309 1826 2346 re

479 2372 575 2424 eadem
605 2369 712 2422 excitet
731 2374 761 2421 et
788 2377 961 2439 propugnet,
992 2376 1024 2423 nt
1053 2369 1208 2440 opinionum
1239 2370 1377 2423 varietate
1407 2369 1498 2423 obruti
1519 2370 1640 2424 homines
1665 2371 1694 2425 in
1721 2371 1826 2426 incerto

478 2456 610 2504 maneant
626 2450 789 2518 tandemque
804 2449 895 2502 omnia
907 2457 1006 2503 vocent
1020 2450 1047 2503 in
1062 2450 1179 2504 dubium.
1208 2450 1317 2522 Vulgus
1332 2449 1434 2519 quippe
1448 2467 1503 2503 non
1518 2451 1671 2506 rationibus
1690 2459 1824 2517 movetur,

477 2532 527 2590 sed
547 2529 775 2593 auctoritatibus,
805 2547 891 2599 penes
919 2548 999 2600 quem
1026 2530 1107 2585 facile
1133 2540 1178 2584 est
1204 2548 1286 2585 unam
1315 2546 1409 2583 veram
1440 2530 1593 2599 opinionem
1622 2534 1715 2586 decem
1747 2529 1825 2587 feliis

478 2611 613 2681 oppositis
634 2610 765 2664 incertam
786 2613 907 2664 reddere.
941 2612 999 2664 Nec
1019 2612 1119 2684 legunt
1139 2612 1318 2681 philosophos
1339 2617 1371 2663 ut
1390 2611 1528 2664 rationum
1549 2619 1754 2677 monstratores,
1777 2615 1825 2667 sed

476 2698 510 2745 ut
529 2691 678 2763 magistros
700 2690 863 2760 exceptione
884 2690 1011 2759 majores,
1035 2693 1057 2744 si
1078 2692 1124 2745 vel
1143 2693 1235 2745 nullas
1256 2692 1378 2745 rationes
1400 2692 1518 2744 afferant
1539 2693 1713 2763 dogmatum,
1736 2694 1780 2748 rel
1801 2693 1824 2748 si

475 2780 604 2843 pugnent
623 2771 696 2825 iuter
711 2788 749 2834 se,
771 2777 900 2840 utrosque
922 2788 1008 2842 aeque
1029 2773 1184 2841 explodunt
1203 2781 1233 2825 et
1246 2772 1378 2826 derident.
1408 2772 1514 2824 Sufficit
1535 2779 1566 2825 ut
1580 2775 1702 2836 credant,
1724 2791 1824 2829 vanum

476 2868 539 2906 esse
560 2852 769 2923 dogmatistam,
796 2852 819 2904 si
840 2859 955 2915 constet,
984 2853 1150 2906 contrarium
1178 2853 1309 2906 affirmari
1330 2868 1348 2904 a
1369 2852 1513 2905 recentiori
1543 2853 1644 2925 aliquo.
1687 2854 1739 2916 Qui
1760 2861 1824 2909 aunt

475 2948 546 3004 ergo
567 2932 693 2986 veritatis
714 2937 855 2994 amantes,
886 2933 988 2986 debent
1018 2949 1129 3002 operam
1155 2934 1233 2996 dare,
1262 2939 1294 2986 ut
1314 2932 1423 2985 fucosae
1449 2931 1603 3000 hujusmodi
1632 2934 1823 3005 philosophias

474 3012 648 3082 opprimant,
680 3011 822 3065 inculcatis
853 3011 904 3076 iis,
936 3029 1006 3083 quae
1037 3013 1190 3068 certissima
1215 3019 1296 3075 sunt;
1331 3014 1402 3083 quod
1432 3012 1459 3065 in
1489 3014 1675 3068 recentissimo
1709 3022 1822 3069 auctore

473 3096 555 3146 Ant.
576 3094 677 3148 Laur.
698 3092 877 3145 Politiano
899 3092 926 3146 in
947 3110 1078 3163 praesens
1099 3094 1164 3146 mihi
1186 3093 1269 3147 sumai
1290 3094 1495 3163 praestandum.

566 3172 695 3243 Capite
716 3172 737 3226 1.
767 3174 891 3237 Veteres,
915 3174 963 3238 ait,
979 3174 1063 3227 ihisse
1078 3181 1223 3227 contentos
1237 3170 1257 3229 8
1270 3173 1361 3237 coelis,
1383 3173 1550 3227 recentiores
1571 3174 1707 3228 addidisse
1721 3191 1821 3229 nonum

473 3259 505 3307 et
525 3253 657 3308 decimum
678 3250 724 3307 dte.
764 3254 842 3307 hiala
861 3254 921 3309 lide.
963 3254 1015 3316 Qui
1036 3249 1055 3307 8
1075 3260 1268 3318 numerarunt,
1290 3270 1383 3307 eorum
1405 3254 1510 3308 animus
1536 3254 1589 3309 fuit
1616 3255 1684 3309 inire
1712 3273 1815 3309 nume·

471 3350 546 3389 rum
574 3351 680 3397 eomm,
712 3349 783 3403 quae
817 3341 991 3388 moverentur
1024 3334 1051 3388 in
1082 3334 1159 3387 coelo
1189 3335 1245 3388 suis
1276 3336 1400 3405 quodque
1427 3336 1563 3395 motibus;
1593 3335 1707 3389 inventa
1735 3336 1821 3409 igitur

472 3415 531 3479 Sol,
552 3416 640 3478 Luna,
663 3413 780 3485 quinque
800 3414 941 3483 planetae,
964 3423 993 3468 et
1007 3431 1158 3468 convexum
1173 3415 1240 3469 illud
1262 3416 1350 3469 stellis
1371 3415 1490 3486 undique
1511 3415 1652 3469 consitum.
1682 3416 1734 3478 Qui
1755 3434 1819 3470 vero

455 3511 604 3549 causas
629 3494 834 3564 investigarunt
859 3496 954 3549 horum
974 3502 1109 3558 motuum,
1137 3513 1193 3549 non
1213 3496 1336 3549 conteuti
1357 3496 1468 3549 fuerunt
1488 3492 1508 3550 8
1528 3496 1654 3560 orbibus,
1677 3514 1730 3550 nou
1752 3514 1818 3552 saue

470 3576 646 3630 Aristoteles.
692 3575 802 3628 Falsum
829 3575 915 3646 igitur
939 3577 1010 3630 dixit
1035 3576 1213 3630 Laurentius.
1260 3576 1349 3648 igitur
1376 3576 1500 3629 hodierni
1527 3577 1622 3629 eodem
1645 3576 1709 3645 jure
1734 3577 1819 3633 intro⁴

471 3658 613 3711 duxerunt
634 3671 732 3708 nonam
755 3662 785 3708 et
804 3657 932 3711 decimam
954 3658 1116 3726 sphaeram,
1146 3673 1199 3726 quo
1218 3655 1281 3725 jure
1301 3656 1468 3710 Aristoteles
1493 3656 1645 3711 introduxit
1666 3658 1746 3712 orbes
1768 3654 1816 3715 55.

564 3737 645 3805 Cap.
668 3736 702 3790 ll.
743 3738 871 3805 Apparet
892 3740 926 3791 ad
947 3738 1062 3800 oculum,
1085 3737 1161 3790 coelo
1183 3736 1297 3790 stellato
1319 3735 1433 3805 ejusque
1456 3737 1601 3806 conspicuo
1623 3737 1716 3807 aliquo
1736 3739 1817 3812 signo

471 3811 559 3887 (puta
578 3817 651 3886 apud
672 3817 743 3887 quod
769 3816 906 3871 invenitur
933 3818 1049 3887 planeta
1075 3812 1188 3887 aliquis)
1209 3833 1260 3886 per
1280 3816 1334 3868 diei
1354 3817 1473 3885 spatium
1500 3817 1627 3870 revoluto
1648 3820 1682 3871 ad
1703 3821 1818 3874 eandum

469 3904 588 3961 metam,
616 3912 698 3966 quam
718 3896 744 3948 ei
765 3896 824 3965 quis
845 3897 872 3949 iu
893 3897 979 3951 Terra
1004 3897 1089 3967 ponit,
1115 3899 1243 3966 planetas
1264 3902 1297 3949 ut
1323 3896 1467 3965 plurimum
1493 3897 1599 3968 quidem
1624 3898 1743 3962 tardius,
1765 3899 1816 3953 ali-

470 3981 580 4049 quando
601 3985 693 4031 nmen
714 3976 834 4029 velocius
856 3979 944 4031 redire
966 3980 1001 4031 ad
1021 3978 1097 4031 illam
1118 3984 1234 4040 metam,
1262 3978 1334 4030 unde
1355 3976 1412 4030 illic
1432 3974 1636 4047 ὑπολειπτικοι,
1662 3979 1707 4032 hio
1729 4000 1817 4054 προη-

468 4077 608 4133 yovpevos
630 4057 710 4120 dioti;
737 4057 776 4110 sic
796 4065 828 4110 ut
847 4058 921 4111 fixae
946 4075 1038 4111 omnes
1064 4060 1159 4111 eodem
1181 4064 1256 4112 motu
1281 4057 1472 4120 revolvantur,
1501 4058 1642 4128 quaelibet
1662 4060 1769 4130 quidem
1789 4060 1818 4115 iu

468 4156 521 4193 auo
542 4139 692 4209 parallelo,
715 4156 730 4190 e
753 4138 873 4206 planetis
895 4154 959 4191 vero
980 4139 1115 4192 Saturnus
1143 4138 1281 4192 minimum
1304 4138 1476 4207 relinquatur
1497 4155 1515 4193 a
1533 4139 1609 4203 lixis,
1630 4140 1711 4195 Luna
1730 4141 1816 4210 pluri·

467 4236 557 4282 mum;
579 4220 681 4290 itaque,
703 4219 773 4289 quod
794 4218 919 4272 diurnum
938 4226 1039 4272 motum
1061 4219 1171 4282 attinet,
1191 4219 1271 4273 Luna
1287 4218 1443 4282 tardissima
1457 4219 1501 4283 sit,
1518 4219 1652 4274 Saturnus
1667 4222 1816 4276 velocitate

467 4300 534 4355 lixis
554 4302 680 4371 proxime
701 4315 761 4368 par.
804 4300 833 4353 ln
853 4300 908 4353 hac
928 4299 1026 4354 diurna
1045 4299 1217 4353 revolutione
1238 4318 1291 4353 non
1313 4306 1420 4353 tantum
1440 4300 1557 4368 planeta
1577 4300 1693 4371 quilibet
1713 4318 1732 4356 a
1751 4302 1815 4356 reli-

468 4381 530 4452 quis
545 4380 666 4435 omnihus
682 4385 711 4433 et
725 4396 743 4432 a
756 4379 818 4433 fixis
833 4379 931 4443 diil'ert,
953 4382 1000 4432 sed
1015 4379 1074 4449 ipse
1089 4397 1196 4449 quoque
1210 4381 1316 4433 nullam
1330 4396 1448 4449 unquam
1467 4377 1664 4435 revolutionem
1678 4389 1814 4452 praestat,
1839 4399 1841 4402 ·

468 4478 542 4533 qnae
570 4462 719 4532 cuicunque
749 4459 833 4530 priori
855 4477 873 4513 a
897 4479 927 4513 se
954 4460 1047 4513 factae
1073 4476 1125 4530 per
1153 4460 1243 4514 omnia
1263 4466 1425 4531 congruat:
1457 4469 1506 4514 aut
1533 4462 1603 4515 enim
1629 4463 1737 4533 longior
1766 4470 1815 4517 aut

467 4542 587 4607 brevior,
612 4541 710 4596 autin
730 4540 822 4594 altiori
845 4541 942 4594 autin
964 4539 1099 4594 humiliori
1121 4542 1258 4609 parallelo
1279 4541 1384 4610 spirali.

522 4615 527 4630 '
549 4624 713 4677 iudicarunt
727 4622 813 4692 igitur
834 4621 991 4684 astronomi,
1012 4620 1085 4674 hunc
1098 4621 1222 4674 diurnum
1241 4622 1374 4690 planetae
1388 4627 1489 4674 motum
1510 4622 1633 4692 componi
1648 4641 1685 4678 ox
1698 4625 1813 4687 duobus,

467 4720 583 4775 quorum
603 4705 676 4758 alter
696 4702 733 4755 ait
755 4702 780 4755 ei
801 4702 946 4757 communis
967 4718 1027 4754 cum
1049 4700 1121 4765 lixis,
1144 4702 1217 4755 alter
1237 4701 1297 4769 ejus
1318 4701 1454 4771 proprius.
1488 4702 1547 4764 Quo
1569 4703 1642 4756 facto
1664 4706 1813 4759 astronomi

467 4786 642 4847 invenerunt,
664 4782 774 4854 quinam
794 4789 870 4836 esset
889 4783 1021 4852 planetae
1041 4788 1131 4834 motus
1153 4781 1306 4851 aequabilis
1327 4789 1357 4835 et
1370 4799 1420 4851 per
1441 4799 1532 4837 omues
1553 4785 1738 4839 revolutiones
1760 4786 1813 4839 sibi

468 4865 574 4922 similis.
615 4864 675 4919 Nisi
701 4880 793 4917 rerum
817 4870 919 4917 natura
948 4862 1046 4915 fuisset
1073 4877 1171 4931 passa,
1201 4878 1337 4933 nunquam
1367 4863 1453 4916 talem
1484 4864 1657 4934 aequabilem
1678 4865 1706 4919 iu
1730 4872 1812 4920 tanta

465 4946 677 5017 perturbatione
704 4944 862 5014 potuissent
898 4942 1030 4997 invenire.
1087 4943 1125 4996 Et
1158 4941 1210 4995 nisi
1248 4942 1429 5008 invenissent,
1463 4959 1601 5015 nunquam
1630 4954 1811 5017 apparentem

465 5027 599 5097 planetae
620 5027 710 5080 locum
729 5023 885 5095 potuissent
909 5022 1027 5077 numeris
1054 5022 1183 5092 consequi
1202 5028 1232 5076 et
1251 5022 1410 5093 praedicere
1431 5022 1458 5077 in
1479 5024 1601 5080 flaturum
1621 5033 1738 5097 tempus,
1760 5035 1810 5082 aut

464 5108 649 5177 praeteritum
669 5105 823 5176 exprimere
843 5107 879 5158 ed
900 5103 1120 5159 observationum
1140 5102 1298 5158 habitarum
1317 5104 1528 5175 praescriptum.

471 5238 472 5241 ,
505 5204 507 5213 ¹
554 5189 640 5246 Porro
660 5186 690 5241 in
709 5187 796 5251 modo,
824 5202 877 5258 quo
897 5203 934 5242 ex
954 5184 1059 5239 duobus
1085 5191 1293 5254 componeretur
1312 5184 1430 5240 motibus
1454 5201 1511 5241 una
1535 5187 1648 5242 diurnae
1674 5188 1808 5258 planetae
