<?xml version="1.0" encoding="UTF-8"?>
<!DOCTYPE html PUBLIC "-//W3C//DTD XHTML 1.0 Transitional//EN"
    "http://www.w3.org/TR/xhtml1/DTD/xhtml1-transitional.dtd">
<html xmlns="http://www.w3.org/1999/xhtml" xml:lang="en" lang="en">
 <head>
  <title>
</title>
<meta http-equiv="Content-Type" content="text/html;charset=utf-8" />
  <meta name='ocr-system' content='tesseract 3.04.00' />
  <meta name='ocr-capabilities' content='ocr_page ocr_carea ocr_par ocr_line ocrx_word'/>
</head>
<body>
  <div class='ocr_page' id='page_1' title='image "./joanniskepleria02frisgoog_0259.png"; bbox 0 0 4584 6192; ppageno 0'>
   <div class='ocr_carea' id='block_1_1' title="bbox 474 595 1365 667">
    <p class='ocr_par' dir='ltr' id='par_1_1' title="bbox 474 595 1365 667">
     <span class='ocr_line' id='line_1_1' title="bbox 474 595 1365 667; baseline -0.025 0"><span class='ocrx_word' id='word_1_1' title='bbox 474 596 539 667; x_wconf 65' lang='lat' dir='ltr'><em>m</em></span> <span class='ocrx_word' id='word_1_2' title='bbox 930 596 1137 664; x_wconf 47' lang='lat' dir='ltr'><strong>,Paralipomena</strong></span> <span class='ocrx_word' id='word_1_3' title='bbox 1154 598 1180 647; x_wconf 85' lang='lat' dir='ltr'><strong>in</strong></span> <span class='ocrx_word' id='word_1_4' title='bbox 1200 595 1365 648; x_wconf 77' lang='lat' dir='ltr'><strong>Vitellionem.</strong></span> 
     </span>
    </p>
   </div>
   <div class='ocr_carea' id='block_1_2' title="bbox 471 773 1832 2357">
    <p class='ocr_par' dir='ltr' id='par_1_2' title="bbox 471 773 1830 944">
     <span class='ocr_line' id='line_1_2' title="bbox 473 773 1830 855; baseline -0.005 -15"><span class='ocrx_word' id='word_1_5' title='bbox 473 777 614 840; x_wconf 74' lang='lat' dir='ltr'><strong>antemon.</strong></span> <span class='ocrx_word' id='word_1_6' title='bbox 655 777 731 841; x_wconf 84' lang='lat' dir='ltr'><strong>Cum</strong></span> <span class='ocrx_word' id='word_1_7' title='bbox 754 784 856 839; x_wconf 86' lang='lat' dir='ltr'><strong>autem</strong></span> <span class='ocrx_word' id='word_1_8' title='bbox 876 773 941 848; x_wconf 82' lang='lat' dir='ltr'><strong>OB,</strong></span> <span class='ocrx_word' id='word_1_9' title='bbox 960 775 1018 836; x_wconf 84' lang='grc' dir='ltr'><strong>ΒΚ</strong></span> <span class='ocrx_word' id='word_1_10' title='bbox 1037 775 1101 855; x_wconf 84' lang='lat' dir='ltr'><strong>jam</strong></span> <span class='ocrx_word' id='word_1_11' title='bbox 1126 773 1272 837; x_wconf 77' lang='lat' dir='ltr'><strong>desierint</strong></span> <span class='ocrx_word' id='word_1_12' title='bbox 1294 791 1469 836; x_wconf 87' lang='lat' dir='ltr'><strong>concurrere</strong></span> <span class='ocrx_word' id='word_1_13' title='bbox 1490 773 1520 836; x_wconf 91' lang='lat' dir='ltr'><strong>in</strong></span> <span class='ocrx_word' id='word_1_14' title='bbox 1543 773 1613 836; x_wconf 86' lang='lat' dir='ltr'><strong>illas</strong></span> <span class='ocrx_word' id='word_1_15' title='bbox 1635 778 1740 854; x_wconf 85' lang='lat' dir='ltr'><strong>partes</strong></span> <span class='ocrx_word' id='word_1_16' title='bbox 1763 790 1830 833; x_wconf 88' lang='lat' dir='ltr'><strong>cum</strong></span> 
     </span>
     <span class='ocr_line' id='line_1_3' title="bbox 471 861 1689 944; baseline -0.006 -15"><span class='ocrx_word' id='word_1_17' title='bbox 471 866 567 941; x_wconf 84' lang='lat' dir='ltr'><strong>FAD,</strong></span> <span class='ocrx_word' id='word_1_18' title='bbox 592 867 687 929; x_wconf 90' lang='lat' dir='ltr'><strong>multo</strong></span> <span class='ocrx_word' id='word_1_19' title='bbox 712 866 808 928; x_wconf 92' lang='lat' dir='ltr'><strong>minus</strong></span> <span class='ocrx_word' id='word_1_20' title='bbox 832 864 924 944; x_wconf 91' lang='lat' dir='ltr'><strong>igitur</strong></span> <span class='ocrx_word' id='word_1_21' title='bbox 946 861 988 925; x_wconf 82' lang='lat'><strong>10</strong></span> <span class='ocrx_word' id='word_1_22' title='bbox 1013 863 1129 924; x_wconf 88' lang='lat' dir='ltr'><strong>duabus</strong></span> <span class='ocrx_word' id='word_1_23' title='bbox 1154 862 1385 925; x_wconf 73' lang='lat' dir='ltr'><strong>retractionibus</strong></span> <span class='ocrx_word' id='word_1_24' title='bbox 1409 861 1499 924; x_wconf 84' lang='lat' dir='ltr'><strong>iactis</strong></span> <span class='ocrx_word' id='word_1_25' title='bbox 1523 870 1689 924; x_wconf 83' lang='lat' dir='ltr'><strong>concurret.</strong></span> 
     </span>
    </p>

    <p class='ocr_par' dir='ltr' id='par_1_3' title="bbox 472 949 1832 1379">
     <span class='ocr_line' id='line_1_4' title="bbox 560 949 1831 1033; baseline -0.006 -16"><span class='ocrx_word' id='word_1_26' title='bbox 560 956 810 1017; x_wconf 90' lang='lat' dir='ltr'><strong>Demonstratum</strong></span> <span class='ocrx_word' id='word_1_27' title='bbox 829 953 921 1033; x_wconf 88' lang='lat' dir='ltr'><strong>igitur</strong></span> <span class='ocrx_word' id='word_1_28' title='bbox 941 961 997 1025; x_wconf 88' lang='lat' dir='ltr'><strong>est,</strong></span> <span class='ocrx_word' id='word_1_29' title='bbox 1022 951 1134 1013; x_wconf 90' lang='lat' dir='ltr'><strong>nullam</strong></span> <span class='ocrx_word' id='word_1_30' title='bbox 1158 950 1357 1014; x_wconf 87' lang='lat' dir='ltr'><strong>radiationem</strong></span> <span class='ocrx_word' id='word_1_31' title='bbox 1372 949 1441 1011; x_wconf 83' lang='lat' dir='ltr'><strong>abl</strong></span> <span class='ocrx_word' id='word_1_32' title='bbox 1463 952 1631 1030; x_wconf 85' lang='lat' dir='ltr'><strong>prolectam</strong></span> <span class='ocrx_word' id='word_1_33' title='bbox 1653 967 1831 1013; x_wconf 89' lang='lat' dir='ltr'><strong>concurrere</strong></span> 
     </span>
     <span class='ocr_line' id='line_1_5' title="bbox 472 1038 1831 1121; baseline -0.004 -13"><span class='ocrx_word' id='word_1_34' title='bbox 472 1063 538 1108; x_wconf 81' lang='lat' dir='ltr'><strong>cam</strong></span> <span class='ocrx_word' id='word_1_35' title='bbox 553 1044 639 1105; x_wconf 82' lang='lat' dir='ltr'><strong>IAD.</strong></span> <span class='ocrx_word' id='word_1_36' title='bbox 662 1044 724 1107; x_wconf 91' lang='lat' dir='ltr'><strong>Sed</strong></span> <span class='ocrx_word' id='word_1_37' title='bbox 739 1061 834 1121; x_wconf 88' lang='lat' dir='ltr'><strong>neque</strong></span> <span class='ocrx_word' id='word_1_38' title='bbox 848 1040 887 1102; x_wconf 87' lang='lat' dir='ltr'><strong>ab</strong></span> <span class='ocrx_word' id='word_1_39' title='bbox 903 1041 963 1102; x_wconf 92' lang='lat' dir='ltr'><strong>ullo</strong></span> <span class='ocrx_word' id='word_1_40' title='bbox 979 1049 1089 1119; x_wconf 90' lang='lat' dir='ltr'><strong>puncto</strong></span> <span class='ocrx_word' id='word_1_41' title='bbox 1104 1040 1149 1101; x_wconf 89' lang='lat' dir='ltr'><strong>cis</strong></span> <span class='ocrx_word' id='word_1_42' title='bbox 1163 1041 1179 1100; x_wconf 90' lang='grc' dir='ltr'>Ι</span> <span class='ocrx_word' id='word_1_43' title='bbox 1193 1058 1372 1101; x_wconf 89' lang='lat' dir='ltr'><strong>concurrens</strong></span> <span class='ocrx_word' id='word_1_44' title='bbox 1386 1038 1516 1102; x_wconf 87' lang='lat' dir='ltr'><strong>radiatio</strong></span> <span class='ocrx_word' id='word_1_45' title='bbox 1530 1039 1745 1120; x_wconf 81' lang='lat' dir='ltr'><strong>proficiscetur.</strong></span> <span class='ocrx_word' id='word_1_46' title='bbox 1773 1047 1831 1116; x_wconf 86' lang='lat' dir='ltr'><strong>(cis</strong></span> 
     </span>
     <span class='ocr_line' id='line_1_6' title="bbox 472 1124 1830 1211; baseline -0.007 -13"><span class='ocrx_word' id='word_1_47' title='bbox 472 1150 502 1199; x_wconf 80' lang='lat' dir='ltr'><strong>oa</strong></span> <span class='ocrx_word' id='word_1_48' title='bbox 521 1144 730 1198; x_wconf 76' lang='lat' dir='ltr'><strong>ulusroculae</strong></span> <span class='ocrx_word' id='word_1_49' title='bbox 752 1141 903 1211; x_wconf 81' lang='lat' dir='ltr'><strong>respiciunt</strong></span> <span class='ocrx_word' id='word_1_50' title='bbox 922 1135 1058 1209; x_wconf 79' lang='lat' dir='ltr'><strong>globum.)</strong></span> <span class='ocrx_word' id='word_1_51' title='bbox 1094 1128 1225 1190; x_wconf 80' lang='lat' dir='ltr'><strong>Rursum</strong></span> <span class='ocrx_word' id='word_1_52' title='bbox 1249 1128 1336 1201; x_wconf 92' lang='lat' dir='ltr'><strong>enim,</strong></span> <span class='ocrx_word' id='word_1_53' title='bbox 1360 1146 1437 1207; x_wconf 89' lang='lat' dir='ltr'><strong>quae</strong></span> <span class='ocrx_word' id='word_1_54' title='bbox 1460 1136 1509 1190; x_wconf 88' lang='lat' dir='ltr'><strong>est</strong></span> <span class='ocrx_word' id='word_1_55' title='bbox 1532 1127 1657 1190; x_wconf 80' lang='lat' dir='ltr'><strong>interior</strong></span> <span class='ocrx_word' id='word_1_56' title='bbox 1680 1146 1769 1208; x_wconf 89' lang='lat' dir='ltr'><strong>quam</strong></span> <span class='ocrx_word' id='word_1_57' title='bbox 1786 1124 1830 1188; x_wconf 82' lang='lat' dir='ltr'><strong>IC</strong></span> 
     </span>
     <span class='ocr_line' id='line_1_7' title="bbox 474 1214 1832 1301; baseline -0.005 -17"><span class='ocrx_word' id='word_1_58' title='bbox 474 1234 528 1284; x_wconf 87' lang='lat' dir='ltr'><strong>aut</strong></span> <span class='ocrx_word' id='word_1_59' title='bbox 550 1239 745 1301; x_wconf 87' lang='lat' dir='ltr'><strong>quaecunque</strong></span> <span class='ocrx_word' id='word_1_60' title='bbox 769 1238 807 1279; x_wconf 88' lang='lat' dir='ltr'><strong>ex</strong></span> <span class='ocrx_word' id='word_1_61' title='bbox 830 1220 854 1290; x_wconf 90' lang='grc' dir='ltr'><strong>Ι,</strong></span> <span class='ocrx_word' id='word_1_62' title='bbox 878 1218 1011 1278; x_wconf 79' lang='lat' dir='ltr'><strong>sectione</strong></span> <span class='ocrx_word' id='word_1_63' title='bbox 1036 1218 1063 1277; x_wconf 92' lang='lat' dir='ltr'><strong>in</strong></span> <span class='ocrx_word' id='word_1_64' title='bbox 1089 1215 1113 1279; x_wconf 88' lang='lat' dir='ltr'>C</span> <span class='ocrx_word' id='word_1_65' title='bbox 1139 1217 1222 1278; x_wconf 86' lang='lat' dir='ltr'><strong>facta</strong></span> <span class='ocrx_word' id='word_1_66' title='bbox 1251 1216 1343 1278; x_wconf 89' lang='lat' dir='ltr'><strong>latius</strong></span> <span class='ocrx_word' id='word_1_67' title='bbox 1371 1216 1549 1295; x_wconf 72' lang='lat' dir='ltr'><strong>erogabitur</strong></span> <span class='ocrx_word' id='word_1_68' title='bbox 1577 1235 1667 1297; x_wconf 90' lang='lat' dir='ltr'><strong>quam</strong></span> <span class='ocrx_word' id='word_1_69' title='bbox 1689 1214 1741 1277; x_wconf 82' lang='lat'><strong>10.</strong></span> <span class='ocrx_word' id='word_1_70' title='bbox 1788 1214 1832 1277; x_wconf 82' lang='lat' dir='ltr'><strong>Et</strong></span> 
     </span>
     <span class='ocr_line' id='line_1_8' title="bbox 472 1305 1419 1379; baseline -0.011 -6"><span class='ocrx_word' id='word_1_71' title='bbox 472 1328 540 1373; x_wconf 89' lang='lat' dir='ltr'><strong>cum</strong></span> <span class='ocrx_word' id='word_1_72' title='bbox 563 1309 639 1371; x_wconf 88' lang='lat' dir='ltr'><strong>haec</strong></span> <span class='ocrx_word' id='word_1_73' title='bbox 663 1327 721 1370; x_wconf 93' lang='lat' dir='ltr'><strong>non</strong></span> <span class='ocrx_word' id='word_1_74' title='bbox 746 1314 915 1379; x_wconf 82' lang='lat' dir='ltr'><strong>concurrat,</strong></span> <span class='ocrx_word' id='word_1_75' title='bbox 939 1306 1033 1366; x_wconf 90' lang='lat' dir='ltr'><strong>multo</strong></span> <span class='ocrx_word' id='word_1_76' title='bbox 1057 1305 1154 1366; x_wconf 89' lang='lat' dir='ltr'><strong>minus</strong></span> <span class='ocrx_word' id='word_1_77' title='bbox 1178 1305 1231 1366; x_wconf 87' lang='lat' dir='ltr'><strong>illa</strong></span> <span class='ocrx_word' id='word_1_78' title='bbox 1253 1312 1419 1367; x_wconf 78' lang='lat' dir='ltr'><strong>concurret.</strong></span> 
     </span>
    </p>

    <p class='ocr_par' dir='ltr' id='par_1_4' title="bbox 471 1389 1831 2357">
     <span class='ocr_line' id='line_1_9' title="bbox 561 1389 1830 1475; baseline -0.005 -16"><span class='ocrx_word' id='word_1_79' title='bbox 561 1396 705 1459; x_wconf 80' lang='lat' dir='ltr'><strong>Sumatur</strong></span> <span class='ocrx_word' id='word_1_80' title='bbox 723 1396 790 1475; x_wconf 86' lang='lat' dir='ltr'><strong>jam</strong></span> <span class='ocrx_word' id='word_1_81' title='bbox 813 1405 956 1475; x_wconf 87' lang='lat' dir='ltr'><strong>punctum</strong></span> <span class='ocrx_word' id='word_1_82' title='bbox 981 1394 1176 1475; x_wconf 92' lang='lat' dir='ltr'><strong>quodcunque</strong></span> <span class='ocrx_word' id='word_1_83' title='bbox 1199 1394 1291 1455; x_wconf 87' lang='lat' dir='ltr'><strong>altius</strong></span> <span class='ocrx_word' id='word_1_84' title='bbox 1316 1412 1403 1474; x_wconf 89' lang='lat' dir='ltr'><strong>qnam</strong></span> <span class='ocrx_word' id='word_1_85' title='bbox 1422 1401 1471 1453; x_wconf 91' lang='lat' dir='ltr'><strong>est</strong></span> <span class='ocrx_word' id='word_1_86' title='bbox 1489 1392 1513 1453; x_wconf 92' lang='grc' dir='ltr'><strong>Ι.</strong></span> <span class='ocrx_word' id='word_1_87' title='bbox 1552 1389 1660 1473; x_wconf 85' lang='lat' dir='ltr'><strong>Sitque</strong></span> <span class='ocrx_word' id='word_1_88' title='bbox 1675 1390 1713 1455; x_wconf 87' lang='lat'><strong>0.</strong></span> <span class='ocrx_word' id='word_1_89' title='bbox 1752 1392 1830 1453; x_wconf 87' lang='lat' dir='ltr'><strong>Dico</strong></span> 
     </span>
     <span class='ocr_line' id='line_1_10' title="bbox 471 1480 1831 1566; baseline -0.005 -18"><span class='ocrx_word' id='word_1_90' title='bbox 471 1486 589 1566; x_wconf 86' lang='lat' dir='ltr'><strong>aliquas</strong></span> <span class='ocrx_word' id='word_1_91' title='bbox 613 1484 732 1547; x_wconf 91' lang='lat' dir='ltr'><strong>omniuo</strong></span> <span class='ocrx_word' id='word_1_92' title='bbox 756 1483 941 1546; x_wconf 83' lang='lat' dir='ltr'><strong>radiationes</strong></span> <span class='ocrx_word' id='word_1_93' title='bbox 960 1481 1041 1543; x_wconf 82' lang='lat' dir='ltr'><strong>exO</strong></span> <span class='ocrx_word' id='word_1_94' title='bbox 1065 1500 1241 1543; x_wconf 89' lang='lat' dir='ltr'><strong>concurrere</strong></span> <span class='ocrx_word' id='word_1_95' title='bbox 1261 1500 1326 1543; x_wconf 90' lang='lat' dir='ltr'><strong>cum</strong></span> <span class='ocrx_word' id='word_1_96' title='bbox 1346 1500 1413 1542; x_wconf 85' lang='lat' dir='ltr'><strong>axe.</strong></span> <span class='ocrx_word' id='word_1_97' title='bbox 1452 1480 1584 1542; x_wconf 84' lang='lat' dir='ltr'><strong>Rursum</strong></span> <span class='ocrx_word' id='word_1_98' title='bbox 1604 1481 1683 1542; x_wconf 90' lang='lat' dir='ltr'><strong>euim</strong></span> <span class='ocrx_word' id='word_1_99' title='bbox 1702 1482 1831 1543; x_wconf 89' lang='lat' dir='ltr'><strong>ducatur</strong></span> 
     </span>
     <span class='ocr_line' id='line_1_11' title="bbox 473 1568 1829 1652; baseline -0.006 -15"><span class='ocrx_word' id='word_1_100' title='bbox 473 1573 532 1637; x_wconf 88' lang='grc' dir='ltr'><strong>ΟΗ</strong></span> <span class='ocrx_word' id='word_1_101' title='bbox 555 1574 657 1636; x_wconf 88' lang='lat' dir='ltr'><strong>radius</strong></span> <span class='ocrx_word' id='word_1_102' title='bbox 681 1573 710 1633; x_wconf 93' lang='lat' dir='ltr'><strong>in</strong></span> <span class='ocrx_word' id='word_1_103' title='bbox 735 1572 765 1633; x_wconf 88' lang='lat' dir='ltr'>H</span> <span class='ocrx_word' id='word_1_104' title='bbox 797 1579 956 1652; x_wconf 86' lang='lat' dir='ltr'><strong>punctum,</strong></span> <span class='ocrx_word' id='word_1_105' title='bbox 990 1571 1069 1649; x_wconf 91' lang='lat' dir='ltr'><strong>quod</strong></span> <span class='ocrx_word' id='word_1_106' title='bbox 1101 1570 1247 1632; x_wconf 89' lang='lat' dir='ltr'><strong>terminat</strong></span> <span class='ocrx_word' id='word_1_107' title='bbox 1278 1588 1454 1632; x_wconf 88' lang='lat' dir='ltr'><strong>coneursum</strong></span> <span class='ocrx_word' id='word_1_108' title='bbox 1487 1568 1667 1630; x_wconf 79' lang='lat' dir='ltr'><strong>radiationis</strong></span> <span class='ocrx_word' id='word_1_109' title='bbox 1690 1588 1729 1630; x_wconf 84' lang='lat' dir='ltr'><strong>ex</strong></span> <span class='ocrx_word' id='word_1_110' title='bbox 1752 1587 1829 1648; x_wconf 92' lang='lat' dir='ltr'><strong>quo-</strong></span> 
     </span>
     <span class='ocr_line' id='line_1_12' title="bbox 472 1655 1831 1742; baseline -0.006 -18"><span class='ocrx_word' id='word_1_111' title='bbox 472 1681 585 1742; x_wconf 86' lang='lat' dir='ltr'><strong>cunque</strong></span> <span class='ocrx_word' id='word_1_112' title='bbox 608 1668 720 1741; x_wconf 90' lang='lat' dir='ltr'><strong>puncto</strong></span> <span class='ocrx_word' id='word_1_113' title='bbox 743 1680 777 1722; x_wconf 90' lang='lat' dir='ltr'><strong>se</strong></span> <span class='ocrx_word' id='word_1_114' title='bbox 801 1658 944 1722; x_wconf 87' lang='lat' dir='ltr'><strong>citeriori.</strong></span> <span class='ocrx_word' id='word_1_115' title='bbox 989 1658 1072 1737; x_wconf 83' lang='lat' dir='ltr'><strong>Ergo</strong></span> <span class='ocrx_word' id='word_1_116' title='bbox 1096 1658 1125 1719; x_wconf 90' lang='lat' dir='ltr'><strong>iu</strong></span> <span class='ocrx_word' id='word_1_117' title='bbox 1150 1660 1179 1718; x_wconf 89' lang='grc' dir='ltr'><strong>ΙΙ</strong></span> <span class='ocrx_word' id='word_1_118' title='bbox 1206 1659 1241 1719; x_wconf 87' lang='lat' dir='ltr'><strong>fit</strong></span> <span class='ocrx_word' id='word_1_119' title='bbox 1269 1657 1454 1720; x_wconf 87' lang='lat' dir='ltr'><strong>intersectio.</strong></span> <span class='ocrx_word' id='word_1_120' title='bbox 1502 1656 1636 1735; x_wconf 83' lang='lat' dir='ltr'><strong>Cumque</strong></span> <span class='ocrx_word' id='word_1_121' title='bbox 1660 1655 1766 1719; x_wconf 84' lang='lat' dir='ltr'>IHGL</span> <span class='ocrx_word' id='word_1_122' title='bbox 1789 1656 1831 1717; x_wconf 90' lang='lat' dir='ltr'><strong>sit</strong></span> 
     </span>
     <span class='ocr_line' id='line_1_13' title="bbox 471 1745 1830 1826; baseline -0.007 -12"><span class='ocrx_word' id='word_1_123' title='bbox 471 1750 617 1814; x_wconf 86' lang='lat' dir='ltr'><strong>terminus</strong></span> <span class='ocrx_word' id='word_1_124' title='bbox 650 1767 813 1811; x_wconf 81' lang='lat' dir='ltr'><strong>concursus</strong></span> <span class='ocrx_word' id='word_1_125' title='bbox 841 1766 879 1809; x_wconf 86' lang='lat' dir='ltr'><strong>ex</strong></span> <span class='ocrx_word' id='word_1_126' title='bbox 906 1748 935 1821; x_wconf 92' lang='lat' dir='ltr'><strong>I,</strong></span> <span class='ocrx_word' id='word_1_127' title='bbox 969 1755 1001 1808; x_wconf 89' lang='lat' dir='ltr'><strong>et</strong></span> <span class='ocrx_word' id='word_1_128' title='bbox 1024 1746 1082 1808; x_wconf 84' lang='lat' dir='ltr'><strong>GL</strong></span> <span class='ocrx_word' id='word_1_129' title='bbox 1113 1747 1277 1826; x_wconf 88' lang='lat' dir='ltr'><strong>parallelos</strong></span> <span class='ocrx_word' id='word_1_130' title='bbox 1310 1746 1349 1807; x_wconf 89' lang='lat' dir='ltr'><strong>ad</strong></span> <span class='ocrx_word' id='word_1_131' title='bbox 1376 1747 1450 1819; x_wconf 86' lang='lat' dir='ltr'><strong>AD,</strong></span> <span class='ocrx_word' id='word_1_132' title='bbox 1482 1745 1539 1807; x_wconf 88' lang='grc' dir='ltr'><strong>ΟΗ</strong></span> <span class='ocrx_word' id='word_1_133' title='bbox 1572 1746 1697 1807; x_wconf 91' lang='lat' dir='ltr'><strong>interior</strong></span> <span class='ocrx_word' id='word_1_134' title='bbox 1729 1745 1830 1807; x_wconf 68' lang='lat' dir='ltr'><strong>metus</strong></span> 
     </span>
     <span class='ocr_line' id='line_1_14' title="bbox 471 1833 1830 1917; baseline -0.005 -16"><span class='ocrx_word' id='word_1_135' title='bbox 471 1838 662 1901; x_wconf 82' lang='lat' dir='ltr'><strong>inclinabitur</strong></span> <span class='ocrx_word' id='word_1_136' title='bbox 685 1838 813 1911; x_wconf 90' lang='lat' dir='ltr'><strong>omnino,</strong></span> <span class='ocrx_word' id='word_1_137' title='bbox 839 1855 930 1917; x_wconf 89' lang='lat' dir='ltr'><strong>quare</strong></span> <span class='ocrx_word' id='word_1_138' title='bbox 954 1845 1120 1897; x_wconf 87' lang='lat' dir='ltr'><strong>concurret.</strong></span> <span class='ocrx_word' id='word_1_139' title='bbox 1169 1836 1203 1896; x_wconf 94' lang='lat' dir='ltr'><strong>ld</strong></span> <span class='ocrx_word' id='word_1_140' title='bbox 1226 1837 1278 1896; x_wconf 83' lang='lat' dir='ltr'><strong>liet</strong></span> <span class='ocrx_word' id='word_1_141' title='bbox 1301 1834 1438 1897; x_wconf 90' lang='lat' dir='ltr'><strong>omuibus</strong></span> <span class='ocrx_word' id='word_1_142' title='bbox 1462 1833 1543 1895; x_wconf 85' lang='lat' dir='ltr'><strong>exO</strong></span> <span class='ocrx_word' id='word_1_143' title='bbox 1568 1833 1787 1896; x_wconf 81' lang='lat' dir='ltr'><strong>radiationibus</strong></span> <span class='ocrx_word' id='word_1_144' title='bbox 1810 1854 1830 1894; x_wconf 86' lang='lat' dir='ltr'><strong>a</strong></span> 
     </span>
     <span class='ocr_line' id='line_1_15' title="bbox 473 1919 1829 2007; baseline -0.006 -17"><span class='ocrx_word' id='word_1_145' title='bbox 473 1928 666 2007; x_wconf 83' lang='lat' dir='ltr'><strong>contingente</strong></span> <span class='ocrx_word' id='word_1_146' title='bbox 698 1925 857 2005; x_wconf 85' lang='lat' dir='ltr'><strong>sphaeram</strong></span> <span class='ocrx_word' id='word_1_147' title='bbox 889 1943 983 2005; x_wconf 89' lang='lat' dir='ltr'><strong>usque</strong></span> <span class='ocrx_word' id='word_1_148' title='bbox 1016 1924 1054 1985; x_wconf 90' lang='lat' dir='ltr'><strong>ad</strong></span> <span class='ocrx_word' id='word_1_149' title='bbox 1088 1943 1155 1985; x_wconf 87' lang='lat' dir='ltr'><strong>eam</strong></span> <span class='ocrx_word' id='word_1_150' title='bbox 1187 1924 1404 1997; x_wconf 87' lang='lat' dir='ltr'><strong>radiationcm‚</strong></span> <span class='ocrx_word' id='word_1_151' title='bbox 1438 1941 1514 2003; x_wconf 86' lang='lat' dir='ltr'><strong>quae</strong></span> <span class='ocrx_word' id='word_1_152' title='bbox 1545 1919 1634 1983; x_wconf 86' lang='lat' dir='ltr'><strong>exO</strong></span> <span class='ocrx_word' id='word_1_153' title='bbox 1665 1922 1829 1983; x_wconf 87' lang='lat' dir='ltr'><strong>secundum</strong></span> 
     </span>
     <span class='ocr_line' id='line_1_16' title="bbox 472 2007 1828 2097; baseline -0.004 -19"><span class='ocrx_word' id='word_1_154' title='bbox 472 2017 557 2097; x_wconf 87' lang='lat' dir='ltr'><strong>leges</strong></span> <span class='ocrx_word' id='word_1_155' title='bbox 580 2012 766 2094; x_wconf 89' lang='lat' dir='ltr'><strong>praemissae</strong></span> <span class='ocrx_word' id='word_1_156' title='bbox 793 2013 842 2077; x_wconf 88' lang='grc'><strong>10.</strong></span> <span class='ocrx_word' id='word_1_157' title='bbox 868 2012 995 2074; x_wconf 89' lang='lat' dir='ltr'><strong>ducitur.</strong></span> <span class='ocrx_word' id='word_1_158' title='bbox 1043 2010 1128 2083; x_wconf 87' lang='lat' dir='ltr'><strong>Quae</strong></span> <span class='ocrx_word' id='word_1_159' title='bbox 1153 2030 1223 2073; x_wconf 91' lang='lat' dir='ltr'><strong>vero</strong></span> <span class='ocrx_word' id='word_1_160' title='bbox 1252 2014 1339 2074; x_wconf 81' lang='lat' dir='ltr'><strong>exF</strong></span> <span class='ocrx_word' id='word_1_161' title='bbox 1368 2021 1479 2091; x_wconf 89' lang='lat' dir='ltr'><strong>puncto</strong></span> <span class='ocrx_word' id='word_1_162' title='bbox 1513 2011 1625 2072; x_wconf 89' lang='lat' dir='ltr'><strong>cadunt</strong></span> <span class='ocrx_word' id='word_1_163' title='bbox 1657 2012 1737 2073; x_wconf 85' lang='lat' dir='ltr'><strong>iutra</strong></span> <span class='ocrx_word' id='word_1_164' title='bbox 1761 2007 1828 2082; x_wconf 85' lang='lat' dir='ltr'><strong>CN,</strong></span> 
     </span>
     <span class='ocr_line' id='line_1_17' title="bbox 471 2098 1827 2182; baseline -0.007 -14"><span class='ocrx_word' id='word_1_165' title='bbox 471 2123 531 2170; x_wconf 90' lang='lat' dir='ltr'><strong>nou</strong></span> <span class='ocrx_word' id='word_1_166' title='bbox 553 2111 734 2167; x_wconf 90' lang='lat' dir='ltr'><strong>concurrunt</strong></span> <span class='ocrx_word' id='word_1_167' title='bbox 756 2110 826 2182; x_wconf 89' lang='lat' dir='ltr'><strong>post</strong></span> <span class='ocrx_word' id='word_1_168' title='bbox 849 2101 980 2180; x_wconf 84' lang='lat' dir='ltr'><strong>globum.</strong></span> <span class='ocrx_word' id='word_1_169' title='bbox 1019 2099 1080 2164; x_wconf 85' lang='lat' dir='ltr'><strong>Seu</strong></span> <span class='ocrx_word' id='word_1_170' title='bbox 1104 2102 1183 2182; x_wconf 90' lang='lat' dir='ltr'><strong>quod</strong></span> <span class='ocrx_word' id='word_1_171' title='bbox 1206 2100 1286 2163; x_wconf 90' lang='lat' dir='ltr'><strong>idem</strong></span> <span class='ocrx_word' id='word_1_172' title='bbox 1304 2108 1363 2171; x_wconf 90' lang='lat' dir='ltr'><strong>est,</strong></span> <span class='ocrx_word' id='word_1_173' title='bbox 1385 2101 1469 2163; x_wconf 89' lang='lat' dir='ltr'><strong>nulia</strong></span> <span class='ocrx_word' id='word_1_174' title='bbox 1491 2100 1654 2179; x_wconf 83' lang='lat' dir='ltr'><strong>parallelos</strong></span> <span class='ocrx_word' id='word_1_175' title='bbox 1677 2099 1755 2161; x_wconf 89' lang='lat' dir='ltr'><strong>inter</strong></span> <span class='ocrx_word' id='word_1_176' title='bbox 1768 2098 1827 2159; x_wconf 89' lang='lat' dir='ltr'><strong>KB</strong></span> 
     </span>
     <span class='ocr_line' id='line_1_18' title="bbox 472 2187 1830 2271; baseline -0.004 -16"><span class='ocrx_word' id='word_1_177' title='bbox 472 2202 505 2256; x_wconf 90' lang='lat' dir='ltr'><strong>et</strong></span> <span class='ocrx_word' id='word_1_178' title='bbox 525 2192 586 2254; x_wconf 86' lang='lat' dir='ltr'><strong>DA</strong></span> <span class='ocrx_word' id='word_1_179' title='bbox 609 2210 787 2254; x_wconf 85' lang='lat' dir='ltr'><strong>concurrere</strong></span> <span class='ocrx_word' id='word_1_180' title='bbox 819 2198 923 2271; x_wconf 88' lang='lat' dir='ltr'><strong>potest</strong></span> <span class='ocrx_word' id='word_1_181' title='bbox 944 2187 989 2251; x_wconf 91' lang='lat' dir='ltr'><strong>cis</strong></span> <span class='ocrx_word' id='word_1_182' title='bbox 1011 2190 1037 2251; x_wconf 81' lang='lat' dir='ltr'>F</span> <span class='ocrx_word' id='word_1_183' title='bbox 1060 2208 1126 2252; x_wconf 92' lang='lat' dir='ltr'><strong>cum</strong></span> <span class='ocrx_word' id='word_1_184' title='bbox 1150 2191 1215 2251; x_wconf 85' lang='lat' dir='ltr'><strong>AF.</strong></span> <span class='ocrx_word' id='word_1_185' title='bbox 1262 2190 1342 2251; x_wconf 87' lang='lat' dir='ltr'><strong>Hinc</strong></span> <span class='ocrx_word' id='word_1_186' title='bbox 1365 2198 1509 2268; x_wconf 85' lang='lat' dir='ltr'><strong>apparet,</strong></span> <span class='ocrx_word' id='word_1_187' title='bbox 1543 2207 1601 2250; x_wconf 93' lang='lat' dir='ltr'><strong>non</strong></span> <span class='ocrx_word' id='word_1_188' title='bbox 1626 2187 1830 2250; x_wconf 87' lang='lat' dir='ltr'><strong>universalem</strong></span> 
     </span>
     <span class='ocr_line' id='line_1_19' title="bbox 471 2275 1830 2357; baseline -0.004 -13"><span class='ocrx_word' id='word_1_189' title='bbox 471 2299 540 2345; x_wconf 87' lang='lat' dir='ltr'><strong>esse</strong></span> <span class='ocrx_word' id='word_1_190' title='bbox 561 2280 602 2355; x_wconf 87' lang='lat' dir='ltr'><strong>X,</strong></span> <span class='ocrx_word' id='word_1_191' title='bbox 626 2276 679 2343; x_wconf 76' lang='lat'><strong>4³.</strong></span> <span class='ocrx_word' id='word_1_192' title='bbox 703 2278 889 2341; x_wconf 87' lang='lat' dir='ltr'><strong>Vitellianis.</strong></span> <span class='ocrx_word' id='word_1_193' title='bbox 937 2275 1026 2347; x_wconf 84' lang='lat' dir='ltr'><strong>Quod</strong></span> <span class='ocrx_word' id='word_1_194' title='bbox 1051 2278 1169 2357; x_wconf 88' lang='lat' dir='ltr'><strong>quidem</strong></span> <span class='ocrx_word' id='word_1_195' title='bbox 1192 2296 1250 2339; x_wconf 92' lang='lat' dir='ltr'><strong>uon</strong></span> <span class='ocrx_word' id='word_1_196' title='bbox 1283 2278 1453 2339; x_wconf 89' lang='lat' dir='ltr'><strong>dissimulat</strong></span> <span class='ocrx_word' id='word_1_197' title='bbox 1476 2278 1520 2338; x_wconf 91' lang='lat' dir='ltr'><strong>sic</strong></span> <span class='ocrx_word' id='word_1_198' title='bbox 1543 2277 1745 2339; x_wconf 88' lang='lat' dir='ltr'><strong>concludens:</strong></span> <span class='ocrx_word' id='word_1_199' title='bbox 1774 2287 1830 2341; x_wconf 81' lang='lat' dir='ltr'><strong>Sed</strong></span> 
     </span>
    </p>
   </div>
   <div class='ocr_carea' id='block_1_3' title="bbox 467 2364 1831 5195">
    <p class='ocr_par' dir='ltr' id='par_1_5' title="bbox 470 2364 1831 2804">
     <span class='ocr_line' id='line_1_20' title="bbox 474 2364 1831 2449; baseline -0.008 -13"><span class='ocrx_word' id='word_1_200' title='bbox 474 2386 505 2437; x_wconf 85' lang='lat' dir='ltr'><strong>et</strong></span> <span class='ocrx_word' id='word_1_201' title='bbox 524 2378 553 2435; x_wconf 87' lang='lat' dir='ltr'><strong>iu</strong></span> <span class='ocrx_word' id='word_1_202' title='bbox 571 2379 615 2435; x_wconf 77' lang='lat' dir='ltr'><strong>luia</strong></span> <span class='ocrx_word' id='word_1_203' title='bbox 635 2379 726 2434; x_wconf 85' lang='lat' dir='ltr'><strong>multa</strong></span> <span class='ocrx_word' id='word_1_204' title='bbox 745 2384 791 2433; x_wconf 84' lang='lat' dir='ltr'><strong>sat</strong></span> <span class='ocrx_word' id='word_1_205' title='bbox 810 2377 971 2442; x_wconf 83' lang='lat' dir='ltr'><strong>diversitas,</strong></span> <span class='ocrx_word' id='word_1_206' title='bbox 998 2393 1079 2449; x_wconf 85' lang='lat' dir='ltr'><strong>quam</strong></span> <span class='ocrx_word' id='word_1_207' title='bbox 1102 2377 1281 2448; x_wconf 87' lang='lat' dir='ltr'><strong>relinquimus</strong></span> <span class='ocrx_word' id='word_1_208' title='bbox 1308 2377 1399 2431; x_wconf 78' lang='lat' dir='ltr'><strong>sardio</strong></span> <span class='ocrx_word' id='word_1_209' title='bbox 1424 2375 1616 2448; x_wconf 82' lang='lat' dir='ltr'><strong>perquirentis.</strong></span> <span class='ocrx_word' id='word_1_210' title='bbox 1668 2364 1831 2445; x_wconf 75' lang='lat' dir='ltr'><strong>Languent</strong></span> 
     </span>
     <span class='ocr_line' id='line_1_21' title="bbox 471 2456 1829 2539; baseline -0.004 -19"><span class='ocrx_word' id='word_1_211' title='bbox 471 2469 544 2522; x_wconf 83' lang='lat' dir='ltr'><strong>vero</strong></span> <span class='ocrx_word' id='word_1_212' title='bbox 567 2468 639 2539; x_wconf 87' lang='lat' dir='ltr'><strong>post</strong></span> <span class='ocrx_word' id='word_1_213' title='bbox 661 2466 745 2519; x_wconf 87' lang='lat' dir='ltr'><strong>tuam</strong></span> <span class='ocrx_word' id='word_1_214' title='bbox 768 2464 911 2529; x_wconf 87' lang='lat' dir='ltr'><strong>aetatem,</strong></span> <span class='ocrx_word' id='word_1_215' title='bbox 937 2456 1072 2531; x_wconf 88' lang='lat' dir='ltr'><strong>Vitellio,</strong></span> <span class='ocrx_word' id='word_1_216' title='bbox 1097 2457 1172 2517; x_wconf 87' lang='lat' dir='ltr'><strong>haec</strong></span> <span class='ocrx_word' id='word_1_217' title='bbox 1195 2456 1311 2529; x_wconf 88' lang='lat' dir='ltr'><strong>studia,</strong></span> <span class='ocrx_word' id='word_1_218' title='bbox 1336 2464 1368 2516; x_wconf 90' lang='lat' dir='ltr'><strong>et</strong></span> <span class='ocrx_word' id='word_1_219' title='bbox 1390 2456 1453 2516; x_wconf 85' lang='lat' dir='ltr'><strong>iere</strong></span> <span class='ocrx_word' id='word_1_220' title='bbox 1477 2457 1591 2517; x_wconf 76' lang='lat' dir='ltr'><strong>frustra</strong></span> <span class='ocrx_word' id='word_1_221' title='bbox 1612 2462 1732 2533; x_wconf 91' lang='lat' dir='ltr'><strong>tempus</strong></span> <span class='ocrx_word' id='word_1_222' title='bbox 1756 2472 1829 2534; x_wconf 89' lang='lat' dir='ltr'><strong>per·</strong></span> 
     </span>
     <span class='ocr_line' id='line_1_22' title="bbox 471 2543 1829 2627; baseline -0.006 -17"><span class='ocrx_word' id='word_1_223' title='bbox 471 2548 559 2623; x_wconf 87' lang='lat' dir='ltr'><strong>dunt,</strong></span> <span class='ocrx_word' id='word_1_224' title='bbox 590 2546 641 2627; x_wconf 94' lang='lat' dir='ltr'><strong>qui</strong></span> <span class='ocrx_word' id='word_1_225' title='bbox 671 2545 746 2606; x_wconf 84' lang='lat' dir='ltr'><strong>baec</strong></span> <span class='ocrx_word' id='word_1_226' title='bbox 778 2545 912 2607; x_wconf 82' lang='lat' dir='ltr'><strong>excitare</strong></span> <span class='ocrx_word' id='word_1_227' title='bbox 945 2554 1100 2606; x_wconf 89' lang='lat' dir='ltr'><strong>conantur.</strong></span> <span class='ocrx_word' id='word_1_228' title='bbox 1149 2545 1254 2606; x_wconf 89' lang='lat' dir='ltr'><strong>Metuo</strong></span> <span class='ocrx_word' id='word_1_229' title='bbox 1278 2563 1421 2623; x_wconf 90' lang='lat' dir='ltr'><strong>namque,</strong></span> <span class='ocrx_word' id='word_1_230' title='bbox 1446 2552 1480 2605; x_wconf 90' lang='lat' dir='ltr'><strong>ut</strong></span> <span class='ocrx_word' id='word_1_231' title='bbox 1502 2554 1535 2604; x_wconf 91' lang='lat' dir='ltr'><strong>tu</strong></span> <span class='ocrx_word' id='word_1_232' title='bbox 1558 2543 1693 2621; x_wconf 87' lang='lat' dir='ltr'><strong>adeoque</strong></span> <span class='ocrx_word' id='word_1_233' title='bbox 1716 2552 1749 2603; x_wconf 87' lang='lat' dir='ltr'><strong>et</strong></span> <span class='ocrx_word' id='word_1_234' title='bbox 1772 2560 1829 2621; x_wconf 89' lang='lat' dir='ltr'><strong>ego</strong></span> 
     </span>
     <span class='ocr_line' id='line_1_23' title="bbox 470 2631 1828 2715; baseline -0.006 -16"><span class='ocrx_word' id='word_1_235' title='bbox 470 2654 549 2699; x_wconf 90' lang='lat' dir='ltr'><strong>nune</strong></span> <span class='ocrx_word' id='word_1_236' title='bbox 570 2636 639 2715; x_wconf 89' lang='lat' dir='ltr'><strong>plns</strong></span> <span class='ocrx_word' id='word_1_237' title='bbox 662 2642 824 2713; x_wconf 81' lang='lat' dir='ltr'><strong>operaest</strong></span> <span class='ocrx_word' id='word_1_238' title='bbox 847 2634 991 2713; x_wconf 88' lang='lat' dir='ltr'><strong>temporis</strong></span> <span class='ocrx_word' id='word_1_239' title='bbox 1015 2634 1240 2695; x_wconf 91' lang='lat' dir='ltr'><strong>insumserimus</strong></span> <span class='ocrx_word' id='word_1_240' title='bbox 1258 2632 1288 2695; x_wconf 94' lang='lat' dir='ltr'><strong>in</strong></span> <span class='ocrx_word' id='word_1_241' title='bbox 1312 2632 1484 2706; x_wconf 84' lang='lat' dir='ltr'><strong>exarandis,</strong></span> <span class='ocrx_word' id='word_1_242' title='bbox 1509 2631 1668 2711; x_wconf 81' lang='lat' dir='ltr'><strong>gignendis</strong></span> <span class='ocrx_word' id='word_1_243' title='bbox 1686 2642 1720 2691; x_wconf 88' lang='lat' dir='ltr'><strong>et</strong></span> <span class='ocrx_word' id='word_1_244' title='bbox 1738 2631 1828 2710; x_wconf 90' lang='lat' dir='ltr'><strong>plane</strong></span> 
     </span>
     <span class='ocr_line' id='line_1_24' title="bbox 471 2716 1827 2804; baseline -0.003 -18"><span class='ocrx_word' id='word_1_245' title='bbox 471 2723 645 2804; x_wconf 89' lang='lat' dir='ltr'><strong>sculpendis</strong></span> <span class='ocrx_word' id='word_1_246' title='bbox 668 2722 751 2784; x_wconf 89' lang='lat' dir='ltr'><strong>hisce</strong></span> <span class='ocrx_word' id='word_1_247' title='bbox 774 2721 1039 2801; x_wconf 88' lang='lat' dir='ltr'><strong>propositionibus,</strong></span> <span class='ocrx_word' id='word_1_248' title='bbox 1064 2740 1153 2802; x_wconf 87' lang='lat' dir='ltr'><strong>quam</strong></span> <span class='ocrx_word' id='word_1_249' title='bbox 1177 2722 1307 2783; x_wconf 87' lang='lat' dir='ltr'><strong>universi</strong></span> <span class='ocrx_word' id='word_1_250' title='bbox 1323 2722 1352 2783; x_wconf 91' lang='lat' dir='ltr'><strong>iu</strong></span> <span class='ocrx_word' id='word_1_251' title='bbox 1378 2722 1512 2801; x_wconf 84' lang='lat' dir='ltr'><strong>legendis</strong></span> <span class='ocrx_word' id='word_1_252' title='bbox 1536 2719 1694 2782; x_wconf 90' lang='lat' dir='ltr'><strong>insumturi</strong></span> <span class='ocrx_word' id='word_1_253' title='bbox 1709 2716 1827 2791; x_wconf 83' lang='lat' dir='ltr'><strong>sint*)</strong></span> 
     </span>
    </p>

    <p class='ocr_par' dir='ltr' id='par_1_6' title="bbox 470 2888 1827 3123">
     <span class='ocr_line' id='line_1_25' title="bbox 560 2888 1827 2968; baseline -0.002 -22"><span class='ocrx_word' id='word_1_254' title='bbox 560 2888 818 2968; x_wconf 71' lang='lat' dir='ltr'><strong>*lPsr-apiouitatis</strong></span> <span class='ocrx_word' id='word_1_255' title='bbox 839 2907 926 2945; x_wconf 86' lang='lat' dir='ltr'><strong>causa</strong></span> <span class='ocrx_word' id='word_1_256' title='bbox 938 2908 1038 2960; x_wconf 86' lang='lat' dir='ltr'><strong>ponam</strong></span> <span class='ocrx_word' id='word_1_257' title='bbox 1054 2893 1088 2945; x_wconf 91' lang='lat' dir='ltr'><strong>ob</strong></span> <span class='ocrx_word' id='word_1_258' title='bbox 1110 2892 1203 2945; x_wconf 86' lang='lat' dir='ltr'><strong>oculos</strong></span> <span class='ocrx_word' id='word_1_259' title='bbox 1218 2891 1310 2947; x_wconf 87' lang='lat' dir='ltr'><strong>omnia</strong></span> <span class='ocrx_word' id='word_1_260' title='bbox 1329 2891 1413 2961; x_wconf 86' lang='lat' dir='ltr'><strong>hujus</strong></span> <span class='ocrx_word' id='word_1_261' title='bbox 1434 2890 1541 2963; x_wconf 84' lang='lat' dir='ltr'><strong>negotii</strong></span> <span class='ocrx_word' id='word_1_262' title='bbox 1553 2891 1677 2945; x_wconf 88' lang='lat' dir='ltr'><strong>membra</strong></span> <span class='ocrx_word' id='word_1_263' title='bbox 1691 2890 1827 2961; x_wconf 79' lang='lat' dir='ltr'><strong>(quamvis</strong></span> 
     </span>
     <span class='ocr_line' id='line_1_26' title="bbox 471 2968 1827 3046; baseline -0.002 -21"><span class='ocrx_word' id='word_1_264' title='bbox 471 2971 623 3046; x_wconf 75' lang='lat' dir='ltr'><strong>propositio</strong></span> <span class='ocrx_word' id='word_1_265' title='bbox 645 2978 754 3026; x_wconf 85' lang='lat' dir='ltr'><strong>tantum</strong></span> <span class='ocrx_word' id='word_1_266' title='bbox 774 2973 808 3024; x_wconf 90' lang='lat' dir='ltr'><strong>de</strong></span> <span class='ocrx_word' id='word_1_267' title='bbox 829 2971 968 3043; x_wconf 85' lang='lat' dir='ltr'><strong>aliquibus</strong></span> <span class='ocrx_word' id='word_1_268' title='bbox 991 2972 1138 3043; x_wconf 86' lang='lat' dir='ltr'><strong>loquatur:</strong></span> <span class='ocrx_word' id='word_1_269' title='bbox 1171 2988 1288 3042; x_wconf 88' lang='lat' dir='ltr'><strong>sequens</strong></span> <span class='ocrx_word' id='word_1_270' title='bbox 1309 2988 1374 3025; x_wconf 84' lang='lat' dir='ltr'><strong>vero</strong></span> <span class='ocrx_word' id='word_1_271' title='bbox 1398 2971 1442 3027; x_wconf 83' lang='lat'><strong>16:</strong></span> <span class='ocrx_word' id='word_1_272' title='bbox 1465 2975 1498 3025; x_wconf 90' lang='lat' dir='ltr'><strong>de</strong></span> <span class='ocrx_word' id='word_1_273' title='bbox 1523 2968 1660 3036; x_wconf 85' lang='lat' dir='ltr'><strong>residuo),</strong></span> <span class='ocrx_word' id='word_1_274' title='bbox 1692 2971 1773 3042; x_wconf 86' lang='lat' dir='ltr'><strong>idque</strong></span> <span class='ocrx_word' id='word_1_275' title='bbox 1794 2987 1827 3023; x_wconf 86' lang='lat' dir='ltr'><strong>eo</strong></span> 
     </span>
     <span class='ocr_line' id='line_1_27' title="bbox 470 3050 1373 3123; baseline -0.003 -15"><span class='ocrx_word' id='word_1_276' title='bbox 470 3051 570 3123; x_wconf 79' lang='lat' dir='ltr'><strong>magis,</strong></span> <span class='ocrx_word' id='word_1_277' title='bbox 593 3053 664 3122; x_wconf 90' lang='lat' dir='ltr'><strong>quod</strong></span> <span class='ocrx_word' id='word_1_278' title='bbox 685 3050 884 3105; x_wconf 86' lang='lat' dir='ltr'><strong>demonstratio</strong></span> <span class='ocrx_word' id='word_1_279' title='bbox 906 3051 968 3120; x_wconf 88' lang='lat' dir='ltr'><strong>ipsa</strong></span> <span class='ocrx_word' id='word_1_280' title='bbox 988 3051 1072 3105; x_wconf 86' lang='lat' dir='ltr'><strong>etiam</strong></span> <span class='ocrx_word' id='word_1_281' title='bbox 1094 3051 1204 3121; x_wconf 80' lang='lat' dir='ltr'><strong>longius</strong></span> <span class='ocrx_word' id='word_1_282' title='bbox 1226 3061 1373 3122; x_wconf 84' lang='lat' dir='ltr'><strong>evagatur.</strong></span> 
     </span>
    </p>

    <p class='ocr_par' dir='ltr' id='par_1_7' title="bbox 471 3129 1827 3441">
     <span class='ocr_line' id='line_1_28' title="bbox 560 3129 1826 3200; baseline -0.001 -15"><span class='ocrx_word' id='word_1_283' title='bbox 560 3131 632 3185; x_wconf 89' lang='lat' dir='ltr'><strong>Sunt</strong></span> <span class='ocrx_word' id='word_1_284' title='bbox 652 3131 705 3183; x_wconf 90' lang='lat' dir='ltr'><strong>duo</strong></span> <span class='ocrx_word' id='word_1_285' title='bbox 726 3137 830 3200; x_wconf 84' lang='lat' dir='ltr'><strong>puncta</strong></span> <span class='ocrx_word' id='word_1_286' title='bbox 850 3130 879 3184; x_wconf 92' lang='lat' dir='ltr'><strong>in</strong></span> <span class='ocrx_word' id='word_1_287' title='bbox 899 3146 954 3183; x_wconf 88' lang='lat' dir='ltr'><strong>axe</strong></span> <span class='ocrx_word' id='word_1_288' title='bbox 974 3131 1026 3184; x_wconf 82' lang='lat' dir='ltr'><strong>AN</strong></span> <span class='ocrx_word' id='word_1_289' title='bbox 1051 3131 1228 3195; x_wconf 86' lang='lat' dir='ltr'><strong>continuato,</strong></span> <span class='ocrx_word' id='word_1_290' title='bbox 1251 3132 1370 3185; x_wconf 84' lang='lat' dir='ltr'><strong>alterum</strong></span> <span class='ocrx_word' id='word_1_291' title='bbox 1391 3132 1416 3193; x_wconf 92' lang='lat' dir='ltr'><strong>l,</strong></span> <span class='ocrx_word' id='word_1_292' title='bbox 1439 3130 1558 3184; x_wconf 88' lang='lat' dir='ltr'><strong>alterum</strong></span> <span class='ocrx_word' id='word_1_293' title='bbox 1583 3129 1667 3200; x_wconf 91' lang='lat' dir='ltr'><strong>paulo</strong></span> <span class='ocrx_word' id='word_1_294' title='bbox 1689 3147 1777 3200; x_wconf 88' lang='lat' dir='ltr'><strong>supra</strong></span> <span class='ocrx_word' id='word_1_295' title='bbox 1798 3132 1826 3194; x_wconf 82' lang='lat' dir='ltr'><strong>F,</strong></span> 
     </span>
     <span class='ocr_line' id='line_1_29' title="bbox 471 3209 1826 3284; baseline -0.001 -18"><span class='ocrx_word' id='word_1_296' title='bbox 471 3226 543 3284; x_wconf 86' lang='lat' dir='ltr'><strong>quae</strong></span> <span class='ocrx_word' id='word_1_297' title='bbox 573 3209 749 3281; x_wconf 84' lang='lat' dir='ltr'><strong>distinguunt</strong></span> <span class='ocrx_word' id='word_1_298' title='bbox 778 3210 946 3263; x_wconf 85' lang='lat' dir='ltr'><strong>radiationes</strong></span> <span class='ocrx_word' id='word_1_299' title='bbox 974 3210 1002 3264; x_wconf 93' lang='lat' dir='ltr'><strong>iu</strong></span> <span class='ocrx_word' id='word_1_300' title='bbox 1028 3210 1083 3265; x_wconf 87' lang='lat' dir='ltr'><strong>tria</strong></span> <span class='ocrx_word' id='word_1_301' title='bbox 1108 3227 1224 3281; x_wconf 85' lang='lat' dir='ltr'><strong>genera.</strong></span> <span class='ocrx_word' id='word_1_302' title='bbox 1267 3210 1385 3265; x_wconf 88' lang='lat' dir='ltr'><strong>Primum</strong></span> <span class='ocrx_word' id='word_1_303' title='bbox 1413 3217 1458 3263; x_wconf 88' lang='lat' dir='ltr'><strong>est</strong></span> <span class='ocrx_word' id='word_1_304' title='bbox 1486 3219 1648 3280; x_wconf 82' lang='lat' dir='ltr'><strong>punctorum</strong></span> <span class='ocrx_word' id='word_1_305' title='bbox 1679 3210 1753 3263; x_wconf 81' lang='lat' dir='ltr'><strong>iuter</strong></span> <span class='ocrx_word' id='word_1_306' title='bbox 1780 3211 1826 3273; x_wconf 86' lang='grc' dir='ltr'><strong>ΙΝ,</strong></span> 
     </span>
     <span class='ocr_line' id='line_1_30' title="bbox 471 3289 1827 3360; baseline -0.002 -15"><span class='ocrx_word' id='word_1_307' title='bbox 471 3292 619 3345; x_wconf 84' lang='lat' dir='ltr'><strong>secundum</strong></span> <span class='ocrx_word' id='word_1_308' title='bbox 640 3295 803 3358; x_wconf 87' lang='lat' dir='ltr'><strong>punctorum</strong></span> <span class='ocrx_word' id='word_1_309' title='bbox 824 3290 897 3342; x_wconf 85' lang='lat' dir='ltr'><strong>inter</strong></span> <span class='ocrx_word' id='word_1_310' title='bbox 917 3290 931 3343; x_wconf 92' lang='lat' dir='ltr'><strong>l</strong></span> <span class='ocrx_word' id='word_1_311' title='bbox 951 3297 980 3343; x_wconf 88' lang='lat' dir='ltr'><strong>et</strong></span> <span class='ocrx_word' id='word_1_312' title='bbox 999 3298 1129 3360; x_wconf 90' lang='lat' dir='ltr'><strong>puuctum</strong></span> <span class='ocrx_word' id='word_1_313' title='bbox 1151 3292 1270 3345; x_wconf 88' lang='lat' dir='ltr'><strong>alterum</strong></span> <span class='ocrx_word' id='word_1_314' title='bbox 1291 3290 1415 3360; x_wconf 86' lang='lat' dir='ltr'><strong>proxime</strong></span> <span class='ocrx_word' id='word_1_315' title='bbox 1436 3306 1523 3359; x_wconf 88' lang='lat' dir='ltr'><strong>supra</strong></span> <span class='ocrx_word' id='word_1_316' title='bbox 1543 3291 1573 3344; x_wconf 83' lang='lat' dir='ltr'><strong>F.</strong></span> <span class='ocrx_word' id='word_1_317' title='bbox 1616 3289 1740 3345; x_wconf 83' lang='lat' dir='ltr'><strong>Tertium</strong></span> <span class='ocrx_word' id='word_1_318' title='bbox 1761 3290 1827 3344; x_wconf 90' lang='lat' dir='ltr'><strong>reli-</strong></span> 
     </span>
     <span class='ocr_line' id='line_1_31' title="bbox 472 3369 1711 3441; baseline -0.002 -17"><span class='ocrx_word' id='word_1_319' title='bbox 472 3387 586 3441; x_wconf 87' lang='lat' dir='ltr'><strong>quorum</strong></span> <span class='ocrx_word' id='word_1_320' title='bbox 609 3375 770 3438; x_wconf 90' lang='lat' dir='ltr'><strong>punctorum</strong></span> <span class='ocrx_word' id='word_1_321' title='bbox 793 3369 909 3422; x_wconf 90' lang='lat' dir='ltr'><strong>omnium</strong></span> <span class='ocrx_word' id='word_1_322' title='bbox 931 3386 1016 3439; x_wconf 89' lang='lat' dir='ltr'><strong>supra</strong></span> <span class='ocrx_word' id='word_1_323' title='bbox 1036 3371 1102 3423; x_wconf 92' lang='lat' dir='ltr'><strong>illud</strong></span> <span class='ocrx_word' id='word_1_324' title='bbox 1124 3377 1255 3439; x_wconf 84' lang='lat' dir='ltr'><strong>punctum</strong></span> <span class='ocrx_word' id='word_1_325' title='bbox 1277 3372 1311 3424; x_wconf 89' lang='lat' dir='ltr'><strong>ad</strong></span> <span class='ocrx_word' id='word_1_326' title='bbox 1332 3371 1355 3424; x_wconf 82' lang='lat' dir='ltr'><strong>F</strong></span> <span class='ocrx_word' id='word_1_327' title='bbox 1374 3387 1424 3441; x_wconf 91' lang='lat' dir='ltr'><strong>per</strong></span> <span class='ocrx_word' id='word_1_328' title='bbox 1445 3370 1577 3424; x_wconf 85' lang='lat' dir='ltr'><strong>infinitam</strong></span> <span class='ocrx_word' id='word_1_329' title='bbox 1600 3370 1711 3423; x_wconf 86' lang='lat' dir='ltr'><strong>lineam.</strong></span> 
     </span>
    </p>

    <p class='ocr_par' dir='ltr' id='par_1_8' title="bbox 470 3448 1827 3741">
     <span class='ocr_line' id='line_1_32' title="bbox 560 3448 1827 3504; baseline 0.002 -3"><span class='ocrx_word' id='word_1_330' title='bbox 560 3448 643 3502; x_wconf 88' lang='lat' dir='ltr'><strong>Primi</strong></span> <span class='ocrx_word' id='word_1_331' title='bbox 664 3454 693 3500; x_wconf 88' lang='lat' dir='ltr'><strong>et</strong></span> <span class='ocrx_word' id='word_1_332' title='bbox 718 3448 795 3502; x_wconf 89' lang='lat' dir='ltr'><strong>tertii</strong></span> <span class='ocrx_word' id='word_1_333' title='bbox 823 3450 978 3502; x_wconf 84' lang='lat' dir='ltr'><strong>contrariae</strong></span> <span class='ocrx_word' id='word_1_334' title='bbox 1006 3457 1072 3503; x_wconf 89' lang='lat' dir='ltr'><strong>sunt</strong></span> <span class='ocrx_word' id='word_1_335' title='bbox 1096 3450 1230 3504; x_wconf 84' lang='lat' dir='ltr'><strong>rationes.</strong></span> <span class='ocrx_word' id='word_1_336' title='bbox 1271 3452 1342 3504; x_wconf 86' lang='lat' dir='ltr'><strong>Nam</strong></span> <span class='ocrx_word' id='word_1_337' title='bbox 1369 3450 1538 3504; x_wconf 83' lang='lat' dir='ltr'><strong>radiationes</strong></span> <span class='ocrx_word' id='word_1_338' title='bbox 1560 3469 1595 3503; x_wconf 86' lang='lat' dir='ltr'><strong>ex</strong></span> <span class='ocrx_word' id='word_1_339' title='bbox 1617 3450 1692 3502; x_wconf 89' lang='lat' dir='ltr'><strong>linea</strong></span> <span class='ocrx_word' id='word_1_340' title='bbox 1714 3450 1752 3503; x_wconf 87' lang='grc' dir='ltr'><strong>ΙΝ</strong></span> <span class='ocrx_word' id='word_1_341' title='bbox 1773 3468 1827 3503; x_wconf 92' lang='lat' dir='ltr'><strong>uon</strong></span> 
     </span>
     <span class='ocr_line' id='line_1_33' title="bbox 471 3529 1826 3601; baseline -0.001 -17"><span class='ocrx_word' id='word_1_342' title='bbox 471 3535 580 3584; x_wconf 86' lang='lat' dir='ltr'><strong>tautum</strong></span> <span class='ocrx_word' id='word_1_343' title='bbox 594 3544 648 3580; x_wconf 92' lang='lat' dir='ltr'><strong>non</strong></span> <span class='ocrx_word' id='word_1_344' title='bbox 669 3534 835 3582; x_wconf 89' lang='lat' dir='ltr'><strong>concurrunt</strong></span> <span class='ocrx_word' id='word_1_345' title='bbox 849 3545 908 3581; x_wconf 91' lang='lat' dir='ltr'><strong>cum</strong></span> <span class='ocrx_word' id='word_1_346' title='bbox 923 3531 984 3592; x_wconf 88' lang='lat' dir='ltr'><strong>AD,</strong></span> <span class='ocrx_word' id='word_1_347' title='bbox 1006 3532 1053 3583; x_wconf 88' lang='lat' dir='ltr'><strong>sed</strong></span> <span class='ocrx_word' id='word_1_348' title='bbox 1069 3529 1153 3583; x_wconf 87' lang='lat' dir='ltr'><strong>etiam</strong></span> <span class='ocrx_word' id='word_1_349' title='bbox 1174 3529 1366 3601; x_wconf 82' lang='lat' dir='ltr'><strong>digrediuntur</strong></span> <span class='ocrx_word' id='word_1_350' title='bbox 1379 3532 1415 3583; x_wconf 85' lang='lat' dir='ltr'><strong>ab</strong></span> <span class='ocrx_word' id='word_1_351' title='bbox 1429 3548 1465 3581; x_wconf 86' lang='lat' dir='ltr'><strong>ea</strong></span> <span class='ocrx_word' id='word_1_352' title='bbox 1479 3547 1579 3592; x_wconf 88' lang='lat' dir='ltr'><strong>omues,</strong></span> <span class='ocrx_word' id='word_1_353' title='bbox 1601 3529 1681 3583; x_wconf 86' lang='lat' dir='ltr'><strong>nulla</strong></span> <span class='ocrx_word' id='word_1_354' title='bbox 1694 3539 1826 3599; x_wconf 82' lang='lat' dir='ltr'><strong>excepta.</strong></span> 
     </span>
     <span class='ocr_line' id='line_1_34' title="bbox 470 3606 1827 3679; baseline 0.001 -17"><span class='ocrx_word' id='word_1_355' title='bbox 470 3612 510 3662; x_wconf 82' lang='lat' dir='ltr'><strong>At</strong></span> <span class='ocrx_word' id='word_1_356' title='bbox 529 3606 699 3661; x_wconf 84' lang='lat' dir='ltr'><strong>radiationes</strong></span> <span class='ocrx_word' id='word_1_357' title='bbox 721 3625 806 3677; x_wconf 87' lang='lat' dir='ltr'><strong>supra</strong></span> <span class='ocrx_word' id='word_1_358' title='bbox 826 3608 934 3679; x_wconf 82' lang='lat' dir='ltr'><strong>signum</strong></span> <span class='ocrx_word' id='word_1_359' title='bbox 955 3611 989 3662; x_wconf 86' lang='lat' dir='ltr'><strong>ad</strong></span> <span class='ocrx_word' id='word_1_360' title='bbox 1012 3611 1033 3662; x_wconf 85' lang='lat' dir='ltr'>F</span> <span class='ocrx_word' id='word_1_361' title='bbox 1054 3610 1080 3662; x_wconf 91' lang='lat' dir='ltr'><strong>in</strong></span> <span class='ocrx_word' id='word_1_362' title='bbox 1107 3610 1240 3663; x_wconf 87' lang='lat' dir='ltr'><strong>infinitum</strong></span> <span class='ocrx_word' id='word_1_363' title='bbox 1266 3617 1431 3664; x_wconf 86' lang='lat' dir='ltr'><strong>concurrunt</strong></span> <span class='ocrx_word' id='word_1_364' title='bbox 1452 3627 1544 3663; x_wconf 87' lang='lat' dir='ltr'><strong>omnes</strong></span> <span class='ocrx_word' id='word_1_365' title='bbox 1572 3609 1663 3674; x_wconf 86' lang='lat' dir='ltr'><strong>(nulla</strong></span> <span class='ocrx_word' id='word_1_366' title='bbox 1690 3606 1827 3678; x_wconf 83' lang='lat' dir='ltr'><strong>excepta)</strong></span> 
     </span>
     <span class='ocr_line' id='line_1_35' title="bbox 470 3688 690 3741; baseline 0 0"><span class='ocrx_word' id='word_1_367' title='bbox 470 3704 529 3741; x_wconf 87' lang='lat' dir='ltr'><strong>curu</strong></span> <span class='ocrx_word' id='word_1_368' title='bbox 551 3703 606 3740; x_wconf 87' lang='lat' dir='ltr'><strong>axe</strong></span> <span class='ocrx_word' id='word_1_369' title='bbox 628 3688 690 3741; x_wconf 88' lang='grc' dir='ltr'>ΔΙ).</span> 
     </span>
    </p>

    <p class='ocr_par' dir='ltr' id='par_1_9' title="bbox 469 3765 1828 4159">
     <span class='ocr_line' id='line_1_36' title="bbox 558 3765 1827 3839; baseline 0.003 -19"><span class='ocrx_word' id='word_1_370' title='bbox 558 3768 603 3821; x_wconf 86' lang='lat' dir='ltr'><strong>Its</strong></span> <span class='ocrx_word' id='word_1_371' title='bbox 626 3765 801 3820; x_wconf 87' lang='lat' dir='ltr'><strong>terminorum</strong></span> <span class='ocrx_word' id='word_1_372' title='bbox 822 3765 901 3835; x_wconf 90' lang='lat' dir='ltr'><strong>primi</strong></span> <span class='ocrx_word' id='word_1_373' title='bbox 924 3774 953 3819; x_wconf 87' lang='lat' dir='ltr'><strong>ot</strong></span> <span class='ocrx_word' id='word_1_374' title='bbox 974 3767 1049 3820; x_wconf 80' lang='lat' dir='ltr'><strong>tertii</strong></span> <span class='ocrx_word' id='word_1_375' title='bbox 1071 3769 1182 3839; x_wconf 85' lang='lat' dir='ltr'><strong>generis</strong></span> <span class='ocrx_word' id='word_1_376' title='bbox 1204 3768 1327 3822; x_wconf 85' lang='lat' dir='ltr'><strong>rationes</strong></span> <span class='ocrx_word' id='word_1_377' title='bbox 1350 3768 1448 3823; x_wconf 87' lang='lat' dir='ltr'><strong>iterum</strong></span> <span class='ocrx_word' id='word_1_378' title='bbox 1469 3774 1534 3821; x_wconf 92' lang='lat' dir='ltr'><strong>suut</strong></span> <span class='ocrx_word' id='word_1_379' title='bbox 1554 3768 1720 3824; x_wconf 86' lang='lat' dir='ltr'><strong>contrariae.</strong></span> <span class='ocrx_word' id='word_1_380' title='bbox 1755 3770 1827 3824; x_wconf 87' lang='lat' dir='ltr'><strong>Nam</strong></span> 
     </span>
     <span class='ocr_line' id='line_1_37' title="bbox 470 3846 1828 3919; baseline 0.001 -17"><span class='ocrx_word' id='word_1_381' title='bbox 470 3846 639 3902; x_wconf 87' lang='lat' dir='ltr'><strong>radiationes</strong></span> <span class='ocrx_word' id='word_1_382' title='bbox 661 3864 698 3899; x_wconf 89' lang='lat' dir='ltr'><strong>ex</strong></span> <span class='ocrx_word' id='word_1_383' title='bbox 719 3848 733 3901; x_wconf 94' lang='lat'><em>1</em></span> <span class='ocrx_word' id='word_1_384' title='bbox 753 3864 807 3899; x_wconf 92' lang='lat' dir='ltr'><strong>non</strong></span> <span class='ocrx_word' id='word_1_385' title='bbox 828 3846 915 3898; x_wconf 91' lang='lat' dir='ltr'><strong>minus</strong></span> <span class='ocrx_word' id='word_1_386' title='bbox 937 3864 1017 3917; x_wconf 87' lang='lat' dir='ltr'><strong>quarn</strong></span> <span class='ocrx_word' id='word_1_387' title='bbox 1039 3865 1076 3901; x_wconf 81' lang='lat' dir='ltr'><strong>ex</strong></span> <span class='ocrx_word' id='word_1_388' title='bbox 1097 3847 1173 3901; x_wconf 88' lang='lat' dir='ltr'><strong>linea</strong></span> <span class='ocrx_word' id='word_1_389' title='bbox 1187 3850 1225 3902; x_wconf 92' lang='lat' dir='ltr'><strong>IN</strong></span> <span class='ocrx_word' id='word_1_390' title='bbox 1247 3865 1339 3901; x_wconf 90' lang='lat' dir='ltr'><strong>omnes</strong></span> <span class='ocrx_word' id='word_1_391' title='bbox 1354 3850 1390 3902; x_wconf 87' lang='lat' dir='ltr'><strong>eb</strong></span> <span class='ocrx_word' id='word_1_392' title='bbox 1406 3866 1460 3903; x_wconf 84' lang='lat' dir='ltr'><strong>axe</strong></span> <span class='ocrx_word' id='word_1_393' title='bbox 1482 3848 1681 3919; x_wconf 83' lang='lat' dir='ltr'><strong>digrediuntur,</strong></span> <span class='ocrx_word' id='word_1_394' title='bbox 1704 3857 1828 3919; x_wconf 86' lang='lat' dir='ltr'><strong>excepta</strong></span> 
     </span>
     <span class='ocr_line' id='line_1_38' title="bbox 469 3925 1826 3999; baseline 0.001 -18"><span class='ocrx_word' id='word_1_395' title='bbox 469 3928 552 3998; x_wconf 86' lang='lat' dir='ltr'><strong>plane</strong></span> <span class='ocrx_word' id='word_1_396' title='bbox 574 3925 673 3979; x_wconf 87' lang='lat' dir='ltr'><strong>ultima</strong></span> <span class='ocrx_word' id='word_1_397' title='bbox 691 3928 732 3980; x_wconf 82' lang='grc' dir='ltr'><strong>ΙΙΙ</strong></span> <span class='ocrx_word' id='word_1_398' title='bbox 753 3926 781 3979; x_wconf 83' lang='grc' dir='ltr'><strong>ἰιι</strong></span> <span class='ocrx_word' id='word_1_399' title='bbox 802 3926 932 3980; x_wconf 88' lang='lat' dir='ltr'><strong>circulum</strong></span> <span class='ocrx_word' id='word_1_400' title='bbox 954 3928 1031 3998; x_wconf 81' lang='lat' dir='ltr'><strong>globi</strong></span> <span class='ocrx_word' id='word_1_401' title='bbox 1053 3926 1182 3981; x_wconf 80' lang='lat' dir='ltr'><strong>minorem</strong></span> <span class='ocrx_word' id='word_1_402' title='bbox 1204 3928 1355 3991; x_wconf 82' lang='lat' dir='ltr'><strong>desinente,</strong></span> <span class='ocrx_word' id='word_1_403' title='bbox 1378 3946 1432 3999; x_wconf 88' lang='lat' dir='ltr'><strong>quo</strong></span> <span class='ocrx_word' id='word_1_404' title='bbox 1454 3928 1480 3981; x_wconf 91' lang='lat' dir='ltr'><strong>in</strong></span> <span class='ocrx_word' id='word_1_405' title='bbox 1502 3927 1603 3981; x_wconf 91' lang='lat' dir='ltr'><strong>circulo</strong></span> <span class='ocrx_word' id='word_1_406' title='bbox 1624 3928 1741 3997; x_wconf 89' lang='lat' dir='ltr'><strong>globum</strong></span> <span class='ocrx_word' id='word_1_407' title='bbox 1763 3946 1826 3984; x_wconf 92' lang='lat' dir='ltr'><strong>con·</strong></span> 
     </span>
     <span class='ocr_line' id='line_1_39' title="bbox 472 4005 1827 4080; baseline 0.001 -19"><span class='ocrx_word' id='word_1_408' title='bbox 472 4008 586 4079; x_wconf 83' lang='lat' dir='ltr'><strong>tingunt</strong></span> <span class='ocrx_word' id='word_1_409' title='bbox 606 4006 673 4060; x_wconf 88' lang='lat' dir='ltr'><strong>illae</strong></span> <span class='ocrx_word' id='word_1_410' title='bbox 694 4005 873 4060; x_wconf 87' lang='lat' dir='ltr'><strong>radiatioues.</strong></span> <span class='ocrx_word' id='word_1_411' title='bbox 917 4008 1117 4078; x_wconf 79' lang='lat' dir='ltr'><strong>Bonnamque</strong></span> <span class='ocrx_word' id='word_1_412' title='bbox 1143 4008 1247 4077; x_wconf 85' lang='lat' dir='ltr'><strong>primae</strong></span> <span class='ocrx_word' id='word_1_413' title='bbox 1268 4016 1333 4061; x_wconf 87' lang='lat' dir='ltr'><strong>sunt</strong></span> <span class='ocrx_word' id='word_1_414' title='bbox 1352 4026 1389 4061; x_wconf 82' lang='lat' dir='ltr'><strong>ex</strong></span> <span class='ocrx_word' id='word_1_415' title='bbox 1411 4009 1450 4063; x_wconf 87' lang='lat' dir='ltr'><strong>IN</strong></span> <span class='ocrx_word' id='word_1_416' title='bbox 1470 4015 1500 4062; x_wconf 87' lang='lat' dir='ltr'><strong>et</strong></span> <span class='ocrx_word' id='word_1_417' title='bbox 1520 4007 1612 4070; x_wconf 85' lang='lat' dir='ltr'><strong>solae,</strong></span> <span class='ocrx_word' id='word_1_418' title='bbox 1639 4025 1710 4078; x_wconf 87' lang='lat' dir='ltr'><strong>quae</strong></span> <span class='ocrx_word' id='word_1_419' title='bbox 1738 4026 1827 4080; x_wconf 86' lang='lat' dir='ltr'><strong>neque</strong></span> 
     </span>
     <span class='ocr_line' id='line_1_40' title="bbox 471 4087 1826 4159; baseline 0.001 -18"><span class='ocrx_word' id='word_1_420' title='bbox 471 4087 664 4159; x_wconf 82' lang='lat' dir='ltr'><strong>digrediuntur</strong></span> <span class='ocrx_word' id='word_1_421' title='bbox 685 4102 774 4156; x_wconf 87' lang='lat' dir='ltr'><strong>neque</strong></span> <span class='ocrx_word' id='word_1_422' title='bbox 803 4094 983 4149; x_wconf 87' lang='lat' dir='ltr'><strong>concurrunt,</strong></span> <span class='ocrx_word' id='word_1_423' title='bbox 1006 4089 1053 4139; x_wconf 92' lang='lat' dir='ltr'><strong>sed</strong></span> <span class='ocrx_word' id='word_1_424' title='bbox 1074 4089 1143 4140; x_wconf 84' lang='lat' dir='ltr'><strong>liunt</strong></span> <span class='ocrx_word' id='word_1_425' title='bbox 1165 4088 1212 4140; x_wconf 84' lang='lat' dir='ltr'><strong>axi</strong></span> <span class='ocrx_word' id='word_1_426' title='bbox 1233 4088 1285 4141; x_wconf 85' lang='lat' dir='ltr'><strong>AD</strong></span> <span class='ocrx_word' id='word_1_427' title='bbox 1306 4088 1481 4157; x_wconf 85' lang='lat' dir='ltr'><strong>parallelae,</strong></span> <span class='ocrx_word' id='word_1_428' title='bbox 1504 4096 1536 4142; x_wconf 91' lang='lat' dir='ltr'><strong>ut</strong></span> <span class='ocrx_word' id='word_1_429' title='bbox 1557 4088 1606 4141; x_wconf 90' lang='lat' dir='ltr'><strong>GL</strong></span> <span class='ocrx_word' id='word_1_430' title='bbox 1626 4106 1663 4141; x_wconf 84' lang='lat' dir='ltr'><strong>ex</strong></span> <span class='ocrx_word' id='word_1_431' title='bbox 1684 4090 1697 4142; x_wconf 92' lang='lat'><em>1</em></span> <span class='ocrx_word' id='word_1_432' title='bbox 1718 4089 1826 4143; x_wconf 86' lang='lat' dir='ltr'><strong>exiens.</strong></span> 
     </span>
    </p>

    <p class='ocr_par' dir='ltr' id='par_1_10' title="bbox 469 4166 1828 4394">
     <span class='ocr_line' id='line_1_41' title="bbox 558 4166 1828 4238; baseline 0.005 -20"><span class='ocrx_word' id='word_1_433' title='bbox 558 4171 597 4218; x_wconf 83' lang='lat' dir='ltr'><strong>At</strong></span> <span class='ocrx_word' id='word_1_434' title='bbox 617 4166 787 4219; x_wconf 85' lang='lat' dir='ltr'><strong>radiationes</strong></span> <span class='ocrx_word' id='word_1_435' title='bbox 809 4184 845 4218; x_wconf 85' lang='lat' dir='ltr'><strong>ex</strong></span> <span class='ocrx_word' id='word_1_436' title='bbox 867 4166 947 4236; x_wconf 81' lang='lat' dir='ltr'><strong>signo</strong></span> <span class='ocrx_word' id='word_1_437' title='bbox 969 4169 1003 4219; x_wconf 88' lang='lat' dir='ltr'><strong>ad</strong></span> <span class='ocrx_word' id='word_1_438' title='bbox 1026 4169 1047 4220; x_wconf 85' lang='lat' dir='ltr'><strong>F</strong></span> <span class='ocrx_word' id='word_1_439' title='bbox 1068 4184 1161 4220; x_wconf 87' lang='lat' dir='ltr'><strong>omnes</strong></span> <span class='ocrx_word' id='word_1_440' title='bbox 1183 4175 1349 4221; x_wconf 84' lang='lat' dir='ltr'><strong>concurnrnt</strong></span> <span class='ocrx_word' id='word_1_441' title='bbox 1369 4185 1429 4222; x_wconf 90' lang='lat' dir='ltr'><strong>eum</strong></span> <span class='ocrx_word' id='word_1_442' title='bbox 1450 4185 1513 4230; x_wconf 82' lang='lat' dir='ltr'><strong>axe,</strong></span> <span class='ocrx_word' id='word_1_443' title='bbox 1535 4184 1622 4238; x_wconf 88' lang='lat' dir='ltr'><strong>usque</strong></span> <span class='ocrx_word' id='word_1_444' title='bbox 1644 4170 1679 4221; x_wconf 88' lang='lat' dir='ltr'><strong>ad</strong></span> <span class='ocrx_word' id='word_1_445' title='bbox 1702 4167 1828 4223; x_wconf 87' lang='lat' dir='ltr'><strong>intimam</strong></span> 
     </span>
     <span class='ocr_line' id='line_1_42' title="bbox 469 4244 1828 4317; baseline 0.002 -18"><span class='ocrx_word' id='word_1_446' title='bbox 469 4246 525 4307; x_wconf 83' lang='lat' dir='ltr'><strong>FN,</strong></span> <span class='ocrx_word' id='word_1_447' title='bbox 548 4261 619 4313; x_wconf 85' lang='lat' dir='ltr'><strong>quae</strong></span> <span class='ocrx_word' id='word_1_448' title='bbox 640 4244 768 4299; x_wconf 90' lang='lat' dir='ltr'><strong>coincidit</strong></span> <span class='ocrx_word' id='word_1_449' title='bbox 787 4263 849 4299; x_wconf 91' lang='lat' dir='ltr'><strong>cum</strong></span> <span class='ocrx_word' id='word_1_450' title='bbox 870 4262 941 4299; x_wconf 82' lang='lat' dir='ltr'><strong>axe:</strong></span> <span class='ocrx_word' id='word_1_451' title='bbox 970 4249 1040 4315; x_wconf 94' lang='lat' dir='ltr'><strong>quod</strong></span> <span class='ocrx_word' id='word_1_452' title='bbox 1069 4247 1140 4300; x_wconf 86' lang='lat' dir='ltr'><strong>idom</strong></span> <span class='ocrx_word' id='word_1_453' title='bbox 1160 4254 1191 4300; x_wconf 91' lang='lat' dir='ltr'><strong>et</strong></span> <span class='ocrx_word' id='word_1_454' title='bbox 1215 4248 1339 4317; x_wconf 80' lang='lat' dir='ltr'><strong>reliquae</strong></span> <span class='ocrx_word' id='word_1_455' title='bbox 1365 4265 1458 4301; x_wconf 85' lang='lat' dir='ltr'><strong>ornnes</strong></span> <span class='ocrx_word' id='word_1_456' title='bbox 1480 4263 1567 4316; x_wconf 87' lang='lat' dir='ltr'><strong>supra</strong></span> <span class='ocrx_word' id='word_1_457' title='bbox 1586 4248 1609 4300; x_wconf 79' lang='lat' dir='ltr'><em>F</em></span> <span class='ocrx_word' id='word_1_458' title='bbox 1629 4247 1752 4314; x_wconf 85' lang='lat' dir='ltr'><strong>iaciunt,</strong></span> <span class='ocrx_word' id='word_1_459' title='bbox 1779 4252 1828 4303; x_wconf 87' lang='lat' dir='ltr'><strong>sed</strong></span> 
     </span>
     <span class='ocr_line' id='line_1_43' title="bbox 469 4324 1616 4394; baseline 0.003 -18"><span class='ocrx_word' id='word_1_460' title='bbox 469 4324 539 4377; x_wconf 88' lang='lat' dir='ltr'><strong>baec</strong></span> <span class='ocrx_word' id='word_1_461' title='bbox 559 4324 649 4392; x_wconf 84' lang='lat' dir='ltr'><strong>prima</strong></span> <span class='ocrx_word' id='word_1_462' title='bbox 670 4341 707 4377; x_wconf 87' lang='lat' dir='ltr'><strong>ex</strong></span> <span class='ocrx_word' id='word_1_463' title='bbox 728 4324 783 4377; x_wconf 91' lang='lat' dir='ltr'><strong>illis</strong></span> <span class='ocrx_word' id='word_1_464' title='bbox 804 4332 857 4388; x_wconf 87' lang='lat' dir='ltr'><strong>est,</strong></span> <span class='ocrx_word' id='word_1_465' title='bbox 880 4326 958 4394; x_wconf 88' lang='lat' dir='ltr'><strong>eujus</strong></span> <span class='ocrx_word' id='word_1_466' title='bbox 979 4327 1149 4379; x_wconf 87' lang='lat' dir='ltr'><strong>radiationes</strong></span> <span class='ocrx_word' id='word_1_467' title='bbox 1170 4344 1262 4381; x_wconf 85' lang='lat' dir='ltr'><strong>omnes</strong></span> <span class='ocrx_word' id='word_1_468' title='bbox 1284 4335 1450 4381; x_wconf 88' lang='lat' dir='ltr'><strong>concurrunt</strong></span> <span class='ocrx_word' id='word_1_469' title='bbox 1471 4344 1530 4380; x_wconf 91' lang='lat' dir='ltr'><strong>cum</strong></span> <span class='ocrx_word' id='word_1_470' title='bbox 1552 4342 1616 4380; x_wconf 83' lang='lat' dir='ltr'><strong>axe.</strong></span> 
     </span>
    </p>

    <p class='ocr_par' dir='ltr' id='par_1_11' title="bbox 467 4402 1828 5195">
     <span class='ocr_line' id='line_1_44' title="bbox 558 4402 1828 4475; baseline 0.003 -18"><span class='ocrx_word' id='word_1_471' title='bbox 558 4402 674 4457; x_wconf 86' lang='lat' dir='ltr'><strong>Secundi</strong></span> <span class='ocrx_word' id='word_1_472' title='bbox 696 4422 761 4457; x_wconf 86' lang='lat' dir='ltr'><strong>rere</strong></span> <span class='ocrx_word' id='word_1_473' title='bbox 782 4405 893 4475; x_wconf 86' lang='lat' dir='ltr'><strong>generis</strong></span> <span class='ocrx_word' id='word_1_474' title='bbox 924 4423 1021 4474; x_wconf 83' lang='lat' dir='ltr'><strong>nempe</strong></span> <span class='ocrx_word' id='word_1_475' title='bbox 1049 4414 1212 4474; x_wconf 89' lang='lat' dir='ltr'><strong>punctorum</strong></span> <span class='ocrx_word' id='word_1_476' title='bbox 1241 4407 1313 4461; x_wconf 88' lang='lat' dir='ltr'><strong>inter</strong></span> <span class='ocrx_word' id='word_1_477' title='bbox 1335 4409 1369 4460; x_wconf 85' lang='lat' dir='ltr'><strong>lF</strong></span> <span class='ocrx_word' id='word_1_478' title='bbox 1398 4408 1519 4461; x_wconf 88' lang='lat' dir='ltr'><strong>rationes</strong></span> <span class='ocrx_word' id='word_1_479' title='bbox 1545 4414 1611 4460; x_wconf 89' lang='lat' dir='ltr'><strong>sunt</strong></span> <span class='ocrx_word' id='word_1_480' title='bbox 1636 4408 1828 4462; x_wconf 85' lang='lat' dir='ltr'><strong>intermediae.</strong></span> 
     </span>
     <span class='ocr_line' id='line_1_45' title="bbox 469 4480 1828 4558; baseline 0.003 -20"><span class='ocrx_word' id='word_1_481' title='bbox 469 4485 539 4538; x_wconf 87' lang='lat' dir='ltr'><strong>Nam</strong></span> <span class='ocrx_word' id='word_1_482' title='bbox 559 4483 728 4538; x_wconf 87' lang='lat' dir='ltr'><strong>radiationes</strong></span> <span class='ocrx_word' id='word_1_483' title='bbox 751 4480 842 4553; x_wconf 84' lang='lat' dir='ltr'><strong>(verbi</strong></span> <span class='ocrx_word' id='word_1_484' title='bbox 863 4482 969 4554; x_wconf 87' lang='lat' dir='ltr'><strong>gratia)</strong></span> <span class='ocrx_word' id='word_1_485' title='bbox 991 4486 1087 4554; x_wconf 91' lang='lat' dir='ltr'><strong>puncti</strong></span> <span class='ocrx_word' id='word_1_486' title='bbox 1109 4487 1144 4548; x_wconf 90' lang='lat'><strong>0,</strong></span> <span class='ocrx_word' id='word_1_487' title='bbox 1169 4504 1239 4555; x_wconf 87' lang='lat' dir='ltr'><strong>quse</strong></span> <span class='ocrx_word' id='word_1_488' title='bbox 1263 4495 1330 4540; x_wconf 88' lang='lat' dir='ltr'><strong>sunt</strong></span> <span class='ocrx_word' id='word_1_489' title='bbox 1348 4488 1454 4540; x_wconf 78' lang='lat' dir='ltr'><strong>vicinae</strong></span> <span class='ocrx_word' id='word_1_490' title='bbox 1476 4487 1524 4540; x_wconf 85' lang='lat' dir='ltr'><strong>axi</strong></span> <span class='ocrx_word' id='word_1_491' title='bbox 1546 4488 1610 4550; x_wconf 84' lang='lat' dir='ltr'><strong>OA,</strong></span> <span class='ocrx_word' id='word_1_492' title='bbox 1632 4488 1828 4558; x_wconf 85' lang='lat' dir='ltr'><strong>digrediuntur</strong></span> 
     </span>
     <span class='ocr_line' id='line_1_46' title="bbox 468 4566 1827 4638; baseline 0.002 -19"><span class='ocrx_word' id='word_1_493' title='bbox 468 4566 505 4619; x_wconf 87' lang='lat' dir='ltr'><strong>ab</strong></span> <span class='ocrx_word' id='word_1_494' title='bbox 532 4580 587 4617; x_wconf 85' lang='lat' dir='ltr'><strong>axe</strong></span> <span class='ocrx_word' id='word_1_495' title='bbox 619 4580 705 4635; x_wconf 87' lang='lat' dir='ltr'><strong>usque</strong></span> <span class='ocrx_word' id='word_1_496' title='bbox 736 4568 770 4618; x_wconf 86' lang='lat' dir='ltr'><strong>ad</strong></span> <span class='ocrx_word' id='word_1_497' title='bbox 801 4572 931 4634; x_wconf 88' lang='lat' dir='ltr'><strong>punctum</strong></span> <span class='ocrx_word' id='word_1_498' title='bbox 962 4567 1073 4635; x_wconf 86' lang='lat' dir='ltr'><strong>aliquod</strong></span> <span class='ocrx_word' id='word_1_499' title='bbox 1104 4567 1274 4635; x_wconf 77' lang='lat' dir='ltr'><strong>superficiei,</strong></span> <span class='ocrx_word' id='word_1_500' title='bbox 1305 4566 1332 4619; x_wconf 89' lang='lat' dir='ltr'><strong>in</strong></span> <span class='ocrx_word' id='word_1_501' title='bbox 1359 4584 1413 4636; x_wconf 93' lang='lat' dir='ltr'><strong>quo</strong></span> <span class='ocrx_word' id='word_1_502' title='bbox 1442 4569 1521 4638; x_wconf 84' lang='lat' dir='ltr'><strong>leges</strong></span> <span class='ocrx_word' id='word_1_503' title='bbox 1552 4567 1749 4636; x_wconf 89' lang='lat' dir='ltr'><strong>propositionis</strong></span> <span class='ocrx_word' id='word_1_504' title='bbox 1779 4572 1827 4623; x_wconf 84' lang='lat'><strong>10.</strong></span> 
     </span>
     <span class='ocr_line' id='line_1_47' title="bbox 468 4644 1827 4718; baseline 0.002 -19"><span class='ocrx_word' id='word_1_505' title='bbox 468 4644 669 4716; x_wconf 86' lang='lat' dir='ltr'><strong>exprimuntur.</strong></span> <span class='ocrx_word' id='word_1_506' title='bbox 713 4645 783 4698; x_wconf 89' lang='lat' dir='ltr'><strong>Nam</strong></span> <span class='ocrx_word' id='word_1_507' title='bbox 814 4644 840 4696; x_wconf 90' lang='lat' dir='ltr'><strong>in</strong></span> <span class='ocrx_word' id='word_1_508' title='bbox 868 4662 901 4696; x_wconf 92' lang='lat' dir='ltr'><strong>eo</strong></span> <span class='ocrx_word' id='word_1_509' title='bbox 932 4655 1032 4713; x_wconf 91' lang='lat' dir='ltr'><strong>puncto</strong></span> <span class='ocrx_word' id='word_1_510' title='bbox 1064 4663 1112 4698; x_wconf 85' lang='lat' dir='ltr'><strong>seu</strong></span> <span class='ocrx_word' id='word_1_511' title='bbox 1143 4646 1235 4715; x_wconf 87' lang='lat' dir='ltr'><strong>potius</strong></span> <span class='ocrx_word' id='word_1_512' title='bbox 1265 4646 1366 4700; x_wconf 89' lang='lat' dir='ltr'><strong>circulo</strong></span> <span class='ocrx_word' id='word_1_513' title='bbox 1398 4647 1537 4716; x_wconf 85' lang='lat' dir='ltr'><strong>sphaerae</strong></span> <span class='ocrx_word' id='word_1_514' title='bbox 1565 4646 1639 4700; x_wconf 86' lang='lat' dir='ltr'><strong>circa</strong></span> <span class='ocrx_word' id='word_1_515' title='bbox 1666 4648 1692 4700; x_wconf 90' lang='lat' dir='ltr'>N</span> <span class='ocrx_word' id='word_1_516' title='bbox 1722 4649 1827 4718; x_wconf 92' lang='lat' dir='ltr'><strong>polum,</strong></span> 
     </span>
     <span class='ocr_line' id='line_1_48' title="bbox 468 4723 1828 4798; baseline 0.001 -19"><span class='ocrx_word' id='word_1_517' title='bbox 468 4724 638 4781; x_wconf 87' lang='lat' dir='ltr'><strong>radiationes</strong></span> <span class='ocrx_word' id='word_1_518' title='bbox 659 4724 729 4777; x_wconf 88' lang='lat' dir='ltr'><strong>flunt</strong></span> <span class='ocrx_word' id='word_1_519' title='bbox 749 4723 905 4793; x_wconf 84' lang='lat' dir='ltr'><strong>parallelae</strong></span> <span class='ocrx_word' id='word_1_520' title='bbox 927 4725 974 4777; x_wconf 82' lang='lat' dir='ltr'><strong>axi</strong></span> <span class='ocrx_word' id='word_1_521' title='bbox 1025 4727 1063 4778; x_wconf 90' lang='lat' dir='ltr'><strong>Et</strong></span> <span class='ocrx_word' id='word_1_522' title='bbox 1083 4726 1119 4778; x_wconf 87' lang='lat' dir='ltr'><strong>ab</strong></span> <span class='ocrx_word' id='word_1_523' title='bbox 1142 4743 1176 4778; x_wconf 90' lang='lat' dir='ltr'><strong>eo</strong></span> <span class='ocrx_word' id='word_1_524' title='bbox 1197 4734 1300 4795; x_wconf 90' lang='lat' dir='ltr'><strong>puncto</strong></span> <span class='ocrx_word' id='word_1_525' title='bbox 1332 4743 1418 4796; x_wconf 89' lang='lat' dir='ltr'><strong>usquo</strong></span> <span class='ocrx_word' id='word_1_526' title='bbox 1441 4728 1475 4779; x_wconf 87' lang='lat' dir='ltr'><strong>ad</strong></span> <span class='ocrx_word' id='word_1_527' title='bbox 1498 4726 1539 4789; x_wconf 91' lang='lat' dir='ltr'><strong>id,</strong></span> <span class='ocrx_word' id='word_1_528' title='bbox 1571 4726 1598 4778; x_wconf 92' lang='lat' dir='ltr'><strong>in</strong></span> <span class='ocrx_word' id='word_1_529' title='bbox 1620 4743 1673 4796; x_wconf 89' lang='lat' dir='ltr'><strong>quo</strong></span> <span class='ocrx_word' id='word_1_530' title='bbox 1703 4728 1828 4798; x_wconf 87' lang='lat' dir='ltr'><strong>sphaera</strong></span> 
     </span>
     <span class='ocr_line' id='line_1_49' title="bbox 468 4803 1827 4879; baseline 0 -20"><span class='ocrx_word' id='word_1_531' title='bbox 468 4805 639 4877; x_wconf 67' lang='lat' dir='ltr'><strong>confingitur</strong></span> <span class='ocrx_word' id='word_1_532' title='bbox 666 4820 684 4856; x_wconf 89' lang='lat' dir='ltr'><strong>a</strong></span> <span class='ocrx_word' id='word_1_533' title='bbox 712 4804 807 4872; x_wconf 89' lang='lat' dir='ltr'><strong>puncti</strong></span> <span class='ocrx_word' id='word_1_534' title='bbox 829 4805 852 4856; x_wconf 91' lang='grc'><strong>0</strong></span> <span class='ocrx_word' id='word_1_535' title='bbox 882 4803 1048 4866; x_wconf 84' lang='lat' dir='ltr'><strong>radiatione,</strong></span> <span class='ocrx_word' id='word_1_536' title='bbox 1076 4821 1168 4857; x_wconf 90' lang='lat' dir='ltr'><strong>omnes</strong></span> <span class='ocrx_word' id='word_1_537' title='bbox 1190 4805 1357 4858; x_wconf 88' lang='lat' dir='ltr'><strong>radiationes</strong></span> <span class='ocrx_word' id='word_1_538' title='bbox 1388 4806 1553 4875; x_wconf 84' lang='lat' dir='ltr'><strong>interjectae</strong></span> <span class='ocrx_word' id='word_1_539' title='bbox 1583 4824 1620 4859; x_wconf 82' lang='lat' dir='ltr'><strong>ex</strong></span> <span class='ocrx_word' id='word_1_540' title='bbox 1643 4807 1665 4859; x_wconf 94' lang='lat'>0</span> <span class='ocrx_word' id='word_1_541' title='bbox 1691 4824 1827 4879; x_wconf 83' lang='lat' dir='ltr'><strong>egressae</strong></span> 
     </span>
     <span class='ocr_line' id='line_1_50' title="bbox 467 4883 1828 4959; baseline 0.001 -20"><span class='ocrx_word' id='word_1_542' title='bbox 467 4891 634 4941; x_wconf 88' lang='lat' dir='ltr'><strong>concurrunt</strong></span> <span class='ocrx_word' id='word_1_543' title='bbox 654 4899 714 4937; x_wconf 90' lang='lat' dir='ltr'><strong>cum</strong></span> <span class='ocrx_word' id='word_1_544' title='bbox 734 4899 798 4936; x_wconf 83' lang='lat' dir='ltr'><strong>axe.</strong></span> <span class='ocrx_word' id='word_1_545' title='bbox 832 4884 929 4953; x_wconf 86' lang='lat' dir='ltr'><strong>Itaque</strong></span> <span class='ocrx_word' id='word_1_546' title='bbox 951 4885 1025 4937; x_wconf 88' lang='lat' dir='ltr'><strong>latus</strong></span> <span class='ocrx_word' id='word_1_547' title='bbox 1047 4883 1156 4954; x_wconf 88' lang='lat' dir='ltr'><strong>quidam</strong></span> <span class='ocrx_word' id='word_1_548' title='bbox 1171 4884 1198 4937; x_wconf 93' lang='lat' dir='ltr'><strong>in</strong></span> <span class='ocrx_word' id='word_1_549' title='bbox 1219 4886 1304 4955; x_wconf 86' lang='lat' dir='ltr'><strong>globo</strong></span> <span class='ocrx_word' id='word_1_550' title='bbox 1327 4885 1425 4940; x_wconf 93' lang='lat' dir='ltr'><strong>limbus</strong></span> <span class='ocrx_word' id='word_1_551' title='bbox 1440 4903 1490 4939; x_wconf 86' lang='lat' dir='ltr'><strong>seu</strong></span> <span class='ocrx_word' id='word_1_552' title='bbox 1511 4902 1582 4939; x_wconf 83' lang='lat' dir='ltr'><strong>zona</strong></span> <span class='ocrx_word' id='word_1_553' title='bbox 1603 4893 1647 4939; x_wconf 86' lang='lat' dir='ltr'><strong>est</strong></span> <span class='ocrx_word' id='word_1_554' title='bbox 1669 4889 1828 4959; x_wconf 85' lang='lat' dir='ltr'><strong>aequaliter</strong></span> 
     </span>
     <span class='ocr_line' id='line_1_51' title="bbox 468 4962 1824 5033; baseline 0 -13"><span class='ocrx_word' id='word_1_555' title='bbox 468 4967 516 5020; x_wconf 86' lang='lat' dir='ltr'><strong>axi</strong></span> <span class='ocrx_word' id='word_1_556' title='bbox 537 4963 726 5033; x_wconf 82' lang='lat' dir='ltr'><strong>circumjectu,</strong></span> <span class='ocrx_word' id='word_1_557' title='bbox 758 4962 786 5015; x_wconf 92' lang='lat' dir='ltr'><strong>in</strong></span> <span class='ocrx_word' id='word_1_558' title='bbox 807 4962 885 5029; x_wconf 80' lang='lat' dir='ltr'><strong>eujus</strong></span> <span class='ocrx_word' id='word_1_559' title='bbox 908 4969 1011 5032; x_wconf 87' lang='lat' dir='ltr'><strong>puncta</strong></span> <span class='ocrx_word' id='word_1_560' title='bbox 1040 4963 1192 5016; x_wconf 90' lang='lat' dir='ltr'><strong>incidentes</strong></span> <span class='ocrx_word' id='word_1_561' title='bbox 1218 4982 1254 5017; x_wconf 86' lang='lat' dir='ltr'><strong>ex</strong></span> <span class='ocrx_word' id='word_1_562' title='bbox 1277 4967 1300 5018; x_wconf 90' lang='lat'>0</span> <span class='ocrx_word' id='word_1_563' title='bbox 1321 4965 1490 5020; x_wconf 85' lang='lat' dir='ltr'><strong>radiationes</strong></span> <span class='ocrx_word' id='word_1_564' title='bbox 1521 4983 1614 5019; x_wconf 87' lang='lat' dir='ltr'><strong>omnes</strong></span> <span class='ocrx_word' id='word_1_565' title='bbox 1640 4976 1824 5023; x_wconf 89' lang='lat' dir='ltr'><strong>concurrunt:</strong></span> 
     </span>
     <span class='ocr_line' id='line_1_52' title="bbox 467 5042 1825 5115; baseline 0.002 -17"><span class='ocrx_word' id='word_1_566' title='bbox 467 5045 542 5100; x_wconf 88' lang='lat' dir='ltr'><strong>iutra</strong></span> <span class='ocrx_word' id='word_1_567' title='bbox 563 5046 640 5099; x_wconf 91' lang='lat' dir='ltr'><strong>illum</strong></span> <span class='ocrx_word' id='word_1_568' title='bbox 671 5042 782 5095; x_wconf 91' lang='lat' dir='ltr'><strong>limbum</strong></span> <span class='ocrx_word' id='word_1_569' title='bbox 814 5042 972 5111; x_wconf 85' lang='lat' dir='ltr'><strong>superficies</strong></span> <span class='ocrx_word' id='word_1_570' title='bbox 994 5050 1039 5095; x_wconf 84' lang='lat' dir='ltr'><strong>est</strong></span> <span class='ocrx_word' id='word_1_571' title='bbox 1068 5042 1158 5095; x_wconf 86' lang='lat' dir='ltr'><strong>instar</strong></span> <span class='ocrx_word' id='word_1_572' title='bbox 1188 5044 1282 5113; x_wconf 87' lang='lat' dir='ltr'><strong>pileoli</strong></span> <span class='ocrx_word' id='word_1_573' title='bbox 1304 5053 1355 5099; x_wconf 86' lang='lat' dir='ltr'><strong>aut</strong></span> <span class='ocrx_word' id='word_1_574' title='bbox 1386 5062 1473 5099; x_wconf 85' lang='lat' dir='ltr'><strong>zonae</strong></span> <span class='ocrx_word' id='word_1_575' title='bbox 1504 5046 1623 5115; x_wconf 76' lang='lat' dir='ltr'><strong>trigidae</strong></span> <span class='ocrx_word' id='word_1_576' title='bbox 1651 5064 1702 5101; x_wconf 85' lang='lat' dir='ltr'><strong>seu</strong></span> <span class='ocrx_word' id='word_1_577' title='bbox 1732 5057 1825 5103; x_wconf 83' lang='lat' dir='ltr'><strong>terrae</strong></span> 
     </span>
     <span class='ocr_line' id='line_1_53' title="bbox 467 5121 1629 5195; baseline 0.002 -17"><span class='ocrx_word' id='word_1_578' title='bbox 467 5124 571 5195; x_wconf 85' lang='lat' dir='ltr'><strong>polaris</strong></span> <span class='ocrx_word' id='word_1_579' title='bbox 593 5125 621 5178; x_wconf 92' lang='lat' dir='ltr'><strong>in</strong></span> <span class='ocrx_word' id='word_1_580' title='bbox 641 5122 763 5191; x_wconf 85' lang='lat' dir='ltr'><strong>sphaera</strong></span> <span class='ocrx_word' id='word_1_581' title='bbox 782 5122 882 5185; x_wconf 90' lang='lat' dir='ltr'><strong>mundi,</strong></span> <span class='ocrx_word' id='word_1_582' title='bbox 904 5121 983 5190; x_wconf 78' lang='lat' dir='ltr'><strong>cnjus</strong></span> <span class='ocrx_word' id='word_1_583' title='bbox 1004 5128 1168 5192; x_wconf 86' lang='lat' dir='ltr'><strong>punctorum</strong></span> <span class='ocrx_word' id='word_1_584' title='bbox 1188 5124 1357 5178; x_wconf 85' lang='lat' dir='ltr'><strong>radiationes</strong></span> <span class='ocrx_word' id='word_1_585' title='bbox 1380 5143 1434 5180; x_wconf 90' lang='lat' dir='ltr'><strong>non</strong></span> <span class='ocrx_word' id='word_1_586' title='bbox 1455 5133 1629 5180; x_wconf 87' lang='lat' dir='ltr'><strong>concurrunt.</strong></span> 
     </span>
    </p>
   </div>
   <div class='ocr_carea' id='block_1_4' title="bbox 0 0 2296 6192">
    <p class='ocr_par' dir='ltr' id='par_1_12' title="bbox 0 0 2296 6192">
     <span class='ocr_line' id='line_1_54' title="bbox 0 0 2296 6192; baseline 0 2"><span class='ocrx_word' id='word_1_587' title='bbox 0 0 2296 6192; x_wconf 95' lang='lat' dir='ltr'><strong> </strong></span> 
     </span>
    </p>
   </div>
  </div>
 </body>
</html>
