4584 6192
467 529 539 662 'lsi
608 576 612 584 “
949 597 988 648 ns
1007 596 1086 649 seu·
1101 595 1178 647 uon
1191 592 1342 693 mse-ss

472 783 505 838 et
528 784 638 856 operta
663 783 829 837 tumescere
858 776 948 838 bella
1003 777 1081 837 Nam
1111 775 1161 856 qui
1196 775 1252 836 hoc
1279 773 1315 834 in·
1340 774 1478 854 catalogo
1506 782 1693 861 annotatum
1722 794 1829 838 nomeu

471 865 573 939 babet,
597 866 624 926 is
646 864 739 926 habet
760 864 840 944 quod
855 864 913 926 sibi
933 864 970 926 ab
989 865 1046 926 hac
1068 864 1274 944 conjunctione
1292 870 1416 937 metuat,
1440 882 1477 924 ne
1498 881 1537 925 ea
1558 871 1668 925 tantos
1689 864 1828 926 stimulos

473 954 589 1028 afferat,
613 962 647 1015 ut
669 952 698 1014 in
722 961 858 1033 apertum
877 962 1073 1038 prorumpant
1090 954 1171 1014 mala
1190 954 1334 1016 hactenus
1350 951 1426 1013 bene
1447 952 1580 1014 condita.
1620 953 1736 1034 Itaque
1751 954 1830 1036 quod

468 1042 658 1122 Hungariam
681 1041 888 1115 seditionibus,
907 1042 1074 1104 Moraviam
1098 1041 1382 1121 depraedationibus
1396 1042 1577 1121 flagrantem
1592 1042 1743 1117 vidimus,
1767 1044 1828 1123 ejus

469 1131 517 1196 rei
539 1131 614 1193 haec
636 1131 704 1211 ipsa
722 1132 786 1211 jam
809 1131 891 1192 dicta
913 1139 945 1192 et
966 1131 997 1193 in
1020 1131 1189 1194 hominibus
1213 1131 1288 1211 ipsis
1308 1131 1371 1192 sita
1398 1149 1492 1191 causa
1522 1130 1590 1193 ruia
1638 1130 1828 1211 Sagittarius

472 1221 523 1284 hie
543 1220 734 1300 Hungariae,
759 1218 942 1294 Cassoviae,
966 1220 1123 1282 Morariae
1153 1220 1228 1282 nihil
1256 1220 1366 1281 nocuit.
1413 1218 1615 1282 Attinuerunt
1641 1220 1729 1283 enim
1752 1221 1829 1284 mala

471 1310 534 1372 itta
555 1309 647 1374 emam
667 1308 825 1372 Adstriam
848 1316 879 1371 et
902 1309 1051 1390 Styriam3
1075 1326 1199 1391 quarum
1222 1309 1276 1370 illa
1299 1309 1355 1369 sub
1377 1308 1510 1383 Libram,
1534 1309 1613 1371 haec
1638 1310 1699 1371 sub
1719 1309 1827 1392 Capri-

471 1390 596 1462 eornuin
615 1398 754 1473 refertur,
776 1405 883 1459 neutra
905 1398 964 1460 sub
976 1399 1175 1478 Sagittarium
1197 1396 1416 1477 conjunctionis
1435 1397 1611 1478 hospitium.
1651 1400 1761 1481 Atque
1776 1400 1828 1461 hoc

473 1487 522 1549 rel
536 1506 595 1549 uno
609 1496 718 1550 eventu
734 1505 790 1567 ego
811 1506 933 1549 causam
955 1506 1061 1561 meam,
1078 1509 1096 1547 a
1112 1486 1260 1549 communi
1274 1487 1497 1565 astrologomm
1511 1506 1608 1549 cansa
1621 1488 1675 1548 hic
1691 1488 1828 1563 divisam,

472 1575 595 1639 mirifice
619 1576 842 1656 comprobatam
867 1576 1017 1638 existimo.
1033 1607 1046 1618 ·
1062 1577 1219 1652 Delectum
1242 1583 1343 1638 tamen
1366 1577 1446 1637 inter
1467 1577 1607 1658 homines
1637 1576 1772 1651 admisi,
1799 1589 1829 1660 at

472 1664 580 1748 quibus
595 1665 651 1726 hic
674 1664 893 1745 conjunctionis
917 1666 1001 1727 locus
1024 1666 1185 1747 praecipua
1214 1683 1363 1744 geneseos
1391 1664 1466 1725 loca·
1485 1666 1636 1742 attineat,
1669 1667 1827 1729 dummodo

470 1762 505 1817 et
525 1753 621 1834 agiles
645 1762 734 1834 atque
756 1754 948 1817 harmonicae
970 1760 1096 1817 naturae
1119 1755 1198 1828 sint,
1222 1754 1243 1815 ii
1265 1754 1444 1835 praecipuos
1468 1773 1506 1815 ex
1528 1756 1588 1817 hac
1612 1757 1825 1837 conjunctione

473 1842 613 1906 stimulos
635 1842 867 1922 persentiscam.
1086 1909 1091 1920 ⁶
1332 1897 1336 1904 .

561 1930 653 2003 Quae
669 1933 761 2013 igitur
782 1932 839 1994 hoe
861 1932 960 2012 capite
982 1925 1156 2012 perscripsi,
1180 1941 1213 1994 tu
1236 1930 1361 1992 candide
1383 1931 1479 1992 lector
1497 1931 1542 1993 sic
1562 1931 1673 2012 legito,
1698 1943 1736 1997 ut
1758 1956 1825 2018 quae

473 2020 587 2101 scripta
616 2029 700 2096 sunt,
733 2028 893 2103 antequam
921 2040 1031 2083 novum
1061 2021 1144 2082 sidus
1172 2022 1309 2094 arderet,
1346 2039 1424 2084 auno
1454 2019 1594 2082 nimirum
1634 2021 1743 2099 1503,
1775 2046 1825 2108 qur

466 2110 604 2172 maxime
625 2117 762 2191 tempore
781 2111 1002 2190 astrologorum
1022 2109 1165 2180 vaticinia
1184 2111 1221 2171 de
1242 2109 1360 2188 trigono
1380 2109 1468 2189 igneo
1483 2109 1626 2173 manibus
1642 2113 1825 2177 terebantur.

468 2200 545 2263 Jam
566 2216 655 2280 porro
684 2218 755 2261 vero
786 2199 1002 2280 disputabitur,
1033 2198 1174 2281 quidnam
1205 2218 1244 2260 ex
1269 2198 1374 2259 eadem
1405 2216 1515 2278 magna
1542 2200 1765 2280 conjunctione
1792 2204 1828 2266 sit

473 2288 684 2371 colligendum,
706 2295 866 2371 postquam
888 2290 972 2352 Deus
995 2289 1067 2368 Ope
1090 2288 1173 2349 Mam
1188 2303 1274 2350 ‘novo
1297 2286 1398 2348 sidere
1421 2282 1459 2348 ad
1482 2287 1580 2349 locum
1606 2291 1827 2371 conjunctionis

468 2376 613 2458 apposito
642 2378 816 2441 immensam
845 2378 922 2440 inter
957 2379 1033 2441 hanc
1064 2385 1095 2439 et
1131 2377 1301 2458 superiores
1334 2376 1560 2456 conjunctiones
1593 2378 1822 2443 distinctionem

473 2466 554 2529 feeit
610 2466 684 2544 Ubi,
708 2468 771 2536 ¹etsi
797 2468 888 2548 paulo
915 2467 1070 2529 liberalius
1097 2466 1301 2547 indulgebitur
1335 2464 1515 2546 conjecturis
1548 2486 1644 2547 quam
1674 2469 1825 2544 hacteuus,

473 2554 549 2617 nihil
572 2563 673 2620 tamen
703 2574 812 2619 causae
842 2556 916 2631 erit,
946 2571 998 2618 cur
1029 2555 1102 2619 mihi
1130 2575 1178 2617 me
1209 2576 1227 2616 a
1255 2574 1304 2617 me
1331 2553 1398 2636 ipso
1428 2554 1664 2619 dissentientem
1697 2560 1822 2641 objicias

474 2644 630 2707 Hactenus
650 2645 729 2707 enim
749 2645 904 2727 principiis
923 2665 996 2707 neus
1016 2665 1081 2707 sum
1101 2645 1321 2725 astrologorum
1342 2644 1475 2725 ipsorum
1491 2645 1691 2709 confessione
1708 2659 1822 2712 natura·

473 2732 568 2795 libus:
589 2734 654 2814 ja‘m
675 2754 766 2815 porro
789 2735 992 2796 adsciscamus
1013 2735 1082 2816 plus
1106 2754 1194 2815 quam
1216 2733 1381 2808 naturalia,
1409 2733 1548 2814 utrinque
1580 2755 1657 2798 vero
1694 2758 1763 2801 curn
1782 2738 1821 2801 hir

458 2827 537 2884 tum
558 2822 622 2885 illie
645 2823 700 2886 sub
723 2823 893 2906 conditione
917 2842 1005 2885 verae
1028 2822 1245 2904 suppositionis
1263 2822 1458 2902 conjecturae
1481 2823 1710 2916 formabuntur.
1736 2877 1739 2884 .

1055 3093 1211 3101 ...ι-..-
1223 3095 1238 3100 .-

1013 3285 1132 3414 Caput
1146 3310 1285 3387 XXX.
1312 3279 1318 3288 ,

644 3461 647 3467 Ι
716 3490 785 3569 Quo
800 3490 868 3572 sine
888 3492 1060 3573 praecipue
1080 3493 1244 3571 insererem
1265 3492 1307 3552 rit
1329 3489 1452 3552 ullorum
1471 3467 1586 3555 Sidus.

563 3648 648 3720 Quae
673 3668 736 3730 cap.
753 3650 903 3713 XXVIII.
921 3659 952 3712 et
967 3651 1087 3713 XXIX.
1118 3650 1247 3712 diximus
1272 3651 1308 3711 de
1332 3650 1487 3712 effectibus
1510 3653 1591 3716 Nori
1616 3655 1759 3731 Sideris,
1787 3677 1816 3717 ea

474 3737 677 3818 respiciebant
700 3738 819 3801 stellam
842 3740 933 3815 hanc,
961 3749 997 3808 ut
1018 3759 1106 3802 unam
1130 3759 1169 3801 ex
1191 3739 1290 3802 causis
1313 3739 1516 3815 naturalibus,
1542 3744 1677 3826 sontique
1700 3765 1818 3809 consen

472 3834 573 3900 tanea,
605 3846 797 3907 quaecunque
821 3848 859 3889 ex
883 3829 1071 3909 opinionibus
1095 3846 1132 3889 ex
1156 3848 1220 3908 cap.
1244 3829 1363 3891 XXVI.
1387 3829 1498 3891 valeat.
1544 3833 1617 3894 Jam
1641 3854 1737 3915 porro
1760 3854 1818 3896 rero

475 3916 607 3978 dicemus
631 3916 732 4006 aliqua
755 3918 834 3998 apud
856 3920 927 3981 illos
951 3919 1033 3980 solos
1057 3909 1203 3992 valitirra,
1235 3918 1284 3998 qui
1306 3937 1483 3998 persuasum
1506 3920 1637 3995 habent,
1664 3924 1750 3987 sidus
1771 3925 1818 3987 hoc

474 4023 533 4067 non
556 4025 638 4080 casu,
661 4025 720 4068 non
743 4015 869 4069 naturae
892 4007 1085 4086 necessitate,
1108 4008 1162 4068 sed
1187 4015 1268 4068 certo
1292 4008 1417 4069 consilio
1439 4017 1470 4070 et
1485 4011 1612 4089 speciali
1636 4014 1818 4093 prouidentia

473 4092 531 4157 Dei
555 4114 712 4156 accensum
735 4096 838 4157 fuisse.
878 4097 945 4168 Quo
969 4096 1161 4158 fundamento
1183 4096 1283 4175 posito
1308 4096 1473 4159 latissimus
1496 4100 1584 4161 uobis
1605 4121 1736 4186 campus
1754 4123 1817 4184 ape·

474 4182 549 4244 ritur
572 4185 610 4244 ad
629 4185 782 4250 ‚manticen
805 4186 984 4248 universam.

564 4273 711 4354 Pleraque
735 4274 813 4336 enim
836 4275 1050 4337 divinationum
1073 4292 1184 4352 genera
1207 4274 1286 4353 apud
1308 4284 1413 4353 gentes
1436 4275 1611 4340 nitebantur
1627 4279 1696 4342 'hoe
1719 4282 1817 4344 funda-

473 4369 584 4436 mento,
608 4363 687 4444 qnod
707 4382 763 4443 per
786 4365 910 4439 somnia,
934 4384 988 4444 per
1008 4371 1078 4425 exta
1099 4362 1296 4438 victimarum,
1320 4366 1373 4443 per
1388 4364 1561 4426 animalium
1577 4387 1752 4445 occursum,
1773 4389 1817 4452 per

473 4459 661 4513 monstrosos
690 4461 813 4531 partus,
841 4473 896 4535 per
926 4454 1065 4527 subnina,
1097 4460 1251 4513 ventorum
1281 4453 1449 4533 procellas,
1480 4475 1627 4535 aquarum
1659 4460 1816 4531 eluviones

473 4548 573 4602 terrae
596 4549 704 4615 motus,
730 4550 849 4605 ostenta
872 4543 1031 4618 coelestia,
1056 4549 1189 4602 cometas
1212 4549 1243 4602 et
1265 4541 1376 4603 similia
1398 4544 1449 4605 Dii
1471 4543 1646 4609 hominibus
1680 4569 1816 4631 respousa

473 4629 545 4690 dare
569 4631 767 4693 crederentur.
812 4633 1069 4714 Frequentissima
1091 4639 1139 4691 est
1162 4631 1240 4711 apud
1258 4632 1386 4692 Dionem
1409 4651 1467 4693 vox
1489 4632 1728 4713 rea‘sdarasm,
1750 4657 1815 4721 quae

472 4718 530 4779 hoc
553 4720 651 4799 ipsum
674 4719 831 4799 signifieat.
877 4723 1017 4803 Inprimis
1044 4739 1116 4781 vero
1146 4720 1359 4781 memorabilis·
1378 4727 1425 4783 est
1454 4721 1508 4783 illa
1532 4723 1608 4805 Cyri
1640 4727 1814 4811 deprecatio,

473 4825 548 4888 qnae
572 4809 636 4870 sive
660 4807 696 4868 de
718 4811 879 4873 Persarum
903 4812 966 4873 sive
990 4813 1026 4872 de
1049 4809 1144 4890 ipsius
1166 4809 1378 4889 Xenophontis
1401 4810 1555 4891 theologia
1578 4822 1727 4880 testatur.
1771 4816 1813 4880 Sic

474 4898 550 4968 enirn
576 4897 682 4978 Cyrus,
707 4919 771 4961 cum
786 4917 937 4980 responso
962 4901 1064 4961 rnortis
1088 4907 1213 4978 accepto
1237 4899 1438 4960 sacrificaret:
1466 4912 1578 4981 Jupiter
1599 4920 1711 4986 patrie,
1740 4929 1812 4992 tuque

472 4986 521 5041 801
540 4994 570 5041 et
589 5003 638 5042 voe
658 4990 703 5044 Dii
725 5008 832 5056 omnes,
853 4993 921 5047 istas
942 4991 1102 5062 suscipitote
1122 4988 1237 5052 host-ias,
1260 4990 1355 5061 quibos
1370 5007 1432 5062 ego,
1453 4993 1535 5046 rebus
1556 4998 1656 5053 multis
1672 5012 1703 5055 et
1716 5002 1812 5074 magnit

473 5069 570 5138 gestis,
593 5087 746 5139 supremam
767 5085 874 5128 manum
889 5072 1006 5128 feliciter
1023 5072 1133 5141 impono
1154 5070 1287 5141 simulque
1301 5071 1378 5124 robis
1398 5079 1508 5143 gratnm
1530 5091 1574 5128 me
1590 5079 1732 5139 exhssreo:
1752 5086 1810 5157 qued
1864 5115 1865 5122 κ

473 5149 626 5204 uoluntatis
646 5152 860 5224 vestraeaigna
878 5153 943 5207 mihi
964 5152 1091 5207 dederitis
1111 5150 1352 5222 patriacharum
1373 5160 1449 5218 exta,
1470 5171 1522 5225 per
1542 5164 1660 5215 osoenta
1681 5165 1809 5227 mlada
