4584 6192
477 635 543 703 340
968 635 1142 685 manumiss
1159 633 1222 684 Pars
1240 634 1339 700 opaea

476 817 572 879 induit,
587 813 629 868 ita
643 816 739 867 eadem
753 828 839 882 opera
853 820 988 867 cometam
1002 815 1081 884 quasi
1096 814 1282 883 quiescentem
1302 813 1461 867 circumiens
1483 806 1561 881 (nam
1575 812 1636 881 ipse
1649 813 1709 866 fere
1725 817 1837 867 tentum

476 898 505 951 in
525 898 614 950 latum
634 894 723 949 tendit
743 894 797 949 hao
816 891 1018 963 suppositione)
1040 896 1156 948 eandem
1176 893 1217 946 illi
1240 893 1360 962 speciem
1385 893 1527 947 circularis
1548 900 1638 946 motus
1665 893 1835 947 conciliabit.

474 978 521 1032 Ite
539 976 589 1032 ille
609 974 824 1047 Regiomontani
845 981 964 1028 cometes
985 974 1013 1026 in
1033 974 1110 1028 linea
1128 978 1207 1027 recta
1227 992 1243 1026 e
1264 973 1474 1041 profundissimo
1495 974 1610 1027 retbere
1631 980 1748 1042 propter
1768 975 1836 1028 'ler-

475 1072 537 1113 ram
562 1056 651 1119 latus,
682 1054 813 1125 illamque
844 1055 987 1108 admodum
1018 1054 1172 1125 propinque
1200 1051 1388 1122 praeteriens,
1419 1052 1630 1122 pulcherrimam
1661 1053 1836 1108 occasionem

473 1135 598 1191 inveniet
617 1151 671 1189 unc
697 1134 789 1188 disin
819 1135 906 1187 medio
932 1133 1114 1203 apparitionis
1137 1136 1174 1187 40
1196 1135 1300 1204 gradus
1326 1133 1421 1186 circuli
1441 1133 1537 1203 magni
1565 1133 1739 1197 conficiendi,
1767 1141 1836 1189 ante

475 1210 506 1270 et
525 1221 590 1286 post
608 1211 809 1285 perexiguum:
839 1215 885 1268 ubi
906 1220 936 1266 et
956 1229 1042 1268 causa
1063 1214 1187 1284 patebit,
1216 1230 1264 1266 cur
1285 1215 1374 1266 cauda
1394 1212 1444 1266 illo
1469 1213 1601 1282 temporis
1622 1214 1757 1277 articulo,
1780 1233 1835 1285 quc

475 1302 534 1351 tam
554 1296 639 1349 velox
659 1301 767 1348 cometa
789 1293 856 1357 fuit,
880 1293 932 1348 50⁰
953 1294 981 1347 in
1001 1293 1175 1366 longitudine
1196 1293 1367 1364 aequaverit.
1405 1293 1459 1346 Per
1480 1291 1527 1345 22.
1550 1292 1643 1363 quarti
1665 1294 1836 1352 Vitellionis.

555 1376 615 1430 Hoc
635 1375 678 1428 usi
699 1373 863 1429 adminiculo
892 1373 1001 1443 quidam
1021 1376 1054 1427 de
1076 1375 1162 1427 stella
1183 1374 1247 1427 anni
1272 1372 1357 1426 1572.
1382 1374 1569 1435 affirmarunt,
1591 1378 1666 1427 motu
1687 1376 1834 1429 rectilineo

475 1456 504 1509 in
523 1456 687 1524 profundum
707 1454 828 1507 aetheris
849 1460 999 1525 receptam,
1022 1461 1188 1525 argumento
1208 1453 1253 1506 usi
1279 1453 1463 1506 decrescentis
1491 1452 1703 1523 magnitudinis,
1733 1456 1834 1525 quibus

476 1535 583 1606 quidem
604 1537 630 1588 4.
653 1541 683 1587 et
707 1532 770 1587 132.
794 1534 885 1604 quarti
906 1534 1065 1587 Vitellionis
1087 1534 1236 1587 serviebat.
1273 1534 1374 1585 Verum
1396 1533 1488 1603 optice
1509 1533 1617 1603 quidem
1636 1541 1713 1588 recte
1735 1535 1787 1598 illi,
1810 1536 1833 1588 si

475 1622 600 1669 assumta
613 1614 667 1667 illis
682 1630 734 1667 sua
748 1614 932 1668 concesseris:
955 1621 1077 1667 ceterum
1092 1630 1162 1683 quae
1177 1620 1275 1667 contra
1289 1613 1384 1682 ‘l'ychc
1398 1613 1492 1666 Brabe
1507 1612 1578 1666 libro
1593 1614 1614 1666 Ι.
1642 1614 1832 1685 Progymnas-

474 1701 578 1749 matum
593 1694 778 1763 disputaverit
791 1712 828 1749 ex
842 1695 904 1749 aliis
925 1694 1047 1748 scientiis
1062 1694 1149 1747 subdo
1164 1700 1195 1747 et
1208 1710 1311 1763 magno
1327 1692 1441 1761 judicic,
1464 1709 1500 1746 ea
1512 1691 1575 1745 ride
1590 1696 1663 1762 apud
1673 1704 1832 1750 auctorem

1030 1965 1271 1975 *nu—

1040 2230 1161 2329 Caput
1186 2230 1255 2303 XI.

592 2410 649 2474 De
680 2410 855 2492 artificiosa
881 2409 1094 2471 otmarum
1125 2408 1355 2470 diametrorum
1377 2406 1466 2470 Solis
1488 2417 1518 2472 et
1539 2409 1654 2470 Lunae
1681 2417 1711 2471 et

943 2496 1156 2577 deliqaioram
1183 2498 1355 2579 dausque.

560 2656 755 2719 Problema
775 2658 801 2717 Ι.
844 2658 1128 2718 Instrumentum
1153 2656 1363 2735 eclipticum
1386 2665 1612 2719 construere.
1651 2654 1755 2718 Scene
1772 2657 1830 2718 sub

473 2747 522 2810 dio
540 2746 675 2827 erigatur
693 2746 801 2827 pannis
822 2745 915 2825 nigris
936 2745 1139 2825 totuplicibus,
1163 2746 1291 2827 nequid
1312 2746 1386 2808 lucis
1405 2746 1558 2826 irrumpat.
1593 2744 1626 2808 Si
1647 2744 1722 2807 baec
1742 2746 1831 2806 deest

469 2835 677 2907 commoditas,
692 2835 834 2897 conclave
851 2834 980 2914 eligatur
994 2834 1154 2897 obversum
1168 2835 1197 2896 in
1212 2836 1342 2915 plagam,
1358 2836 1436 2896 unde
1452 2834 1533 2897 Solis
1549 2836 1686 2897 defectus
1701 2842 1829 2913 specta·

470 2925 570 2988 bitur:
595 2925 637 2987 sit
659 2924 727 2986 huic
750 2923 886 2987 conclavi
909 2924 1009 3004 paries
1032 2943 1091 2986 non
1115 2943 1248 2994 crassus,
1273 2924 1322 3003 qui
1337 2925 1499 2986 fenestram
1518 2924 1685 3004 praebeat:
1709 2923 1829 3002 possit-

473 3034 529 3097 que
554 3033 622 3077 cum
644 3014 719 3078 baec
743 3014 879 3075 fenestra
901 3022 964 3076 tum
987 3031 1090 3075 omnes
1114 3013 1209 3075 rimae
1238 3013 1372 3075 obturari
1404 3021 1509 3075 contra
1540 3014 1614 3076 lucis
1647 3013 1827 3091 ingressum.

470 3104 588 3166 Deinde
611 3104 716 3184 regula
731 3094 880 3165 ‘fabrefiat
903 3110 1034 3183 quantae
1058 3102 1120 3163 fieri
1143 3110 1247 3182 potest
1269 3102 1472 3180 longitudinis,
1498 3103 1583 3182 cujus
1607 3102 1704 3163 lineae
1724 3121 1829 3164 omnes

469 3203 572 3257 rectae
596 3194 667 3268 sint,
692 3193 849 3255 crassities
873 3200 1017 3273 quantam
1040 3210 1125 3253 asser
1149 3191 1308 3253 dedolatus
1332 3193 1473 3270 praebet,
1499 3192 1628 3254 latitudo
1652 3190 1828 3269 semipedis.

468 3282 517 3345 Ea
538 3281 583 3344 sic
607 3289 743 3363 aptetur,
776 3290 811 3343 ut
841 3280 911 3361 quia
940 3280 1040 3343 flexile
1068 3287 1117 3342 est
1139 3280 1269 3361 lignum,
1302 3281 1331 3341 in
1356 3281 1477 3343 dorsum
1501 3280 1668 3355 incumbat,
1694 3287 1726 3340 et
1749 3279 1830 3342 inter

470 3373 573 3453 capita
595 3372 662 3433 loco
685 3370 873 3441 intermedio,
897 3369 1073 3450 quominus
1097 3370 1247 3432 flectatur.
1294 3371 1339 3431 At
1361 3389 1457 3450 neque
1480 3370 1511 3431 in
1535 3370 1632 3432 medio
1657 3368 1828 3430 latitudinis

469 3463 654 3542 perforetur,
688 3478 725 3519 ne
748 3458 927 3522 imbecillius
951 3459 1063 3520 factum
1096 3458 1253 3537 frangatur
1283 3478 1336 3520 suc
1368 3461 1510 3538 pondere.
1558 3457 1637 3529 Quin
1661 3460 1764 3537 potius
1788 3459 1828 3519 ad

470 3552 580 3614 lineam
605 3549 700 3624 dorsi,
734 3548 780 3609 cui
812 3548 1010 3610 incubituram
1034 3555 1096 3620 est,
1125 3554 1282 3608 coassetur
1314 3550 1484 3618 trabecula,
1515 3556 1548 3609 ut
1571 3550 1601 3610 in
1624 3549 1830 3610 coassatiouis

470 3640 551 3702 linea
579 3645 714 3700 centrum
747 3636 901 3699 foraminis
930 3656 983 3699 seu
1016 3636 1192 3697 matriculae
1224 3630 1500 3716 constitui'possit.
1548 3640 1730 3701 Matriculae
1755 3659 1829 3700 suus

472 3729 607 3791 axiculos
631 3727 681 3788 sit.
729 3726 845 3787 Deinde
869 3726 923 3787 fiat
945 3726 1104 3786 columella
1125 3724 1279 3785 versatilis
1303 3744 1391 3805 super
1415 3747 1486 3801 axe,
1520 3729 1549 3789 in
1578 3748 1695 3790 summo
1726 3729 1827 3806 bifida,

470 3826 504 3880 ut
526 3818 636 3881 fissura
658 3815 827 3877 crassitiem
851 3815 972 3893 regulae
997 3814 1144 3892 excipere,
1170 3814 1334 3891 perforata,
1359 3823 1393 3876 ut
1416 3817 1521 3877 eodem
1544 3837 1609 3880 cum
1633 3820 1738 3899 regula
1757 3822 1828 3882 axi-

470 3907 537 3969 culo
560 3905 660 3985 trajici
684 3905 792 3984 possit.
835 3902 1013 3972 lbabecula,
1034 3902 1063 3962 in
1080 3920 1139 3981 qua
1153 3901 1312 3964 matricula
1335 3905 1524 3967 columellam
1547 3908 1709 3986 excipiens,
1735 3910 1828 3988 tignis

473 3996 650 4078 aequalibus
673 3994 743 4055 binc
767 3993 834 4054 inde
859 3990 1055 4053 transversim
1074 3990 1266 4070 surgentibus
1286 3991 1475 4055 columellam
1498 3995 1528 4055 in
1552 3997 1597 4058 sui
1621 3999 1829 4072 (trabeculae)

468 4085 682 4165 perpendiculo
706 4089 858 4150 statuant,
888 4097 962 4141 cavo
987 4079 1141 4157 complexu
1165 4078 1354 4141 columellam
1378 4091 1506 4144 teretem
1530 4085 1559 4145 in
1583 4086 1703 4149 sublimi
1727 4088 1827 4150 inclu-

471 4174 577 4235 dentes
600 4177 668 4243 (sic).
709 4170 787 4233 Huic
801 4169 974 4231 trabeculae
989 4176 1052 4229 tres
1066 4168 1145 4229 aliae
1161 4167 1321 4244 socientur,
1342 4180 1376 4231 ut
1390 4190 1427 4232 ex
1442 4173 1578 4235 omnibus
1592 4175 1646 4236 fiat
1659 4177 1826 4254 parallelo·

470 4279 634 4340 grammum
666 4259 892 4338 rectiangulum,
926 4258 991 4319 loco
1015 4256 1117 4319 circuli
1141 4256 1341 4319 azimuthalis.
1390 4258 1491 4338 Capiti
1515 4281 1586 4324 vero
1610 4265 1785 4338 columnae,
1811 4286 1830 4325 a

470 4369 527 4431 quc
552 4350 618 4411 axis
642 4348 672 4409 in
697 4348 883 4411 trabeculam
911 4345 986 4420 exit,
1021 4344 1225 4407 committatur
1248 4354 1280 4407 et
1303 4357 1459 4410 coassetur
1483 4358 1648 4415 transtrum
1671 4354 1700 4416 in
1725 4373 1827 4416 earum

468 4438 660 4520 planitierum
684 4436 859 4499 columellae
880 4435 986 4509 altera,
1013 4453 1088 4513 quae
1103 4434 1239 4497 fissuram
1259 4435 1352 4497 habet
1375 4456 1475 4516 supra,
1501 4450 1533 4501 et
1551 4441 1748 4504 confibuletur
1771 4444 1829 4505 boc

471 4547 587 4610 quoque
611 4534 776 4589 transtrum
805 4525 982 4587 columellae
1011 4524 1223 4597 transversali,
1259 4532 1292 4585 ut
1315 4534 1399 4586 recto
1423 4529 1532 4607 angulo
1556 4530 1714 4592 columella
1738 4541 1829 4593 tran-

468 4626 533 4681 stro
557 4617 733 4678 cohaereat:
758 4622 791 4676 et
815 4621 980 4676 transtrum
1003 4612 1285 4692 parallelogrammo
1309 4613 1482 4677 incumbens
1502 4617 1528 4679 si
1548 4627 1714 4694 moveatur,
1740 4622 1828 4683 colu-

467 4707 590 4768 mellam
614 4711 783 4767 convertat.
830 4703 1008 4763 Transtmm
1037 4701 1221 4781 longitudine
1246 4702 1287 4763 sit
1309 4702 1434 4778 idonea,
1460 4706 1490 4767 in
1513 4707 1610 4769 medio
1634 4717 1772 4782 exemta,
1796 4717 1830 4771 nt

468 4793 640 4857 crassitiem
663 4793 786 4871 regulae
809 4793 868 4853 bac
897 4791 1006 4852 fissura
1034 4791 1136 4869 capiat
1168 4791 1331 4872 regulaque
1363 4810 1429 4854 cum
1453 4802 1588 4857 transtro
1613 4804 1645 4858 et
1668 4798 1830 4860 columella

469 4882 711 4946 circumferatur:
743 4880 888 4960 simulque
912 4881 1016 4958 regula
1040 4897 1144 4939 versus
1168 4880 1314 4941 verticem
1338 4881 1411 4960 erigi
1436 4892 1489 4945 aut
1512 4905 1618 4947 versus
1642 4886 1830 4950 horizontem

469 4971 586 5051 demitti
616 4969 730 5051 possit,
764 4978 906 5049 qnantum
929 4966 1011 5029 Solis
1045 4965 1174 5028 altitudo
1207 4968 1262 5029 sub
1290 4969 1469 5051 principium
1501 4980 1532 5035 et
1559 4975 1647 5037 finem
1677 4976 1829 5057 eclipseos

467 5061 612 5141 postulat.
660 5059 827 5138 Propterea
850 5066 882 5119 et
904 5056 1093 5118 columellam
1117 5064 1180 5116 tam
1204 5057 1298 5119 altam
1322 5078 1389 5119 esse
1413 5062 1572 5134 convenit,
1604 5072 1638 5125 nt
1662 5065 1831 5145 parallelo·

466 5166 633 5229 gramarum
663 5148 797 5229 regulam
825 5145 963 5227 nuspiam
992 5143 1153 5226 impediat,
1186 5151 1219 5207 ct
1245 5155 1410 5210 transtrum
1438 5158 1502 5214 tam
1525 5152 1647 5231 longum
1669 5154 1830 5234 ipsamque
