4584 6192
548 589 615 660 464
969 594 1072 648 Literna
1087 592 1192 659 Kopleri
1209 593 1360 659 aliorumque
1376 598 1479 645 mutuae

490 827 494 832 .
548 773 596 835 vit
617 771 818 852 cognoscendi
841 772 1023 834 sententiam
1047 770 1143 832 literis
1176 769 1235 832 illis
1268 770 1534 849 comprehensam:
1571 789 1629 850 age
1664 779 1697 833 et
1728 779 1910 854 sequentem

550 858 682 925 Galilaei
705 862 791 941 legas
814 861 984 943 epistolam.

638 950 727 1011 Prius
761 960 862 1010 tamen
894 949 984 1010 velim
1016 947 1113 1010 obiter
1142 947 1381 1021 animadvertas,
1417 948 1487 1027 quid
1519 946 1677 1009 Galilaeus
1708 947 1793 1010 dicat
1830 966 1907 1011 con-

552 1038 740 1102 stitutionem
763 1038 865 1100 mundi
887 1037 1122 1119 Pythagoricam
1145 1044 1177 1096 et
1201 1035 1449 1115 Copernicanam.
1496 1036 1633 1114 Digitum
1665 1037 1746 1099 enim
1775 1037 1910 1100 intendit

548 1128 579 1192 iu
601 1147 699 1190 meum
722 1128 902 1208 Mysterium
920 1125 1207 1206 Cosmographicum
1230 1135 1301 1186 ante
1327 1144 1420 1186 annos
1443 1122 1483 1186 14
1506 1126 1629 1195 editum,
1654 1125 1683 1187 in
1710 1145 1767 1206 quo
1791 1126 1909 1189 orbium

548 1216 785 1298 planetariorum
809 1216 1009 1276 dimensiones
1033 1234 1071 1275 ex
1094 1215 1280 1276 astronomia
1304 1213 1463 1292 Copernioi
1487 1214 1637 1288 desumsi,
1671 1215 1721 1294 qui
1748 1213 1854 1277 Solem
1877 1216 1924 1300 in·

548 1305 648 1368 medio
671 1304 822 1378 stabilem,
848 1305 972 1365 Terram
995 1312 1026 1365 et
1049 1303 1130 1364 circa
1146 1302 1249 1364 Solem
1273 1311 1305 1363 et
1328 1304 1408 1365 circa
1431 1322 1518 1363 suum
1541 1322 1628 1363 axem
1653 1303 1728 1374 facit
1746 1304 1906 1366 mobilem:

546 1394 665 1458 illorum
688 1411 758 1454 vero
781 1392 898 1454 orbium
922 1393 1083 1454 intervalla
1106 1392 1224 1453 ostendi
1248 1392 1429 1470 respondere
1450 1392 1578 1471 quinque
1598 1392 1701 1470 figuris
1715 1393 1907 1470 regularibus

547 1480 777 1564 Pythagoricis,
807 1481 872 1560 jam
904 1483 975 1542 olim
1006 1482 1044 1541 ab
1074 1481 1131 1541 lroc
1164 1488 1285 1541 auctore
1318 1481 1395 1541 inter
1428 1480 1578 1541 elementa
1608 1481 1711 1541 mundi
1736 1481 1907 1544 distributis

547 1569 673 1651 pulchro
696 1569 793 1648 magis
817 1589 906 1649 quam
929 1570 1009 1631 felici
1034 1577 1087 1629 aut
1110 1569 1244 1648 legitimo
1268 1577 1398 1630 conatu:
1424 1577 1455 1630 et
1478 1587 1602 1648 quarum
1626 1569 1789 1648 figurarum
1812 1590 1907 1633 causa

546 1657 689 1721 Euclides
713 1666 810 1720 totam
834 1678 918 1719 suam
943 1658 1138 1738 geometriam
1162 1657 1294 1737 scripsit.

635 1748 742 1826 ltaque
766 1746 795 1807 in
819 1747 870 1808 illo
894 1748 1043 1827 Mysterio
1068 1747 1199 1825 reperire
1223 1754 1272 1807 eet
1294 1744 1545 1807 combinationem
1577 1744 1728 1823 quandam
1761 1753 1905 1808 astrono-

546 1836 623 1897 miae
653 1844 685 1896 et
716 1836 898 1914 geometriae
921 1836 1104 1909 Euclideae,
1137 1844 1169 1897 et
1201 1854 1256 1914 per
1282 1835 1359 1896 banc
1383 1834 1537 1913 utriusque
1560 1833 1851 1896 consummationem
1874 1843 1906 1897 et

545 1923 759 2005 perfectionem
784 1923 1048 1985 absolutissimam.
1096 1922 1183 1993 Quae
1218 1943 1309 1984 causa
1334 1923 1404 1997 snit,
1438 1942 1490 1983 cur
1522 1940 1631 2000 magno
1662 1941 1728 1983 cum
1753 1923 1905 1986 desiderio

547 2008 757 2093 expectarem,
801 2014 959 2091 qualenam
997 2011 1155 2075 Galilaeus
1192 2020 1400 2092 argumentum
1442 2019 1525 2071 esset
1567 2011 1716 2072 allaturus
1753 2030 1809 2090 pro
1847 2012 1905 2075 bac

548 2101 651 2164 mundi
674 2100 888 2164 constitutione
911 2101 1124 2182 Pythagorica.
1171 2100 1314 2180 Sequitur
1338 2100 1429 2179 igitur
1462 2099 1499 2161 de
1527 2099 1584 2161 hoc
1608 2108 1787 2179 argumento
1812 2098 1903 2163 Gali-

547 2189 607 2252 laei
631 2189 770 2269 epistola
1529 2216 1535 2225 ·

639 2278 789 2357 „Tempus
813 2286 863 2339 est
883 2285 919 2339 ut
941 2277 1072 2356 aperiam
1098 2276 1244 2338 rationem
1268 2276 1388 2357 legendi
1420 2276 1543 2349 literas,
1576 2293 1650 2354 quas
1684 2283 1755 2337 ante
1789 2277 1905 2358 aliquot

545 2366 737 2447 septimanas
760 2366 827 2429 misi
851 2366 1065 2446 transpositas.
1112 2365 1243 2445 Tempus
1266 2365 1387 2445 inquam
1410 2385 1487 2426 nnnc
1512 2371 1577 2437 est,
1609 2371 1770 2446 postquam
1802 2367 1840 2427 de
1871 2385 1903 2427 re

545 2455 615 2536 ipsa
639 2475 705 2517 sum
730 2455 916 2517 certissimus
941 2456 1054 2528 iactus,
1088 2453 1133 2515 sic
1166 2463 1200 2516 ut
1223 2475 1259 2515 ne
1284 2454 1435 2515 tantillum
1459 2454 1588 2533 amplius
1621 2452 1767 2515 dubitem.
1815 2452 1905 2517 Scias

546 2542 648 2625 igitur,
673 2546 749 2623 quod
765 2544 884 2606 circiter
907 2553 971 2605 tres
994 2563 1111 2604 menses
1136 2563 1156 2603 a
1179 2544 1284 2622 quibus
1299 2542 1429 2604 Veneris
1453 2543 1544 2609 stella
1567 2540 1660 2601 videri
1683 2542 1792 2621 potuit,
1818 2543 1902 2605 ince-

543 2632 640 2711 perim
663 2652 716 2713 per
740 2634 861 2694 oculare
885 2634 924 2693 ad
948 2633 1031 2693 illam
1054 2652 1122 2693 cum
1147 2631 1306 2710 diligentia
1328 2630 1497 2709 respicere;
1533 2638 1565 2691 ut
1589 2630 1666 2709 quod
1690 2639 1789 2693 mente
1814 2642 1901 2694 tene-

546 2721 616 2784 bam
638 2720 801 2796 indubium,
827 2721 891 2800 ipso
920 2722 1012 2782 etiam
1045 2740 1135 2781 seusu
1167 2721 1474 2800 comprehenderem.¹
1505 2717 1656 2797 Principio
1679 2719 1773 2798 igitur
1796 2721 1902 2784 Venus

545 2808 686 2888 apparuit
708 2810 804 2888 figura
827 2809 965 2871 circulari
988 2810 1124 2889 perlecta
1149 2828 1242 2889 eaque
1273 2817 1383 2870 exacta
1411 2818 1443 2869 et
1467 2805 1599 2869 evidenti
1623 2808 1750 2869 termino
1775 2808 1902 2882 inclusa,

544 2915 646 2960 verum
671 2897 742 2960 exili
765 2899 945 2960 admodum:
978 2899 1054 2959 hanc
1088 2899 1215 2977 figuram
1238 2898 1344 2959 Venus
1377 2896 1500 2959 retinuit
1531 2896 1682 2975 tantisper
1706 2898 1775 2958 dum
1799 2900 1902 2977 coepit

544 2985 780 3068 appropinquare
796 2986 943 3048 maximae
967 3007 1039 3049 suae
1064 2987 1243 3065 digressioni
1262 3007 1281 3046 a
1295 2985 1377 3060 Sole,
1397 2986 1573 3065 interimque
1589 2986 1728 3047 continue
1744 2987 1902 3049 crescebat

543 3077 621 3138 mole
644 3076 777 3154 corporis
792 3076 958 3155 apparenti.
995 3076 1042 3137 Ex
1067 3095 1102 3136 eo
1118 3076 1218 3155 coepit
1241 3096 1260 3135 a
1274 3076 1460 3136 rotunditate
1476 3075 1601 3135 deficere
1616 3094 1635 3133 a
1653 3075 1746 3153 plaga
1765 3075 1899 3150 orientis,

543 3183 619 3246 qnae
643 3163 748 3226 aSole
772 3172 839 3225 erat
862 3184 980 3237 aversa,
1005 3175 1037 3226 et
1060 3165 1141 3226 intra
1164 3182 1276 3243 paucos
1301 3163 1364 3224 dies
1389 3164 1512 3242 collegit
1530 3181 1646 3223 omnem
1666 3163 1802 3242 speciem
1821 3165 1901 3226 intra

541 3251 771 3316 semicirculum·
790 3253 1056 3332 perfectissimum
1095 3273 1131 3313 ea
1168 3253 1263 3332 figura
1301 3253 1430 3314 durabat
1466 3253 1530 3313 sine
1568 3251 1733 3312 mutatione
1767 3252 1817 3315 vel
1840 3253 1899 3315 mi-

542 3342 640 3415 nima,
685 3342 782 3420 quoad
824 3361 917 3422 usque
952 3342 1051 3421 coepit
1074 3361 1141 3403 sese
1173 3342 1211 3402 ad
1235 3340 1338 3403 Solem
1370 3341 1503 3421 recipere
1536 3340 1659 3402 deserta
1682 3347 1828 3419 tangente
1852 3342 1899 3403 sui

543 3429 690 3512 epicycli:
724 3430 779 3491 hoc
807 3431 873 3509 jam
906 3439 1040 3511 tempore
1074 3431 1170 3509 magis
1202 3431 1358 3509 magisque
1391 3431 1494 3491 deficit
1523 3451 1542 3490 a
1564 3430 1659 3506 figura
1682 3430 1899 3492 semicirculari

541 3526 707 3599 pergatque
732 3518 921 3581 diminuendo
946 3521 1029 3581 illam
1053 3539 1145 3600 usque
1171 3519 1209 3580 ad
1232 3539 1317 3580 suam
1342 3519 1584 3591 occultationem,
1609 3518 1727 3598 quando
1752 3519 1781 3580 in
1798 3519 1896 3581 subti-

542 3608 687 3670 lissimum
711 3625 802 3669 cornu
826 3608 952 3669 deficiet.
998 3609 1046 3671 Ea
1070 3627 1105 3668 eo
1130 3608 1259 3670 transitu
1291 3608 1372 3669 facto
1401 3609 1439 3668 ad
1471 3606 1690 3687 apparitionem
1718 3609 1897 3670 matutinam

541 3695 701 3779 apparebit
715 3697 801 3758 nobis
816 3699 1024 3759 tantummodo
1050 3698 1165 3759 falcata
1189 3704 1220 3757 et
1243 3696 1440 3758 subtilissimo
1465 3717 1532 3758 cum
1547 3715 1637 3757 cornu
1653 3716 1672 3756 a
1686 3694 1759 3757 Sole
1774 3716 1896 3772 aversa;

541 3795 651 3866 postea
673 3784 949 3864 magismagisque
973 3786 1146 3865 implebitur
1178 3806 1269 3847 cornu
1303 3805 1396 3866 usque
1428 3786 1466 3845 ad
1498 3785 1657 3846 maximam
1682 3784 1896 3864 digressionem

541 3894 562 3937 a
582 3873 665 3948 Sole,
690 3873 720 3934 in
745 3892 805 3953 qua
828 3873 1031 3936 semicirculus
1056 3876 1228 3955 apparebit,
1254 3893 1348 3954 eaque
1373 3875 1467 3953 figura
1491 3875 1554 3934 sine
1578 3873 1704 3934 notabili
1727 3875 1895 3936 variatione

540 3963 662 4026 durabit
684 3962 748 4022 dies
771 3964 901 4024 multos:
927 3964 1035 4024 deinde
1060 3983 1097 4024 ex
1120 3963 1334 4025 semicirculari
1359 3963 1505 4041 paulatim
1529 3971 1625 4023 totum
1644 3962 1780 4040 implebit
1795 3964 1895 4025 orbem

540 4070 666 4132 eamque
698 4051 832 4130 perfecte
865 4051 1040 4113 circularem
1074 4054 1198 4131 figuram
1233 4053 1260 4112 in
1295 4071 1413 4113 menses
1444 4051 1519 4113 bene
1553 4051 1663 4112 multos
1692 4053 1894 4113 conservabit.

541 4139 681 4204 (laterum
712 4139 741 4201 in
781 4159 924 4219 praesens
955 4141 1101 4202 diameter
1138 4141 1275 4220 corporis
1303 4140 1433 4201 Veneris
1466 4140 1585 4202 circiter
1619 4139 1746 4220 quinque
1780 4142 1894 4203 vicibus

539 4228 637 4307 major
660 4236 707 4288 est
730 4247 775 4301 ea,
802 4248 889 4309 quam
917 4229 1097 4292 monstravit
1120 4230 1149 4290 in
1181 4230 1277 4310 prima
1310 4230 1498 4308 apparitione
1531 4228 1712 4307 vespertina
1757 4228 1807 4289 Ex
1839 4230 1895 4291 hac

538 4316 668 4379 mirabili
696 4317 905 4378 observatione
929 4319 1063 4397 suppetit
1086 4319 1171 4379 nobis
1205 4319 1374 4379 certissima
1406 4329 1438 4380 et
1469 4338 1559 4379 sensu
1592 4318 1657 4397 ipso
1689 4318 1894 4398 perceptibilis

539 4406 758 4468 demonstratio
784 4407 909 4467 duarum
933 4408 1130 4468 maximarum
1155 4407 1381 4487 quaestionum,
1417 4427 1492 4486 quae
1525 4408 1564 4468 ad
1596 4407 1673 4467 hunc
1698 4425 1791 4486 usque
1816 4408 1893 4469 diem

538 4493 718 4557 amaaimis
741 4494 868 4573 ingeniis
892 4496 1088 4574 agitabantur
1111 4497 1140 4557 in
1165 4504 1281 4574 partem
1314 4505 1481 4576 utramque.
1528 4497 1597 4558 Una
1620 4502 1687 4563 est,
1721 4496 1801 4573 quod
1824 4498 1893 4575 pla-

537 4592 626 4647 netae
650 4602 753 4644 omnes
777 4592 885 4645 natura
908 4605 964 4645 sua
987 4585 1149 4646 tenebrosa
1172 4593 1243 4647 sunt
1266 4604 1392 4663 corpora
1416 4587 1464 4656 (ut
1479 4585 1515 4644 de
1529 4584 1678 4646 Mercurio
1698 4583 1764 4662 jam
1789 4586 1894 4656 eadem

539 4672 760 4750 concipiamus,
795 4691 870 4750 quae
896 4674 931 4733 de
957 4674 1111 4746 Venere),
1144 4674 1261 4742 altera,
1293 4675 1370 4753 quod
1395 4692 1511 4734 summa
1535 4692 1589 4733 nos
1613 4680 1700 4751 urget
1724 4675 1893 4735 necessitas

537 4769 573 4822 ut
599 4760 746 4832 dicamus,
773 4761 923 4822 Venerem
948 4763 1140 4842 (insuperque
1176 4770 1209 4823 et
1230 4762 1426 4836 Mercurium)
1460 4762 1541 4823 circa
1573 4760 1676 4823 Solem
1709 4761 1893 4826 circumferri

537 4856 574 4912 ut
593 4855 626 4910 et
648 4848 754 4926 reliqui
778 4867 880 4909 omues
904 4851 1065 4928 planetae:
1095 4870 1144 4911 res
1168 4851 1285 4912 credita
1309 4851 1427 4930 quidem
1452 4849 1684 4931 Pythagoricis,
1724 4848 1893 4932 Copernico

536 4943 570 5000 et
589 4936 742 5016 Keplero,
776 4955 926 5016 nunquam
949 4957 1021 4998 vero
1046 4957 1137 4999 sensu
1161 4939 1367 5017 comprobata,
1392 4948 1426 5000 ut
1449 4957 1527 5000 nunc
1550 4940 1580 5001 in
1607 4938 1726 5000 Venere
1752 4949 1784 5001 et
1806 4942 1891 5002 Mer-

535 5023 627 5086 curio.
670 5024 812 5101 Habent„
824 5025 916 5104 igitur
939 5027 1089 5108 Keplerus
1118 5034 1150 5088 et
1181 5026 1287 5106 reliqui
1312 5025 1529 5107 Copernicani,
1569 5046 1626 5107 quo
1659 5027 1827 5106 glorientur
1858 5045 1892 5090 se

535 5108 611 5173 bene
633 5111 861 5193 philosophatos
886 5133 975 5191 esse,
998 5134 1054 5177 nec
1077 5132 1188 5175 vanam
1211 5133 1280 5177 esse
1303 5134 1406 5178 eorum
1436 5115 1663 5178 credulitatem:
1698 5117 1892 5197 quantumvis
