4584 6192
469 653 512 720 62
889 649 987 706 Literae
1006 655 1107 719 Kepleri
1127 655 1277 721 allommque
1295 663 1397 708 mutuae
1429 683 1432 690 ·

467 852 574 913 corpus
605 833 770 911 repercutit
800 830 935 893 radium?
981 830 1188 911 Nequaquam.
1235 831 1443 910 Repercussus
1476 834 1552 894 enim
1586 852 1643 894 uon
1674 834 1707 894 tit
1732 834 1822 897 intua.

467 923 564 984 Vides
589 920 690 982 ethic
715 927 745 981 et
770 920 830 981 illie
854 919 1025 993 dicendum,
1064 939 1171 1001 corpus
1200 920 1254 981 illa
1284 921 1383 982 facere
1415 931 1562 1000 quatenus
1593 934 1641 983 est
1665 921 1822 1001 superficie

466 1011 671 1083 terminatum,
708 1026 765 1070 nou
798 1026 870 1069 vero
903 1009 1087 1086 superficiem
1122 1016 1269 1089 quatenus
1294 1009 1466 1089 superficies
1494 1011 1559 1072 siue
1583 1012 1824 1073 consideratione

467 1118 611 1179 corporis.

558 1205 787 1267 Brenggerus:
825 1202 869 1250 Ais
891 1209 918 1250 tu
937 1200 972 1264 (p.
993 1198 1052 1260 57),
1081 1217 1206 1250 nummum
1232 1217 1275 1265 per
1284 1204 1457 1253 refractionem
1479 1204 1504 1253 iu
1530 1218 1596 1269 aqua
1615 1202 1729 1253 exhibere
1750 1202 1822 1253 oculo

465 1278 600 1341 imaginem
620 1271 783 1330 iufsrudibulir'
808 1286 863 1321 eam
885 1279 970 1321 tamen
996 1287 1103 1322 asensu
1128 1288 1177 1322 non
1201 1280 1267 1323 recte
1289 1274 1394 1323 discerni
1416 1282 1442 1324 et
1461 1284 1592 1338 propterea
1615 1276 1691 1324 videri
1719 1272 1824 1338 figuram

466 1349 566 1412 planam
613 1345 658 1393 Est
679 1344 725 1393 hoc
739 1356 813 1410 μεγα
832 1342 895 1392 irco
911 1334 1025 1409 ιῖιιημα,
1045 1359 1093 1393 ιιι
1109 1344 1182 1393 facile
1204 1347 1325 1408 reperias,
1345 1346 1386 1409 qui
1402 1346 1448 1394 sibi
1469 1348 1579 1410 patiatur
1590 1345 1742 1410 persuaderi,
1766 1360 1823 1394 sen-

467 1434 520 1467 sum
541 1432 594 1466 essa
606 1423 659 1464 tam
681 1415 819 1477 stupidum,
845 1421 874 1462 ut
891 1415 954 1463 inter
972 1416 1065 1462 nummi
1085 1415 1190 1479 figuram
1210 1425 1235 1465 et
1253 1416 1399 1466 infundibuli
1421 1432 1469 1466 uon
1482 1418 1559 1481 pessit
1581 1418 1731 1472 discernere,
1749 1430 1822 1479 prae·

467 1490 550 1539 sertim
569 1490 594 1536 in
614 1487 733 1535 distantia
752 1502 801 1534 non
826 1500 926 1550 magna.
957 1486 1075 1549 Equidem
1097 1487 1163 1534 malo
1185 1486 1258 1535 fidem
1283 1487 1322 1536 hic
1344 1487 1436 1537 babere
1454 1489 1550 1545 sensui,
1573 1489 1614 1553 qui
1635 1503 1762 1536 nummum
1783 1502 1822 1536 re·

466 1562 571 1609 fractum
588 1558 684 1620 judicat
699 1556 799 1619 planum
819 1564 846 1605 et
862 1556 964 1620 proinde
987 1556 1075 1606 suadet
1093 1558 1291 1620 perpendiculum
1313 1559 1441 1613 contrahi,
1468 1574 1557 1622 quam,
1587 1558 1716 1622 repudiato
1738 1572 1823 1613 seusu,

466 1637 554 1681 eontra
575 1629 751 1691 experientiam
776 1628 880 1693 figuram
897 1627 990 1691 tingere
1009 1628 1131 1687 alienam,
1160 1629 1247 1677 saltem
1274 1629 1358 1678 tuendi
1377 1630 1545 1693 perpendiculi
1573 1631 1663 1695 gratia,
1702 1630 1824 1693 Agnoscit

466 1704 531 1750 risus
553 1700 659 1765 effigiem
677 1706 702 1748 et
723 1700 906 1762 inscriptionem
925 1713 1023 1746 nummo
1047 1699 1206 1761 impressam,
1227 1715 1291 1763 quae
1312 1714 1360 1748 sua
1383 1702 1548 1764 prominentia
1567 1717 1599 1750 ne
1624 1701 1746 1749 decimam
1769 1699 1822 1762 qui·

467 1775 523 1822 dem
548 1782 643 1835 partem
667 1776 759 1834 aequat
778 1769 921 1819 elevationis
946 1784 990 1818 seu
1011 1769 1185 1832 profunditatis
1198 1770 1356 1830 infundibuli,
1379 1777 1405 1820 et
1420 1771 1485 1820 hanc
1502 1787 1550 1820 non
1569 1773 1645 1835 possit
1667 1768 1824 1834 agnoscere?

469 1843 518 1893 Sed
543 1858 573 1891 en
594 1843 637 1890 tibi
658 1842 734 1890 aliam
753 1835 937 1907 dereputetur:
964 1841 988 1888 in
1012 1840 1092 1889 locum
1117 1843 1208 1889 nummi
1231 1842 1335 1903 praefati
1358 1842 1520 1891 substituatur
1543 1857 1634 1895 conus,
1665 1843 1734 1903 cujus
1757 1841 1824 1890 baris

466 1913 576 1978 aequalis
593 1915 625 1961 sit
647 1926 761 1972 nummo,
776 1912 880 1961 altitudo
893 1926 949 1959 sero
964 1912 1088 1960 altitudini
1108 1912 1268 1969 infundibuli,
1294 1919 1319 1961 et
1341 1913 1425 1963 oculus
1445 1915 1533 1962 unicus
1555 1920 1625 1962 extra
1651 1925 1742 1976 aquam
1768 1927 1824 1976 per·

466 1984 738 2050 pendiculariterillum
759 1985 893 2031 intueatur.
931 1982 1064 2031 Attolletur
1089 1984 1164 2046 igitur
1190 1984 1256 2031 baria
1285 1986 1338 2046 ejus
1359 1998 1403 2047 per
1428 1984 1609 2033 refractionem.
1648 1983 1742 2032 Verum
1768 1983 1824 2032 coni

468 2061 544 2120 e'pex,
568 2056 626 2120 quia
645 2056 669 2104 in
690 2054 876 2117 perpendiculo,
909 2069 938 2102 ex
967 2060 1011 2102 tua
1034 2056 1160 2103 sententia
1182 2071 1231 2104 non
1253 2056 1401 2112 mutabitur,
1426 2056 1470 2104 sed
1492 2056 1622 2119 apparebit
1647 2055 1673 2103 in
1696 2068 1741 2103 suo
1770 2054 1824 2103 loco

468 2136 542 2191 atque
561 2128 598 2175 ita
628 2141 703 2175 couus
728 2125 767 2173 ille
794 2123 847 2173 'ribi
871 2124 1019 2174 exhibitums
1042 2132 1080 2173 est
1103 2127 1211 2188 speciem
1240 2126 1300 2175 disci
1321 2126 1441 2188 perfecti,
1468 2127 1525 2174 mihi
1553 2141 1608 2176 vero
1635 2126 1690 2174 coni
1711 2124 1822 2174 nonnihil

469 2198 552 2248 retusi.
589 2197 670 2259 Hujus
692 2198 725 2245 rei
745 2195 879 2245 secundum
900 2197 1075 2259 praescriptam
1097 2196 1273 2245 dimensionem
1294 2196 1401 2245 nondum
1423 2198 1471 2245 feci
1491 2197 1637 2260 periculum,
1660 2197 1762 2244 memini
1783 2202 1823 2245 ta-

468 2285 540 2327 men,
568 2284 656 2318 conum
678 2266 845 2316 indifferenter
865 2273 994 2329 acceptum
1016 2273 1042 2315 et
1064 2280 1143 2330 aquae
1166 2269 1306 2330 impositum
1326 2267 1430 2330 figuram
1453 2270 1507 2317 coni
1531 2283 1581 2316 non
1599 2268 1659 2317 disci
1678 2266 1736 2314 mibi
1756 2273 1823 2316 retu-

467 2341 537 2396 lisser
564 2339 627 2402 quod
650 2345 675 2387 et
696 2345 723 2387 tu
746 2338 871 2401 explorare
892 2338 998 2400 poteris.
1024 2345 1050 2386 et
1068 2339 1088 2385 si
1113 2340 1137 2386 iu
1159 2339 1204 2388 tali
1226 2352 1286 2386 earu
1307 2354 1356 2387 non
1375 2338 1468 2386 discum
1487 2339 1530 2387 red
1555 2353 1644 2387 conum
1667 2352 1712 2401 per
1732 2338 1824 2387 refrac-

467 2414 559 2460 tionem
581 2410 688 2459 exbiberi
709 2410 798 2458 rideris
824 2406 866 2468 (de
884 2423 931 2471 quo
957 2409 990 2456 nil
1004 2406 1114 2469 dubito),
1140 2410 1175 2457 nil
1197 2409 1301 2457 restabit
1320 2409 1424 2473 amplius
1448 2424 1522 2473 quam
1546 2417 1574 2458 ut
1598 2423 1695 2458 meeum
1717 2422 1824 2465 asseres,

467 2482 552 2547 puncti
573 2482 707 2545 imaginem
730 2495 773 2543 per
796 2480 983 2536 refractionem,
1005 2493 1211 2546 καταχρηςιιιως
1236 2480 1341 2537 dictam,
1368 2479 1458 2529 elevari
1483 2495 1512 2529 ac
1543 2480 1644 2544 proinde
1667 2481 1746 2543 ipsum
1768 2493 1823 2543 per-

467 2552 624 2618 pendiculum
646 2566 741 2615 quoque
762 2551 903 2599 refractioni
916 2565 959 2598 seu
981 2552 1089 2613 passioni
1111 2553 1146 2600 sic
1169 2551 1251 2600 dictae
1274 2552 1402 2599 obnoxium
1424 2566 1486 2600 esse.
1513 2548 1570 2612 (His
1593 2550 1706 2613 adjunxit
1726 2550 1822 2615 Breug·

468 2638 541 2689 gerus
566 2623 680 2678 schema,
705 2622 779 2694 rerba
800 2635 847 2670 sua
864 2620 1002 2677 illustrans,
1027 2636 1081 2670 cum
1108 2636 1163 2671 sero
1185 2636 1223 2671 res
1245 2628 1332 2684 pateat
1354 2636 1384 2672 ex
1407 2622 1466 2686 ipsis
1492 2621 1629 2687 Brenggeri
1652 2621 1739 2677 verbis,
1763 2620 1824 2669 illud

468 2694 629 2744 omittendum
648 2689 808 2752 censuimus.)

557 2783 759 2862 lieplesus:
784 2782 830 2842 De
854 2799 972 2842 nummo
997 2780 1025 2839 iu
1051 2799 1129 2859 aqua
1146 2780 1257 2842 rectius
1281 2781 1410 2860 loqueris
1419 2800 1428 2856 ;
1452 2782 1548 2843 minus
1568 2782 1668 2863 itaque
1693 2781 1748 2845 tibi
1771 2803 1823 2846 re·

471 2891 585 2952 pugno,
611 2890 698 2951 quarn
723 2871 803 2931 olim.
837 2869 967 2930 Radium
991 2869 1267 2948 perpendicularem
1288 2870 1353 2948 jam
1378 2870 1423 2930 ais
1447 2870 1475 2930 in
1491 2890 1559 2932 sese
1576 2872 1728 2947 contrahi;
1753 2872 1824 2934 olim

471 2960 576 3021 dixisti
606 2959 739 3037 refringi.
787 2957 874 3029 Quod
906 2957 1065 3034 frangitur,
1105 2976 1141 3016 ex
1170 2976 1228 3018 uno
1256 2959 1290 3018 fit
1317 2958 1427 3030 multat
1462 2959 1509 3021 hic
1533 2960 1564 3020 iu
1587 2979 1620 3021 se
1644 2969 1824 3023 contractus

469 3049 570 3110 radius
589 3055 692 3110 manet
715 3067 798 3108 unus.
845 3047 890 3107 De
916 3046 1011 3107 forma
1033 3064 1104 3107 vero
1129 3045 1305 3107 infundibuli
1328 3065 1385 3107 non
1409 3065 1524 3127 pugno:
1550 3067 1623 3110 sane
1648 3051 1703 3112 tali
1728 3054 1825 3112 forma

471 3156 527 3198 non
552 3138 683 3200 cernitur
705 3155 760 3197 uec
783 3137 839 3197 hoc
864 3134 1008 3196 affirmari
1042 3135 1070 3195 in
1104 3133 1251 3213 prioribus
1284 3134 1390 3197 literis.
1437 3136 1507 3197 Dixi
1539 3138 1617 3199 euim
1649 3147 1680 3199 te
1703 3140 1824 3203 vincere

409 3218 411 3222 ’
471 3226 529 3287 tuis
555 3226 747 3306 argumentis,
773 3244 839 3287 cum
863 3241 997 3285 nummus
1021 3223 1146 3283 deberet
1170 3223 1264 3283 rideri
1289 3223 1430 3285 informa
1454 3224 1641 3288 infundibuli.
1679 3226 1743 3290 Sed
1766 3229 1825 3290 ad-

472 3314 533 3375 didi
558 3323 658 3376 tamen
683 3314 877 3385 solutionem,
901 3329 939 3371 ex
963 3330 1021 3391 qua
1043 3312 1145 3372 videre
1169 3312 1308 3390 potuisti,
1332 3331 1389 3372 uon
1415 3333 1483 3374 esse
1506 3334 1631 3377 necesse
1646 3326 1680 3378 ut
1693 3318 1825 3379 tribuam

472 3403 709 3482 perpendiculari
733 3405 945 3464 refractionem
970 3408 1022 3461 aut
1044 3418 1196 3461 recursum
1219 3400 1247 3460 in
1273 3420 1351 3461 sese.
1397 3402 1476 3464 Nam
1501 3412 1554 3465 aut
1584 3424 1641 3467 uuo
1665 3408 1751 3469 oculo
1775 3408 1824 3468 ri-

474 3492 562 3553 detur
584 3511 632 3553 res
657 3492 794 3572 (immoto
818 3490 947 3570 capite),
982 3495 1034 3549 aut
1067 3487 1180 3549 duobus
1212 3490 1274 3559 (rel
1297 3497 1379 3550 moto
1403 3491 1530 3571 capite).
1577 3492 1610 3555 Si
1634 3513 1709 3570 uuo,
1740 3493 1826 3558 locus

472 3580 610 3660 imaginis
634 3601 691 3641 ιιι
717 3580 910 3643 discernitur:
945 3576 971 3638 si
1003 3577 1131 3652 duobus,
1165 3587 1218 3638 aut
1248 3577 1423 3641 alterutrum
1456 3589 1509 3641 aut
1542 3583 1649 3645 ambos
1672 3602 1730 3645 nou
1755 3603 1826 3645 esse

921 3665 1185 3745 perpendiculares
1209 3685 1333 3728 necesse
1357 3676 1415 3728 est.
1463 3668 1498 3731 Si
1528 3689 1586 3731 non
1619 3672 1824 3753 perpendicu-

528 3840 578 4028 K

580 4041 588 4064 b

624 4207 639 4256 l

921 3753 1015 3826 lares,
1050 3754 1224 3834 refringitur
1246 3756 1349 3835 itaque
1379 3756 1482 3818 radius
1506 3759 1604 3821 etsie
1628 3780 1685 3822 nou
1705 3762 1826 3835 rnirurn,

772 3832 795 3906 la
920 3843 1016 3904 locum
1041 3842 1179 3923 imaginis
1203 3843 1298 3904 videri
1322 3844 1483 3908 elevatum.
1522 3846 1610 3909 Oculi
1628 3849 1668 3926 A,
1684 3849 1721 3922 B,
1744 3870 1826 3932 aqua

920 3929 990 4004 OD,
1024 3931 1134 3993 nummi
1164 3939 1299 3992 centrum
1322 3932 1364 4006 E3
1396 3934 1453 3995 BD
1476 3937 1734 4015 perpendicularis
1765 3959 1824 4001 ιιι

588 4183 699 4290 ἑὼ
725 4129 793 4354 <J-
917 4196 1000 4259 cubit
1023 4195 1077 4258 BE
1105 4195 1133 4255 in
1158 4195 1183 4256 F
1207 4195 1273 4257 loco
1305 4196 1424 4260 altiore.
1471 4201 1579 4283 Itaque
1609 4205 1742 4266 Florus
1776 4213 1826 4268 est

628 4292 678 4370 cr.
770 4296 789 4344 tr
918 4283 1016 4346 centri
1038 4282 1179 4363 imaginis
1203 4285 1325 4347 nummi.

669 4377 730 4446 ιχ
763 4359 767 4466 1
987 4374 1202 4437 Brenggerus:
1238 4372 1277 4422 De
1305 4373 1374 4424 foco
1403 4376 1496 4439 speculi
1522 4376 1644 4440 sphaerici
1673 4380 1778 4431 concavi
1797 4382 1825 4432 ln

689 4459 700 4494 x
763 4475 766 4484 ι

772 3911 775 3950 r

771 3963 774 3990 l

770 4024 773 4124 t
917 4019 1106 4098 refringitur,
1140 4018 1197 4081 Ac
1222 4038 1292 4080 vero
1316 4040 1374 4081 uon
1397 4025 1654 4103 perpendicularis
1677 4027 1825 4109 refringi-

726 4452 793 4782 ζ
916 4449 1006 4510 quarta
1031 4443 1144 4492 diametri
1168 4449 1239 4506 parte
1261 4443 1343 4495 locato
1366 4446 1423 4495 dum
1442 4446 1573 4512 Maginum
1594 4443 1713 4514 corripis,
1739 4452 1831 4503 oeulos

631 3731 683 3795 Fig.
705 3726 748 3779 3².

918 4108 1017 4169 turin
1042 4106 1104 4170 CF.
1153 4105 1303 4169 Contiuua
1336 4113 1523 4175 meretricem
1554 4113 1628 4186 Ac,
1660 4134 1737 4195 quae
1771 4135 1825 4178 ae-

916 4513 974 4561 mihi
1002 4521 1028 4562 et
1054 4513 1144 4579 digitos
1166 4515 1259 4577 eripere
1287 4518 1399 4574 conaris,
1429 4519 1516 4582 qulbus
1534 4520 1608 4570 toties
1631 4522 1679 4570 ridi
1705 4529 1732 4572 et
1755 4525 1831 4574 seusi-

916 4582 998 4633 radios
1027 4582 1090 4634 Solis
1112 4585 1145 4634 ibi
1168 4587 1309 4637 coacervari
1331 4593 1356 4635 et
1380 4589 1463 4651 iguem
1476 4590 1614 4641 accendere
1626 4588 1662 4655 (p.
1676 4591 1731 4653 57).
1763 4594 1825 4646 Per-

882 4659 886 4664 '
920 4667 1005 4717 peram
1026 4656 1101 4720 igitur
1124 4662 1153 4704 tu
1174 4657 1199 4705 in
1224 4662 1309 4706 centro
1327 4658 1395 4707 illum
1418 4660 1539 4718 collocas,
1562 4663 1681 4726 siquidem
1705 4665 1825 4716 adcant-

917 4740 971 4773 mm
992 4726 1152 4775 reflectantur
1173 4732 1271 4776 tautum
1291 4729 1354 4777 radii
1366 4730 1601 4793 perpendiculariter
1621 4735 1776 4787 incidentes:
1797 4742 1832 4788 st

917 4796 977 4860 quia
993 4795 1114 4846 diameter
1133 4795 1197 4846 Solis
1209 4798 1338 4847 dimidium
1356 4801 1460 4865 gradum
1481 4802 1604 4853 duntaxat
1620 4812 1721 4870 aequet,
1744 4809 1827 4871 portio

470 4872 564 4940 speculi
583 4869 801 4930 circumducatur
823 4865 943 4915 diameter
957 4861 1000 4913 30‘
1018 4867 1159 4930 respondet,
1181 4868 1235 4918 sola
1259 4878 1306 4925 est,
1325 4884 1388 4934 quae
1407 4871 1488 4922 radios
1508 4873 1571 4923 Solia
1589 4877 1829 4940 perpendiculariter

469 4945 557 5009 recipit
576 4949 602 4994 et
624 4941 655 4991 ad
685 4943 797 4989 centrum
818 4941 956 4999 retorquet;
987 4937 1080 5001 reliqua
1102 4941 1155 5000 ejus
1181 4940 1322 5003 superficies
1344 4942 1423 4990 otiosa
1448 4949 1486 4992 est
1510 4952 1535 4994 et
1558 4944 1608 4995 hue
1631 4937 1693 4996 nihil
1718 4951 1826 5000 confert.

469 5015 578 5065 Necesse
602 5012 677 5077 igitur
706 5015 760 5065 est,
789 5007 950 5070 paucissimos
974 5007 1007 5056 ibi
1037 5009 1119 5057 radios
1143 5009 1240 5075 colligi,
1269 5012 1311 5074 qui
1335 5026 1383 5061 uon
1408 5013 1533 5063 sufficiunt
1555 5024 1584 5065 ut
1606 5018 1690 5082 ignem
1714 5032 1830 5085 unquam

470 5085 618 5136 accendant
655 5079 728 5131 Adde
747 5077 812 5142 quod
842 5076 933 5126 fomitis
957 5079 1063 5128 materis
1083 5087 1169 5129 centro
1191 5082 1305 5143 apposita
1321 5082 1402 5131 redies
1425 5082 1489 5133 Solis
1507 5087 1647 5150 intercipit,
1667 5095 1697 5137 ut
1715 5090 1750 5140 sd
1767 5097 1831 5155 spe·'

470 5156 553 5207 aulum
576 5154 716 5217 pertingere
737 5154 764 5199 et
790 5147 847 5198 iude
867 5147 961 5198 reflecti
986 5162 1016 5200 ac
1035 5151 1118 5216 ignem
1137 5151 1277 5202 accendere
1299 5159 1432 5217 nequeam.
1470 5151 1595 5206 Sed'esto
1612 5161 1666 5220 lam
1683 5159 1830 5228 exungia}

469 5233 496 5278 et
516 5238 576 5276 mes
593 5220 720 5276 smteutla
740 5217 868 5284 speculum
892 5217 990 5286 aliquod
1007 5234 1143 5273 concavum
1162 5220 1330 5286 spbseuicnuu
1354 5226 1424 5287 cujus
1444 5224 1550 5278 lsdtudo
1573 5227 1646 5281 ΓΗΚ
1669 5231 1703 5281 sit
1722 5238 1829 5285 ssstsas
