4584 6192
956 559 1140 628 conv-e
1663 562 1731 632 sss

370 744 405 800 st
423 753 573 801 mna
594 736 654 801 KL
675 751 767 819 snper
789 738 855 815 OD,
879 740 918 801 ad
940 739 1118 804 distantiam
1140 740 1200 805 KL
1222 747 1255 802 et
1278 738 1344 815 01),
1366 740 1414 803 ita
1434 747 1503 805 tota
1523 741 1583 805 KL
1605 742 1645 807 ad
1661 745 1730 824 sjns

371 824 411 888 ab
432 825 662 901 lutosarum,
686 846 754 890 oum
778 836 877 891 umen
900 829 958 891 KL
980 830 1019 891 ab
1043 829 1100 891 ΔΒ
1124 828 1293 891 inveniatur
1315 829 1413 893 minus
1436 828 1561 895 distare.

456 912 576 978 Noster
597 931 670 978 roro
691 916 794 999 Τγιιιο
816 918 917 980 Brahe
939 917 1019 981 inter
1049 917 1136 980 initia
1164 919 1262 981 miuus
1294 919 1392 981 adbuc
1419 920 1647 983 tractandorum
1678 920 1727 983 ln·-

369 1009 605 1081 drnuttuturum
628 1005 752 1085 peritus,
774 1006 867 1068 etiarn
890 1006 929 1068 ab
951 1006 1047 1086 ipsius
1069 1006 1261 1070 instrumenti
1285 1008 1412 1070 articulo
1436 1009 1606 1088 hujusmodi
1621 1028 1731 1090 passus

370 1100 421 1157 est
440 1094 668 1175 impedimenta,
711 1091 788 1158 Onus
810 1096 889 1158 enim
913 1095 940 1157 in
964 1097 1061 1174 figura
1077 1092 1131 1158 85.
1154 1104 1257 1158 rectae
1280 1097 1450 1175 regularum
1474 1098 1503 1159 iu
1527 1121 1548 1158 a
1570 1116 1729 1161 concurre·

369 1188 440 1245 rent
466 1190 502 1245 et
522 1183 652 1244 materia
677 1182 759 1245 circa
781 1208 801 1245 α
823 1183 1055 1247 crassitudinem
1082 1182 1234 1247 obtineret
1261 1194 1491 1266 excurreretque
1519 1204 1614 1266 usqne
1640 1187 1671 1248 in
1693 1187 1729 1263 u,

370 1288 428 1333 uun
453 1278 572 1334 hatum
595 1279 731 1334 nentrum
754 1272 807 1333 sed
832 1291 869 1333 ne
892 1272 1065 1352 superficies
1088 1271 1206 1352 quidem
1230 1273 1309 1335 oculi
1330 1272 1360 1334 in
1384 1297 1404 1335 α
1427 1293 1496 1336 esse
1528 1275 1643 1355 potnit,
1676 1275 1732 1338 aad

371 1356 454 1421 inu
476 1358 632 1441 substitit,
661 1368 695 1422 nt
726 1361 755 1422 in
783 1360 964 1425 Meshanica
992 1369 1079 1440 parte
1113 1361 1185 1423 folio
1208 1362 1237 1423 D
1260 1359 1292 1423 d.
1325 1370 1357 1422 et
1388 1362 1420 1423 in
1450 1363 1731 1445 Progymnasmstis

371 1447 424 1510 tot.
448 1444 494 1513 34
516 1448 640 1511 monuit
674 1446 809 1529 Cumque
832 1450 916 1513 visus
938 1451 997 1513 sibi
1020 1456 1111 1521 esset,
1136 1450 1329 1529 usurpatione
1354 1450 1496 1525 tabellae,
1521 1452 1605 1531 cnjus
1628 1459 1730 1514 struc-

371 1544 443 1599 tura
464 1536 519 1598 fol.
542 1533 587 1601 34
609 1537 752 1611 habetur,
779 1557 896 1600 errores
919 1538 1141 1602 observationis
1173 1538 1243 1600 hinc
1273 1538 1397 1601 obortus
1428 1538 1518 1618 plane
1546 1541 1729 1603 sustulisse:

372 1633 481 1705 postea
509 1633 613 1688 tamen
645 1623 1034 1702 animadversurum,
1062 1626 1120 1688 sibi
1149 1627 1241 1689 etiam
1272 1645 1307 1687 os
1335 1645 1430 1705 genae
1463 1627 1637 1702 obstitisse,
1672 1647 1731 1707 qno

371 1713 471 1776 ninas
490 1714 571 1777 oculi
594 1714 709 1795 pupilla
731 1722 782 1777 sat
803 1715 969 1797 propinque
992 1716 1249 1778 circumferentiae
1279 1715 1389 1795 eapitis
1413 1716 1604 1778 instrumenti
1627 1716 1728 1797 appli-

372 1809 503 1865 metus.

459 1890 529 1952 linc
552 1889 617 1970 ipse
641 1890 759 1971 quidem
792 1911 915 1955 eausam
948 1892 1066 1954 confert
1095 1892 1179 1954 visus
1209 1890 1371 1954 etiamnum
1405 1892 1584 1955 aberrantis.
1629 1890 1676 1953 Δι
1696 1898 1732 1955 nt

375 1978 539 2042 merom
560 1986 595 2040 et
616 1998 651 2041 os
675 1996 771 2058 genae
794 1980 970 2056 obstitisse,
1002 1989 1075 2060 puto
1099 1990 1201 2043 tamen
1224 1980 1414 2059 potissimam
1439 1980 1560 2061 culpam
1580 1979 1732 2043 resedisse

374 2069 402 2130 ἰι
423 2084 474 2136 eo.
496 2067 577 2147 qnod
599 2085 667 2129 non
690 2087 733 2130 ex
755 2069 913 2149 pupilla,
936 2069 1016 2150 qnod
1039 2069 1141 2150 Tyebo
1161 2068 1263 2130 Brahe
1287 2068 1430 2149 ponebat,
1453 2069 1580 2131 radius
1603 2067 1732 2131 viena·

373 2155 418 2219 lis
444 2155 682 2237 potissimum
713 2157 909 2237 procedet,
942 2158 1006 2219 sive
1039 2158 1173 2219 foramen
1204 2175 1299 2218 ureae
1327 2157 1481 2237 intelligas
1508 2176 1563 2220 sen
1592 2174 1732 2219 corneam

373 2245 428 2309 ber
449 2244 662 2325 obtegentsm
694 2253 729 2307 ut
751 2245 816 2327 ipse
840 2264 984 2326 usurpare
1008 2245 1145 2308 videtur:
1176 2246 1231 2306 sed
1255 2264 1292 2305 ex
1315 2245 1413 2307 medio
1436 2245 1518 2324 globi
1541 2252 1666 2325 puncto,
1699 2252 1734 2307 nt

374 2333 433 2413 jn
460 2333 602 2396 mirice
630 2334 668 2395 de
695 2334 779 2395 radio
807 2334 916 2396 visuali
948 2334 1055 2414 loquar
1085 2352 1153 2395 cum
1183 2333 1309 2413 antiqua
1334 2331 1471 2395 Euclidis
1499 2333 1614 2396 schola.
1664 2333 1732 2395 Hoc

375 2422 471 2503 ὶμιιι
493 2420 599 2503 Tycho
621 2421 728 2484 melius
751 2424 957 2492 considerans,
981 2442 1059 2485 anno
1082 2420 1137 2486 85.
1162 2423 1201 2484 ad
1224 2419 1451 2501 Landgravium
1473 2422 1604 2484 Hassiae
1627 2421 1734 2484 scribit

375 2510 403 2573 ir
423 2511 507 2573 huuc
529 2510 658 2584 undum,
682 2510 733 2573 ful.
757 2507 788 2574 8.
813 2512 838 2572 Ι.
864 2511 951 2573 Tomi
973 2510 1072 2591 Epist.
1106 2521 1166 2575 Nee
1183 2520 1257 2575 enirn
1277 2528 1400 2576 centrum
1419 2521 1496 2576 ῖίιιιι
1516 2526 1611 2575 sanun
1631 2519 1733 2574 instru-

376 2600 459 2658 uti
478 2606 550 2671 apta
569 2599 643 2655 uniri
661 2607 771 2671 potest,
799 2619 851 2656 nen
870 2602 981 2671 pupilla
1004 2601 1077 2655 oculi
1103 2601 1185 2655 binas
1206 2601 1305 2656 stellas
1325 2601 1457 2655 intumo
1490 2601 1604 2655 immota
1630 2604 1733 2661 ιιιιιοι,

376 2690 443 2745 ds
463 2695 591 2744 sentm
610 2688 686 2743 risus
707 2689 791 2744 etisun
812 2691 1016 2762 aliquantulum
1028 2689 1132 2744 variari
1150 2688 1334 2744 necessarium
1353 2688 1455 2744 evadit.
1491 2679 1601 2741 Adhuc
1616 2677 1734 2758 quidem

376 2766 530 2831 annuunt
553 2785 570 2828 e
596 2766 712 2846 pupilla
744 2769 846 2847 egredi
876 2768 1019 2831 visorium
1051 2768 1168 2830 redium
1200 2777 1343 2847 tauquam
1375 2785 1392 2827 e
1420 2777 1544 2841 centro,
1582 2765 1636 2829 sed
1669 2783 1736 2827 oum

377 2855 501 2931 videret,
524 2873 584 2917 non
608 2856 745 2917 sufficere
769 2857 945 2919 distantiam
968 2856 1136 2935 superficiei
1160 2856 1239 2918 oculi
1262 2876 1281 2916 a
1303 2862 1407 2917 centro
1430 2853 1638 2929 instrumenti,
1660 2871 1735 2933 par·
1853 2853 1856 2860 '

378 2951 434 3008 tan
456 2943 661 3006 aberrationis
689 2943 783 3007 etiam
806 2946 835 3007 in
858 2946 990 3026 pupillae
1020 2945 1253 3007 translationem
1285 2945 1415 3017 confert,
1447 2944 1526 3024 qnod
1548 2944 1639 3025 plane
1661 2940 1734 3003 nibil

378 3032 456 3096 alind
473 3040 526 3094 sst
547 3050 637 3111 qnam
660 3032 716 3094 hoc
738 3032 847 3113 ipsum,
872 3035 950 3114 quod
972 3041 1109 3097 centrum
1131 3033 1215 3095 visus
1237 3041 1308 3112 post
1329 3031 1474 3112 pupillam
1488 3034 1574 3106 latet,
1597 3029 1734 3091 eductis-

379 3140 429 3201 que
452 3139 471 3183 s
495 3121 578 3182 visus
602 3128 706 3182 centro
738 3121 854 3184 duabus
885 3122 985 3197 lineis,
1010 3122 1112 3201 aliqua
1141 3122 1219 3184 oculi
1252 3120 1426 3199 superinies
1456 3118 1654 3199 intercipitur,
1678 3136 1735 3179 nec

379 3208 492 3272 duecte
512 3227 582 3270 esse
605 3210 885 3291 potest'utrinsqoe
908 3212 1017 3273 stellae
1039 3208 1133 3285 visio,
1168 3210 1223 3272 nisi
1249 3217 1385 3272 nentrum
1408 3209 1559 3290 pupillas,
1593 3213 1734 3270 manente

380 3298 452 3361 oculi
474 3305 591 3369 centra
617 3317 655 3358 ex
677 3298 776 3360 altera
799 3298 944 3361 linearum
967 3299 996 3362 in
1020 3299 1150 3363 alteram
1173 3299 1386 3360 transferatur.

461 3395 549 3458 Haec
572 3393 673 3474 itaque
696 3396 774 3457 oculi
799 3397 953 3474 quantitas
973 3396 1235 3459 observationibus
1258 3395 1409 3458 accuratis
1432 3394 1522 3457 affert
1535 3393 1734 3467 incommoda,

380 3501 450 3563 quse
472 3482 668 3562 Hipparchus
691 3483 761 3545 olim
784 3485 988 3547 declinaturus
1012 3486 1147 3565 dioptrae
1162 3484 1338 3557 introduxit
1363 3491 1398 3547 ut
1420 3481 1635 3562 angustissimo
1651 3483 1734 3544 fora-

379 3572 452 3634 mine
473 3571 516 3632 ad
538 3572 657 3633 oculum
680 3573 843 3652 applicato,
866 3575 894 3636 si
915 3592 971 3654 per
992 3573 1065 3637 illud
1089 3574 1193 3636 oculus
1217 3574 1257 3635 ad
1280 3572 1433 3652 utriusque
1457 3571 1567 3633 stellae
1591 3570 1638 3631 vel
1653 3588 1736 3632 mar·
1863 3606 1867 3613 ·

380 3660 454 3737 unis
476 3657 596 3723 Solaria
619 3660 769 3740 dioptrarn
797 3663 975 3742 respiceret,
1005 3662 1064 3724 bae
1092 3660 1230 3741 geminae
1255 3660 1342 3742 ὁψιις
1364 3679 1433 3721 sese
1455 3660 1486 3721 in
1509 3660 1566 3721 hoc
1590 3657 1736 3720 foramine

380 3758 458 3811 certo
482 3756 634 3822 secarent,
658 3768 713 3811 nec
737 3758 821 3812 esset
842 3751 985 3814 sectionis
1000 3751 1088 3830 bujns
1102 3759 1246 3831 punctum
1267 3769 1321 3829 per
1339 3747 1532 3810 fatitudinem
1546 3745 1626 3809 oculi
1640 3762 1734 3825 quae·

381 3838 509 3900 rendum.
556 3837 649 3917 idque
674 3837 866 3903 Ptolemaeus
889 3849 938 3901 est
960 3839 1106 3902 imitatus.
1152 3839 1250 3901 Hodie
1274 3856 1327 3918 pro
1351 3836 1472 3916 dioptra
1496 3836 1604 3898 rimam
1635 3832 1734 3896 subti-

381 3924 524 3988 lissimam
548 3925 699 3998 elbcinnt,
724 3928 836 3989 erectis
860 3929 975 3990 duobus
998 3928 1178 4007 pinnacidiis
1200 3946 1277 4007 pene
1301 3946 1369 3988 sese
1393 3923 1645 4003 contingentibus.
1691 3920 1737 3983 At

380 4032 414 4076 ne
435 4013 506 4077 hnic
529 4013 650 4093 quidem
673 4014 765 4077 rimae
788 4016 968 4096 praesertim
992 4017 1021 4077 in
1046 4016 1233 4078 brevioribus
1256 4014 1411 4078 distantiis
1435 4013 1581 4075 fidendum
1597 4016 1737 4073 auctores

379 4110 533 4181 putarunt.
580 4100 660 4172 Quin
684 4104 777 4165 etiam
799 4105 829 4166 in
854 4105 982 4185 dioptris
1011 4105 1049 4165 ad
1072 4105 1180 4166 stellas
1203 4102 1434 4185 respicientibus
1464 4101 1536 4163 illud
1557 4098 1737 4163 incommodi

379 4200 512 4255 notatum
537 4190 722 4272 aTychone,
748 4195 876 4273 quodsi
901 4194 1049 4256 foramina
1071 4195 1133 4255 sint
1146 4193 1258 4268 tenuia,
1283 4191 1391 4255 stellas
1410 4190 1571 4262 occultent,
1595 4189 1641 4250 sin
1656 4189 1738 4263 laxa,

377 4299 431 4341 non
454 4287 581 4343 sonent
601 4279 779 4359 imperatam
809 4283 1015 4361 scrupulorum
1048 4281 1257 4344 subtilitatem.
1304 4282 1471 4360 Propterea
1493 4278 1545 4341 alii
1567 4277 1737 4342 remotioris

378 4368 514 4449 dioptrae
539 4369 605 4430 loeo
628 4369 780 4431 collocant
801 4369 1032 4432 minutissimum
1056 4371 1226 4449 globulum,
1252 4370 1366 4431 ansulis
1391 4367 1420 4430 in
1443 4366 1541 4428 medio
1565 4367 1736 4449 perforatae

378 4457 508 4521 tabellae
541 4459 706 4532 firmatum,
740 4458 953 4538 collimantque
982 4459 1021 4519 ad
1053 4460 1162 4522 stellas
1193 4477 1252 4519 non
1281 4456 1469 4537 inspiciendo
1506 4457 1560 4518 sed
1596 4454 1736 4535 tegendo.

377 4544 437 4609 Atii
458 4546 491 4609 in
515 4546 677 4609 fenestella
700 4546 834 4609 tabellae
857 4547 970 4613 laxiore
995 4547 1080 4611 binas
1103 4547 1233 4609 chordas
1255 4544 1439 4609 decussatim
1457 4545 1561 4623 figunt,
1585 4551 1621 4607 nt
1641 4541 1737 4606 sectio

379 4644 510 4698 seruum
533 4634 663 4697 sitrico
688 4634 826 4715 dioptrae
849 4644 903 4698 sut
924 4635 1049 4715 globuli.
1095 4634 1238 4699 Ceterum
1261 4639 1448 4697 evanescunt
1469 4652 1524 4695 sen
1546 4632 1661 4713 globuli
1679 4648 1736 4694 sen

379 4740 478 4787 cruces
503 4723 536 4787 iu
559 4722 703 4801 tenebris,
727 4732 759 4785 et
781 4725 910 4787 candela
933 4725 1057 4788 admota
1078 4724 1163 4786 visus
1191 4724 1362 4803 impeditur.
1408 4722 1539 4801 Propter
1565 4722 1640 4784 haec
1670 4737 1738 4782 cunr

380 4809 534 4876 incitima
559 4820 623 4875 tum
652 4812 684 4875 in
712 4813 924 4876 remotioribus
951 4812 1077 4892 dioptris
1105 4812 1309 4886 incommoda,
1344 4810 1427 4873 nulla
1457 4811 1592 4890 Tychoni
1614 4809 1737 4873 Braheo

382 4898 442 4961 risa
463 4909 514 4963 est
536 4900 705 4981 expeditior
727 4902 899 4965 collimandi
922 4902 1001 4964 ratio
1027 4910 1097 4981 post
1120 4902 1291 4963 diuturnum
1321 4919 1427 4969 usum.
1460 4917 1550 4979 quam
1572 4917 1627 4979 per
1650 4898 1737 4961 binas

383 4986 598 5070 inqusmlibet
620 4989 743 5053 stellam
766 4991 898 5053 suemus
924 4991 1020 5053 lineas
1052 4990 1232 5071 parallelas,
1266 4985 1411 5050 adhibitis
1443 4988 1482 5049 ad
1510 4987 1598 5050 binas
1627 4986 1736 5051 stellas

384 5073 455 5141 bina
481 5077 756 5142 observatoribus:
795 5088 827 5141 st
855 5079 942 5143 oculo
973 5079 1135 5160 singulari,
1170 5085 1218 5141 tot
1248 5075 1418 5141 nominibus
1450 5074 1609 5147 insidioso,
1645 5078 1735 5155 plane
