4584 6192
956 537 1124 618 σπη’-σι.
1250 513 1255 518 ’
1491 583 1495 588 -
1654 565 1720 632 ssa

455 743 538 803 Tunc
562 743 654 816 icitur
671 743 700 803 In
725 745 836 808 schem.
855 742 909 808 28.
935 763 1029 807 cavae
1054 744 1144 806 lentis
1169 754 1200 806 et
1224 745 1300 806 oculi
1330 745 1407 806 situs
1430 744 1488 808 erit
1511 747 1589 808 iuter
1612 747 1723 809 lentem

366 851 533 893 convexam
548 833 604 892 AB
628 840 659 892 et
678 844 789 910 puncta
812 854 973 895 concursus
988 836 1025 907 D,
1041 836 1084 906 F;
1108 834 1150 894 sit
1169 835 1198 895 in
1215 833 1270 906 IG,
1294 843 1394 896 certus
1411 834 1501 915 igitur
1516 837 1573 896 erit
1588 836 1723 899 modulus

367 921 600 998 convergeutiae
633 922 782 983 radiorum
806 925 863 994 sl,
893 922 954 984 IIG
988 923 1097 998 angulo
1130 921 1221 984 IFG:
1255 943 1330 1003 quae
1361 925 1591 1003 convergentia,
1625 933 1659 985 ut
1686 945 1723 987 ue

368 1010 514 1089 Impediat
537 1009 710 1070 distinctam
735 1013 888 1085 visionem,
913 1012 1049 1073 tollenda
1071 1023 1119 1071 est
1142 1013 1189 1072 veI
1214 1013 1279 1073 sola
1303 1030 1356 1090 pro
1380 1012 1465 1074 oculo
1490 1015 1667 1092 πρεσβυτου,
1692 1021 1725 1074 ut
1758 1085 1767 1096 ,

368 1099 446 1160 radii
480 1099 553 1159 liant
584 1100 736 1176 paralleli,
770 1104 817 1161 rel
850 1102 971 1180 insuper
1007 1102 1098 1160 etiam
1132 1100 1301 1162 inducenda
1331 1100 1520 1179 divergentia
1552 1121 1606 1181 pro
1638 1102 1724 1163 oculo

366 1209 499 1263 μυωπος.
552 1188 646 1268 Atqui
678 1207 731 1265 per
764 1190 845 1252 clv.
880 1200 1034 1270 utrumque
1066 1190 1213 1267 praestari
1246 1195 1348 1268 potest
1380 1209 1434 1268 per
1476 1209 1581 1251 earam
1614 1191 1725 1252 lentem

368 1277 500 1357 positam
525 1277 552 1334 iu
578 1277 677 1356 aliquo
702 1289 811 1356 puncto
836 1289 906 1339 ante
931 1298 1091 1339 concursus
1115 1287 1236 1356 puncta.
1285 1279 1372 1340 Illam
1396 1296 1466 1339 vero
1495 1291 1632 1358 oportere
1657 1299 1724 1342 esse

369 1365 475 1427 minori
500 1364 610 1425 circulo
629 1384 744 1440 caram,
771 1387 857 1447 quarn
874 1389 931 1447 quo
956 1368 1048 1428 utitur
1069 1385 1212 1432 convexa.
1239 1367 1462 1428 demonstratur
1477 1375 1510 1428 ut
1524 1386 1608 1446 prop.
1626 1365 1726 1429 CVII.

369 1455 431 1516 Sed
456 1463 488 1512 et
511 1473 615 1513 caram
640 1456 725 1515 oculo
750 1457 884 1517 solitarie
908 1457 1041 1535 proxime
1066 1457 1247 1535 applicatam
1277 1462 1397 1535 oportet
1420 1456 1546 1517 confusa
1568 1462 1725 1534 praestare
1781 1449 1785 1456 ’

369 1542 510 1603 risibilia.
558 1540 639 1611 Quia
662 1544 691 1603 id
716 1547 793 1624 quod
824 1547 959 1606 medetur
992 1545 1156 1607 confusioni
1185 1564 1239 1623 per
1267 1563 1446 1618 convexum,
1483 1552 1603 1623 oportet
1635 1544 1727 1605 etiam

370 1641 528 1712 praestare
553 1632 757 1693 confusionem
781 1653 817 1694 ex
841 1654 934 1694 causa
957 1635 1118 1695 contraria.

460 1721 537 1780 Esto
561 1722 692 1781 seeundo
716 1722 790 1783 baec
814 1724 946 1803 qualitas
966 1724 1043 1784 situs
1067 1723 1154 1793 oculi,
1180 1730 1212 1781 ut
1228 1722 1391 1782 collocetur
1414 1727 1501 1780 extra
1517 1729 1628 1799 puncta
1652 1739 1726 1780 con-

370 1829 493 1882 cursuS,
529 1815 561 1868 ut
585 1810 610 1870 si
642 1811 670 1870 in
695 1812 804 1874 schem.
831 1810 883 1874 28.
910 1821 991 1872 esset
1017 1812 1044 1872 In
1069 1811 1132 1884 ΟΡ,
1160 1819 1246 1870 extra
1270 1811 1306 1882 D,
1333 1811 1365 1871 F.
1414 1809 1496 1869 Tunc
1529 1808 1621 1887 igitur
1653 1828 1729 1869 cara
1805 1817 1810 1824 '

371 1901 438 1961 lens
463 1897 616 1976 applicata
640 1900 719 1959 intra
733 1899 884 1978 'punctum
910 1901 1113 1961 concursusD
1136 1900 1184 1959 vel
1200 1901 1225 1960 F
1248 1917 1301 1976 per
1316 1897 1399 1959 CIV.
1425 1908 1581 1976 praestare
1604 1897 1726 1975 poterit,

371 2001 405 2048 ut
429 1987 527 2047 nullus
552 1988 605 2046 liat
628 2007 806 2064 concursus,
835 1991 888 2049 sed
914 1998 947 2049 nt
970 1989 1045 2050 radii
1074 1989 1181 2049 iterum
1211 1988 1389 2065 diversant:
1421 1986 1519 2046 etsie
1545 1985 1667 2047 veniant
1689 1986 1729 2046 ad

372 2076 490 2136 oculum
516 2074 580 2135 ΟΡ.
628 2077 834 2139 Veruntamen
860 2079 888 2138 in
919 2080 973 2138 lroc
1003 2097 1075 2138 casu
1108 2078 1220 2137 multae
1253 2077 1441 2153 requituntur
1473 2074 1727 2136 circumstantiae.

374 2166 505 2226 Primum
535 2165 612 2224 euim
646 2165 757 2228 lentem
791 2188 895 2227 caram
930 2186 997 2226 esse
1027 2175 1146 2244 oportet
1177 2184 1269 2243 parvo
1303 2163 1421 2226 circulo.
1468 2163 1548 2224 Nam
1571 2164 1597 2224 si
1621 2181 1730 2242 magno

372 2272 448 2315 cara
473 2262 565 2318 esset,
590 2253 719 2315 universi
745 2257 819 2316 radii
840 2256 999 2326 interdD,
1016 2255 1071 2315 BD
1095 2273 1219 2333 parram
1236 2254 1300 2330 ejus
1325 2253 1491 2331 portionem
1516 2252 1731 2331 interciperent

373 2342 540 2423 proximam
565 2344 814 2421 perpendiculari,
841 2347 965 2423 ideoque
990 2344 1018 2403 iu
1044 2343 1223 2404 refractione
1247 2342 1332 2421 parri
1356 2342 1481 2402 effectus
1505 2348 1536 2400 et
1559 2361 1618 2402 nou
1642 2339 1730 2412 tantI,

373 2450 433 2512 quo
457 2430 522 2491 tolli
556 2439 659 2510 posset
691 2435 915 2513 conrergentia.
963 2434 1027 2492 IIoc
1052 2440 1100 2493 est
1128 2432 1195 2491 bule
1229 2431 1313 2490 casui
1346 2448 1499 2490 commune
1529 2449 1595 2490 eum
1627 2428 1729 2508 priori.

375 2519 492 2581 Deinde
518 2520 542 2579 si
568 2519 632 2579 leus
661 2530 709 2581 est
740 2541 833 2599 parra
867 2522 977 2583 circulo
1008 2540 1099 2596 cara,
1133 2527 1167 2581 ut
1199 2519 1417 2596 divergentiam
1450 2517 1589 2579 inducere
1623 2517 1730 2596 possit,

375 2621 476 2670 tamen
508 2609 699 2687 dir-ergentes
733 2611 799 2671 illos
833 2630 889 2671 non
924 2610 1017 2670 mittit
1049 2629 1152 2671 onrues
1176 2609 1216 2669 ad
1245 2608 1376 2679 oculum,
1412 2608 1499 2683 longe
1533 2613 1621 2667 extra
1643 2606 1732 2680 D,F

374 2717 537 2760 concursus
557 2707 668 2776 puncta
683 2700 872 2761 collocatum.
911 2701 989 2760 Nam
1005 2697 1030 2758 si
1045 2699 1121 2761 radii
1136 2698 1305 2770 diveraunt
1330 2696 1473 2755 aberrant
1495 2694 1584 2770 igitur
1603 2695 1731 2755 cIreum·

374 2787 457 2847 circa
480 2786 519 2846 ab
552 2787 637 2847 oculo
670 2788 783 2848 eminus
815 2790 925 2868 posito.
973 2787 1193 2866 Relinquantur
1227 2786 1317 2850 icitur
1346 2782 1517 2863 paucissimi
1548 2801 1601 2861 per
1633 2783 1732 2861 Ipsum

374 2894 529 2938 convexae
554 2874 644 2935 lentis
669 2875 838 2937 umbilicum
862 2881 930 2948 (ant
953 2876 1034 2936 aliud
1058 2876 1179 2954 aliquod
1203 2875 1266 2952 ejus
1290 2881 1431 2951 punctum
1459 2891 1513 2951 pro
1538 2872 1599 2932 situ
1623 2873 1733 2944 cavae)

375 2963 611 3044 angustissimae
639 2964 785 3044 portionis
814 2965 983 3026 transmissi
1010 2965 1038 3025 in
1063 2964 1161 3043 Ipsum
1194 2963 1315 3023 fundum
1339 2963 1368 3021 D
1392 2979 1484 3020 cavae
1520 2959 1608 3020 lentis
1640 2977 1732 3039 prope

375 3052 667 3134 perpendicularem,
692 3054 739 3132 qui
765 3074 839 3133 pene
865 3056 975 3115 nnllam
998 3054 1113 3113 habent
1141 3050 1358 3129 divergentiam
1383 3067 1476 3127 eoque
1499 3067 1554 3128 pro
1577 3047 1733 3127 parallelis

377 3142 482 3204 haberi
515 3152 650 3222 possunt.
712 3141 779 3211 (luo
813 3144 931 3204 nomine
965 3151 1081 3203 tantum
1114 3161 1175 3209 roes
1208 3141 1387 3217 πρεσβυταις
1424 3136 1567 3199 serviunt.
1631 3136 1734 3198 Tertio
1800 3167 1803 3174 ·

376 3231 585 3293 tenuissimam
618 3231 745 3292 risibilis
777 3233 955 3310 particulam
979 3232 1026 3292 bic
1055 3231 1132 3290 situs
1157 3231 1195 3289 ad
1227 3229 1344 3291 oculum
1374 3225 1576 3299 transmittet,
1610 3231 1735 3305 propter

377 3320 457 3382 oculi
473 3318 528 3379 ΟΡ
551 3320 771 3398 elongationem
795 3330 827 3380 et
850 3322 887 3380 ab
903 3322 959 3382 AB
985 3322 1065 3380 lente
1089 3337 1225 3380 convexa
1249 3323 1317 3396 (per
1336 3316 1433 3388 dicta)
1458 3323 1489 3376 et
1507 3336 1526 3374 a
1544 3333 1621 3374 cava
1644 3332 1736 3393 supra

377 3411 407 3470 D
431 3409 478 3468 vel
504 3410 528 3468 F
551 3410 679 3470 treanta
706 3429 759 3488 per
782 3408 916 3482 XCVII,
945 3418 977 3470 et
1007 3409 1128 3487 insuper
1160 3408 1188 3468 id
1221 3404 1359 3487 quicquid
1393 3415 1440 3466 est
1474 3404 1593 3464 minimo
1626 3403 1735 3481 angulo

376 3518 432 3578 per
455 3495 605 3560 XCVIII.

470 3585 553 3648 CIX.
599 3585 825 3663 Propositio.
873 3588 905 3646 In
931 3585 1137 3647 instrumentis
1163 3584 1278 3660 majora
1302 3591 1334 3642 et
1357 3580 1502 3640 distIncta
1526 3576 1736 3638 exhibentibus

379 3675 514 3738 risibilia
543 3676 624 3734 nulla
653 3693 728 3734 cara
754 3676 818 3735 lens
838 3676 926 3736 valde
947 3676 1033 3752 longe
1054 3674 1143 3735 abest
1158 3693 1177 3730 a
1191 3671 1310 3749 punctis
1335 3687 1507 3740 concursus,
1530 3674 1603 3746 post
1626 3663 1736 3725 lentem

378 3783 547 3828 conr-exam
572 3763 782 3825 existentibus.

468 3853 549 3915 Nam
573 3853 597 3912 si
623 3872 711 3931 quam
735 3851 796 3912 lieri
818 3860 920 3930 potest
943 3851 1074 3912 maxima
1098 3854 1337 3926 repraesentent,
1362 3863 1468 3905 caram

379 3948 493 4006 Ientem
517 3949 635 4019 oportet
655 3959 722 4000 esse
743 3941 876 4019 proxime
896 3941 1012 4000 oculum
1034 3959 1088 4019 per
1105 3937 1254 3999 XCVIII.
1295 3935 1468 3997 Convexam
1551 3936 1554 3939 ’

378 4054 452 4095 vero
469 4032 555 4108 longe
576 4030 614 4090 ab
631 4029 714 4089 oculo
731 4049 783 4107 per
795 4029 957 4090 LXXXII.
983 4027 1083 4098 Quare
1099 4037 1130 4087 et
1145 4027 1233 4103 louge
1253 4025 1365 4085 alente
1377 4039 1468 4089 cava;

379 4132 412 4183 et
441 4131 541 4182 tamen
572 4118 661 4179 lentis
690 4137 782 4178 cavae
817 4119 898 4177 Iocus
926 4136 980 4195 per
1004 4118 1088 4179 clt'.
1118 4124 1167 4175 est
1196 4114 1274 4175 inter
1307 4129 1470 4172 convexam

380 4222 412 4273 ct
436 4209 503 4289 ejus
535 4214 677 4286 punctum
707 4225 877 4267 concursus.
930 4205 963 4266 Si
993 4225 1064 4282 ergo
1093 4223 1228 4264 conrexa
1262 4212 1309 4261 est
1338 4201 1423 4276 longe
1452 4221 1471 4258 a

380 4321 460 4362 rava
483 4305 612 4369 remota,
642 4302 783 4374 punctum
814 4313 974 4355 concursus
999 4295 1057 4355 erit
1079 4292 1245 4372 proximum
1269 4309 1362 4350 carae
1388 4288 1470 4349 lenti.

474 4386 542 4449 Cx.
590 4383 815 4463 Propositio.
862 4384 1024 4463 Proposita
1049 4383 1127 4442 lente
1156 4399 1303 4450 convexa,
1333 4395 1475 4438 cararum

382 4477 509 4540 lentium
533 4473 618 4534 oculo
637 4473 771 4551 proxime
792 4473 1022 4550 applicatarum,
1042 4490 1118 4550 quae
1142 4467 1249 4530 mInori
1273 4468 1383 4528 circulo
1399 4484 1476 4526 cara

381 4575 447 4641 est,
478 4583 515 4622 ea
548 4562 666 4640 longius
697 4582 715 4620 a
747 4580 880 4621 convexo
914 4563 1010 4621 distat
1041 4568 1073 4620 et
1104 4559 1226 4636 propius
1260 4557 1298 4617 ad
1332 4563 1473 4634 punctum

382 4670 548 4716 concursus
573 4651 755 4730 applicanda
780 4659 837 4709 est.

473 4740 582 4802 Lentis
606 4758 758 4799 convexae
779 4739 834 4799 AB
859 4738 957 4816 portin
980 4735 1035 4796 DE
1059 4727 1161 4796 radios
1178 4733 1216 4793 ab
1236 4732 1341 4792 eodem
1366 4737 1477 4808 puncto

385 4833 513 4893 fluentes
538 4827 727 4889 transmittat
750 4837 782 4886 et
806 4827 847 4886 sit
870 4843 1031 4887 concursus
1056 4823 1092 4885 C.

475 4916 552 4980 Cum
585 4915 677 4994 igitur
706 4935 760 4994 per
792 4935 879 4976 unam
921 4914 1030 4975 lentem
1070 4928 1236 4972 convexam
1264 4908 1320 4968 AB
1360 4905 1478 4984 (ejusve

384 5006 553 5089 portionem
587 5004 642 5064 DII
675 5024 764 5064 naam
797 5012 829 5064 et
868 5002 1010 5070 eandem)
1048 5001 1153 5062 cadem
1184 4997 1225 5057 sit
1265 4993 1481 5072 consurgentia

384 5095 537 5161 radiorum
560 5091 627 5166 Dc,
651 5091 717 5162 EC,
743 5112 832 5155 unum
856 5100 889 5152 et
911 5092 988 5151 idem
1019 5088 1109 5150 debet
1136 5083 1272 5147 adhiberi
1303 5082 1481 5154 remedium,
