4584 6192
1032 606 1114 671 crpus
1130 606 1245 659 xxvrm
1744 607 1807 676 723

433 845 436 855 ,
465 778 573 840 sideris
597 754 799 863 conspectum.
837 785 981 845 Testatur
1002 783 1033 845 id
1054 783 1183 846 historia
1205 783 1313 864 capitis
1335 786 1361 847 I.
1399 787 1464 848 Hoc
1487 786 1604 849 nomine
1629 786 1808 868 significavit

449 869 557 960 =stella
580 872 680 933 varios
704 892 846 942 rumores,
871 874 971 934 varias
995 872 1193 935 ominationes
1217 876 1263 935 de¹
1277 875 1366 936 rebus
1390 874 1511 951 futuris,
1536 877 1807 951 consternationem

465 965 497 1018 et
521 967 672 1039 stuporem
694 963 793 1042 vulgi,
818 962 911 1023 multa
934 963 1092 1024 multorum
1116 963 1309 1066 negotiqrurn
1329 963 1554 1042 impedimenta,
1582 965 1692 1030 multas
1716 986 1806 1029 occu-

465 1048 605 1128 pationes
628 1069 732 1112 novas
779 1050 858 1123 Quid
884 1052 1009 1132 singulis
1033 1052 1192 1127 acciderit,
1222 1050 1280 1132 ipsi
1304 1052 1426 1114 dicant.
1457 1072 1504 1115 me
1528 1054 1612 1134 quod
1627 1055 1753 1133 attinet,
1776 1054 1808 1118 in

464 1138 653 1217 praefatione
677 1141 849 1204 recensui.

555 1228 605 1289 Ad
628 1228 800 1302 Saturnum,
823 1228 945 1302 Jovem,
969 1227 1113 1302 Martem,
1145 1231 1191 1290 ad
1208 1230 1355 1291 Venerem
1379 1238 1413 1291 et
1433 1229 1612 1294 Mercurium
1639 1239 1707 1294 erat
1737 1231 1808 1295 ιιιιιιί

466 1316 705 1395 respiciendum
734 1319 839 1400 quibus
869 1317 987 1381 omissis
1011 1326 1042 1378 et
1064 1318 1159 1379 dilato
1187 1317 1288 1380 labore
1316 1317 1517 1398 investigandi
1540 1326 1639 1385 motos
1661 1317 1808 1401 perennes

465 1423 504 1466 ex
528 1407 795 1470 observationibus
810 1407 993 1470 Braheanis
1009 1408 1110 1468 oculos
1134 1408 1171 1467 ad
1192 1425 1298 1468 novum
1323 1409 1404 1469 sidus
1428 1407 1583 1483 converti,
1594 1408 1624 1469 in
1648 1427 1684 1470 ιο
1706 1417 1806 1484 mutua

465 1496 559 1556 haesi.
607 1494 744 1567 Quaeras
769 1497 838 1579 quid
861 1496 1049 1577 portenderit
1071 1515 1180 1558 novum
1207 1497 1313 1559 sidus?
1347 1498 1493 1560 Nimirum
1516 1457 1628 1560 mnitas
1650 1493 1807 1562 multomm

465 1585 644 1664 scriptiones
666 1586 702 1646 de
722 1606 799 1648 novo
819 1586 926 1661 sidere,
952 1586 1063 1647 ninltas
1083 1573 1335 1667 typographorum
1358 1584 1582 1691 occupationes,
1604 1606 1678 1670 quoa
1695 1578 1808 1651 lucrum

465 1683 498 1735 et
520 1675 705 1738 conscientia
733 1674 916 1738 curiositatis
943 1673 1094 1736 hominurn
1121 1674 1313 1738 inducebat.
1337 1674 1472 1747 Qnae'
1448 1695 1474 1737 ιι
1496 1676 1651 1755 panciores
1681 1677 1806 1752 ilrerdut,

466 1782 556 1842 qnam
580 1764 608 1824 in
633 1762 761 1844 pagellis
785 1764 859 1826 meis
884 1764 1043 1826 vernaculo
1075 1764 1217 1825 idiomate
1250 1764 1370 1844 scriptis
1400 1764 1549 1826 ominatos
1573 1784 1656 1841 sum,
1688 1765 1808 1842 nescio;

464 1853 541 1915 illud
569 1853 641 1927 scio,
666 1862 698 1915 et
720 1874 767 1916 me
790 1872 925 1955 operam·
944 1853 1079 1940 dedisse,
1113 1871 1149 1913 ne
1177 1853 1348 1916 vaticinium
1380 1853 1453 1915 illud
1485 1872 1582 1917 meum
1612 1853 1808 1958 meis-ipsius

465 1942 596 2022 pagellis
619 1942 800 2021 impleretur,
813 1943 942 2004 -excusis
968 1961 1024 2004 non
1040 1942 1106 2021 plns
1126 1942 1262 2004 ducentis
1286 1942 1505 2023 exemplaribus
1529 1943 1689 2025 additoque
1713 1943 1807 2007 inter-

467 2032 613 2092 diotone
638 2031 716 2111 quis
749 2032 933 2106 imitetur,
968 2039 997 2092 et
1021 2031 1111 2092 alium
1134 2032 1305 2112 Amhergae
1337 2033 1491 2116 sedentem
1522 2031 1599 2094 hanc
1629 2050 1752 2107 vocem,
1775 2040 1810 2095 ut

466 2139 534 2182 earn
558 2120 686 2206 ιιιιιρίι,
710 2122 831 2201 perinde
855 2129 945 2200 atque
967 2120 1046 2182 solet
1068 2120 1151 2195 echo,
1175 2121 1358 2195 reddidisse,
1383 2109 1522 2182 imitati
1549 2128 1634 2184 sunt
1655 2121 1808 2184 ihm-ber-

466 2230 615 2289 gauses,
639 2210 749 2272 imitati
774 2211 891 2291 quidem
914 2220 982 2272 sunt
1008 2210 1090 2271 ethi
1114 2218 1145 2270 et
1168 2210 1416 2315 Argentinenses5
1453 2211 1574 2293 Itaque
1583 2210 1742 2316 gratiam
1733 2210 1807 2292 rpsis

466 2299 578 2371 habeo,
603 2300 651 2378 qui
676 2300 847 2361 vaticinium
870 2318 966 2364 meum
991 2287 1241 2377 adimpleverunt,
1266 2319 1333 2361 mea
1355 2299 1449 2379 ipsius
1472 2300 1586 2379 opella,
1611 2300 1808 2364 citrensem

466 2407 608 2468 operam.
627 2395 723 2461 (comp.
745 2393 808 2446 vol?
819 2398 840 2452 Ι,
859 2412 883 2461 p.
904 2392 976 2451 063.)
1595 2415 1597 2420 ·

555 2478 650 2539 Estne
674 2496 744 2539 vero
769 2478 838 2558 quid
855 2476 1004 2556 amplios,
1029 2477 1106 2579 quod
1130 2477 1317 2555 portenderit
1338 2477 1394 2537 hoc
1420 2475 1536 2538 sidus
1527 2496 1557 2537 m
1581 2478 1659 2540 meis
1679 2476 1810 2540 studiis?

466 2565 604 2638 Quidni?
634 2566 873 2646 Descriptionem
907 2565 1013 2647 quippe
1044 2565 1108 2644 ejus
1140 2566 1243 2646 partis
1270 2564 1346 2628 coeli
1369 2584 1426 2626 non
1452 2564 1607 2641 iecissem,
1629 2565 1697 2628 'nisi
1718 2565 1750 2628 in
1773 2586 1810 2629 ea

466 2664 574 2717 exorta
597 2665 679 2716 esset
703 2675 780 2717 nova
811 2652 920 2717 stella':
952 2656 1138 2715 denaturare
1169 2654 1286 2717 arcanis
1310 2655 1366 2717 hoc
1388 2654 1454 2735 ipso
1481 2654 1572 2729 libro,
1603 2674 1689 2738 quem
1712 2654 1810 2718 scribo

466 2764 613 2826 quemque
636 2744 684 2805 hic
712 2746 837 2825 evulgo,
872 2754 932 2806 tam
961 2745 1056 2805 molta
1087 2752 1273 2805 commentus
1300 2764 1356 2807 non
1389 2762 1502 2819 essem,
1536 2744 1656 2808 nisiex
1683 2752 1809 2807 naturae

467 2834 586 2920 arcanis
618 2852 696 2894 nova
728 2834 801 2895 haec
833 2835 924 2896 stella
950 2833 1123 2913 prodiisset.
1171 2835 1275 2913 ltaque
1302 2834 1328 2893 si
1360 2831 1537 2912 quibusdam
1570 2827 1809 2915 philosophorum
1891 2897 1895 2904 ,

467 2923 601 2985 absurda
625 2923 741 2984 videtur
764 2943 832 2983 esse
856 2943 923 2983 mea
946 2923 1020 2984 haec
1039 2941 1118 2983 nova
1140 2921 1349 3003 philosophia:
1374 2921 1504 2984 habeant
1522 2922 1566 2985 illi
1581 2925 1637 2986 hoc
1660 2941 1810 2986 commen-

465 3012 595 3074 tationis
625 3019 811 3092 portentum,
845 3012 928 3091 cujus
952 3029 1044 3073 causa
1067 3010 1218 3072 incensam
1246 3031 1315 3073 esse
1345 3018 1554 3092 portentosam
1577 3012 1660 3075 illain
1679 3009 1809 3076 'stellam

467 3101 569 3163 dicere
593 3101 719 3181 possint,
744 3121 779 3163 ne
804 3101 964 3163 fortasse'
957 3099 1030 3180 ipsis
1054 3100 1224 3162 frustranea
1246 3101 1340 3162 fuisse
1362 3099 1509 3164 videatur.
1590 3118 1592 3122 ’

558 3190 640 3255 Nihil
664 3190 807 3251 horum
799 3210 866 3270 ipsa
889 3209 943 3270 per
965 3208 997 3250 se
1021 3189 1112 3250 stella
1129 3189 1239 3293 ⁸potnit
1266 3208 1322 3252 nec
1353 3190 1507 3272 quicquam
1530 3177 1589 3251 ¹nisi
1613 3189 1788 3271 fulgorem
1780 3209 1810 3255 ru

466 3281 578 3341 Terras
609 3279 738 3341 demisit.
786 3280 845 3342 Sed
871 3300 937 3341 cum
960 3278 1075 3360 species
1109 3278 1173 3358 ejus
1203 3286 1326 3384 recepta
1355 3287 1438 3342 essct
1459 3278 1491 3340 in
1518 3278 1667 3342 hominum
1697 3279 1809 3355 oculos,
1830 3278 1836 3289 '

468 3370 582 3447 illaque
604 3387 657 3450 pro
681 3387 759 3430 nova
782 3370 886 3449 agnita
905 3370 942 3429 ab
958 3368 1145 3444 astronomis,
1170 3386 1218 3448 qm
1211 3368 1310 3430 hanc
1333 3368 1489 3430 scientiam
1507 3388 1571 3444 usu,
1596 3368 1809 3431 exercitatione

468 3457 608 3520 studiove
632 3466 897 3548 comparaverant3
921 3476 1045 3538 cumque
1069 3457 1111 3518 illi
1126 3458 1173 3518 vel
1188 3456 1243 3519 tali
1261 3459 1326 3520 loco
1349 3457 1507 3521 constituti
1530 3464 1642 3536 essent,
1664 3466 1698 3520 ut
1721 3456 1810 3519 oillcii

465 3546 586 3612 ratione
616 3546 656 3608 ad
688 3548 875 3609 scribendum
908 3546 1140 3628 instigarentur,
1174 3548 1222 3609 vel
1257 3555 1352 3610 artem
1388 3546 1608 3626 impressoriam
1638 3553 1811 3609 exercerent

467 3656 563 3717 eaque
591 3636 741 3710 viverent,
771 3645 802 3698 et
825 3637 861 3698 de
884 3636 1034 3698 hominnm
1065 3636 1239 3699 curiositate
1270 3636 1400 3698 scirent:
1433 3634 1515 3696 his
1507 3653 1626 3717 mquam
1657 3634 1756 3697 causis
1778 3635 1809 3698 in

467 3728 565 3789 Terra
588 3726 830 3788 concurrentibus
853 3727 976 3788 effectus
1000 3726 1053 3787 isti
1074 3726 1111 3787 ad
1134 3725 1253 3788 Novam
1277 3723 1404 3786 Stellam
1432 3732 1644 3795 annectuntnr;
1672 3732 1706 3786 nt
1728 3724 1809 3805 apud

467 3815 590 3878 stellam
614 3816 653 3876 sit
669 3815 755 3876 ιιι
726 3815 781 3877 nisi
806 3815 939 3887 occasio,
965 3815 1044 3895 apud
1067 3811 1186 3879 sensum
1204 3832 1280 3875 vero
1304 3813 1410 3875 stellae
1429 3819 1461 3874 et
1475 3812 1580 3893 apud
1571 3832 1653 3893 ipsos
1676 3812 1809 3876 homines

466 3900 514 3969 sit
535 3903 627 3966 totius
655 3924 764 3966 causae
791 3904 999 3987 principatns3
1028 3904 1105 4007 quod
1128 3911 1161 3966 et
1183 3922 1248 3966 cnm
1277 3900 1477 3985 superioribus
1505 3902 1606 3964 multis
1629 3909 1660 3964 et
1682 3917 1754 4003 oum
1770 3901 1808 3965 iis

467 4012 547 4078 quac
570 4002 730 4074 sequentur
751 3995 872 4073 pulchre
895 3993 1073 4076 quadrare
1064 3992 1208 4055 invenies.

559 4082 610 4145 Ad
633 4084 757 4145 eundem
787 4084 905 4146 modum
935 4083 1027 4145 etiam
1050 4082 1075 4144 si
1098 4082 1164 4164 quis
1193 4081 1269 4145 alius
1299 4073 1406 4143 stellae
1438 4098 1543 4143 sensus
1566 4081 1615 4143 vel
1638 4078 1808 4143 aestimatio

440 4183 540 4254 'Iesse
563 4172 674 4252 potnit,
706 4173 908 4253 astrologica
916 4171 1050 4233 nimirum
1074 4179 1126 4233 aut
1152 4170 1299 4252 vulgaris,
1333 4188 1371 4231 ea
1392 4169 1525 4232 homines
1543 4169 1587 4231 ad
1609 4168 1671 4234 alia
1693 4177 1725 4232 ιι
1747 4169 1809 4234 alia

468 4261 573 4344 potuit
603 4261 751 4323 inducere
799 4260 878 4333 Quid
907 4262 932 4323 si
956 4279 1080 4341 namque
1104 4261 1211 4342 vulgus
1248 4258 1411 4335 hominnm,
1449 4258 1647 4322 celebratione
1678 4258 1808 4322 Novae

469 4349 602 4415 stellae
590 4370 623 4411 ιι
639 4351 893 4431 exspectationem
911 4369 1007 4413 rerum
1031 4368 1200 4412 novarum
1215 4357 1357 4426 erectum,
1375 4347 1491 4412 facilius
1506 4368 1573 4411 novr
1565 4347 1658 4431 qnid
1677 4347 1808 4422 admisit,

468 4458 646 4543 ριιιιιιιιιι
670 4439 699 4500 id
723 4440 816 4544 fatale
840 4460 906 4544 esse
930 4448 962 4501 et
984 4439 1166 4544 secessitate
1190 4439 1319 4521 quadam
1350 4437 1530 4519 promoveri,
1563 4438 1687 4501 incensa
1717 4436 1808 4500 ctiam

469 4617 660 4681 Britanniam
694 4619 952 4698 argumentatione
984 4618 1166 4721 astrologica
1195 4616 1309 4681 inducti
1338 4598 1456 4678 stellam
1486 4616 1563 4679 hanc
1591 4615 1699 4680 bonum
1721 4634 1807 4679 omen

469 4706 663 4787 interpretati
685 4714 754 4770 sunt
786 4708 965 4781 (laudabant
991 4708 1067 4771 enirn
1091 4728 1158 4770 eam
1180 4707 1218 4771 ob
1241 4705 1359 4770 luminis
1389 4705 1629 4769 amoenissimum
1660 4705 1806 4786 fulgorem

470 4796 621 4880 plurimi),
646 4804 677 4857 et
699 4798 808 4877 qnod'
801 4819 829 4860 ιι
853 4798 940 4859 domo
963 4796 1049 4860 Jovis
1072 4796 1220 4873 fulsisset,
1254 4813 1342 4857 verae
1373 4782 1509 4873 religioni
1532 4814 1597 4858 eam
1625 4792 1805 4877 patrocinari

471 4886 612 4949 arbitrati
637 4887 740 4969 (quam
764 4907 800 4948 ex
823 4905 876 4948 sno
900 4906 1008 4948 suaeve
1027 4886 1122 4967 partis
1141 4886 1254 4967 judicio
1277 4883 1392 4965 n'triqne
1415 4883 1642 4989 aestimabant),
1664 4883 1718 4946 illa
1740 4881 1807 4944 sual

472 4984 545 5039 sunt
567 4983 727 5051 attentare,
752 4995 826 5055 quae
851 4977 945 5039 omnis
968 4977 1103 5058 loquetur
1123 4970 1311 5056 posteritas?
1334 4971 1413 5045 Quid
1438 4974 1463 5035 si
1487 4974 1614 5049 exstitit,
1639 4973 1688 5056 qui
1710 4989 1804 5035 novae

442 5131 447 5140 ,
471 5066 626 5147 religionis
650 5074 702 5129 aut
724 5078 820 5128 novae
841 5066 926 5146 pacis
949 5066 978 5128 in
1001 5064 1415 5146 religione-commentaretur
1436 5063 1591 5139 articulos,
1616 5063 1804 5126 conmnatus

472 5158 582 5218 stellae
613 5155 700 5239 hujus
730 5154 967 5235 consideratione
990 5175 1048 5218 non
1066 5153 1259 5235 astrologica
1281 5152 1487 5235 sed-simplici
1509 5160 1542 5215 ct
1562 5150 1692 5233 vulgari,
1726 5151 1804 5234 qnod

1534 5254 1595 5310 lt*
