4584 6192
534 593 601 660 200
1006 599 1197 665 Paralipomena
1214 606 1240 652 in
1260 603 1426 651 Vitellionem.

536 791 685 915 r3l⁸⁸⁸¹lfi⁸
706 788 774 880 lPars
798 790 959 869 retractionisl
1039 868 1043 876 ,
1203 792 1209 852 l
1454 789 1457 808 Ι
1509 829 1647 878 vicennarii
1702 814 1704 881 j

582 872 658 914 lautas
678 879 710 913 a*
955 864 1207 921 aAdd1tamentum,
1239 869 1302 915 Tota
1321 867 1421 915 demon·
1577 902 1581 913 .
1630 901 1635 911 .
1749 901 1754 911 .
1849 900 1854 911 .

1501 908 1654 963 exponentia
1723 898 1880 948 Differentiae.

553 936 645 985 vertice
664 937 690 984 in
707 907 710 986 l
729 890 957 1016 ἰξὶῗξῃῗὲἓὲἓὲὶι
998 938 1028 983 oh
1047 946 1170 987 secantes.
1204 930 1457 1040 ptratiraretractia.¹
1502 972 1659 1037 mmm.

533 991 828 1102 ffeli⁰lirffl....‘lk
856 1022 957 1100 “ej
992 1040 1133 1101 ,sgr-J.
1205 1053 1209 1090 r
1279 1045 1316 1085 or.
1354 1045 1382 1081 111.
1455 1078 1457 1081 ,

603 1127 651 1176 rou
707 1119 712 1216 j
786 1129 808 1176 a.
855 1127 896 1178 25.
954 1122 957 1186 ξ
1034 1129 1058 1176 o.
1126 1132 1146 1178 1.
1205 1127 1208 1144 ·
1284 1134 1308 1182 a.
1353 1130 1396 1181 as.
1532 1128 1556 1177 a.
1606 1127 1645 1175 15.
1702 1115 1761 1192 go.
1800 1127 1897 1177 11.-

603 1198 638 1247 20
709 1245 711 1250 ,
785 1198 809 1248 1.
855 1198 896 1246 to.
955 1191 958 1268 ξ
1034 1198 1059 1247 o.
1108 1203 1147 1250 ro.
1206 1259 1208 1264 ¹
1284 1206 1308 1251 1.
1354 1202 1396 1251 59.
1455 1212 1457 1224 ·
1533 1201 1557 1248 1.
1603 1198 1645 1247 30.
1703 1201 1762 1249 -υ,
1799 1198 1895 1249 29.-

604 1268 638 1319 ao
708 1277 712 1334 ς
784 1269 810 1319 a.
858 1269 897 1320 11.
955 1271 957 1284 ·
1033 1269 1058 1320 o.
1105 1269 1147 1320 35.
1205 1289 1209 1297 ·
1284 1276 1308 1321 1.
1354 1273 1396 1323 ro.
1533 1270 1558 1320 7.
1603 1269 1646 1318 ao.
1703 1272 1762 1326 :n
1803 1270 1893 1318 ra·-

604 1339 639 1389 1o
708 1337 711 1390 1
786 1339 810 1390 s.
855 1339 897 1389 ao.
955 1341 957 1350 ·
1037 1345 1059 1389 1.
1105 1343 1148 1391 aa.
1206 1366 1209 1400 4
1271 1348 1309 1394 11.
1371 1345 1396 1391 a.
1455 1346 1457 1364 ²
1520 1344 1559 1391 rr.
1621 1341 1646 1386 o.
1703 1329 1761 1391 'a
1819 1341 1896 1388 a·-

605 1410 639 1460 50
708 1421 731 1480 l·
769 1412 811 1462 12.
874 1410 897 1460 1.
955 1445 958 1470 ,
1036 1412 1058 1458 a.
1106 1414 1147 1462 er.
1206 1409 1209 1418 ·
1269 1418 1309 1464 11.
1357 1414 1398 1463 rs.
1518 1411 1558 1462 15.
1621 1412 1646 1461 o.
1703 1416 1761 1461 ¹o.
1805 1410 1844 1460 11.
1866 1414 1900 1471 γ’·

606 1480 640 1531 oo
709 1487 712 1546 l
769 1482 811 1531 11.
856 1481 898 1532 as.
956 1481 958 1549 ξ
1037 1484 1059 1531 1.
1105 1484 1147 1535 ro.
1271 1488 1310 1536 rs.
1373 1486 1399 1534 a.
1518 1483 1559 1532 1s.
1605 1481 1646 1531 ao.
1704 1479 1762 1532 'o.
1801 1482 1900 1542 eae

606 1553 640 1601 ro
772 1553 809 1601 nr.
857 1553 898 1602 52.
956 1592 958 1604 .
1035 1555 1059 1601 r.
1109 1554 1148 1606 rs.
1207 1567 1210 1616 ;
1269 1558 1311 1607 er.
1360 1559 1400 1606 11.
1518 1555 1558 1602 21.
1605 1553 1646 1602 ao.
1704 1554 1899 1615 ·n.1o.÷

605 1624 641 1673 oo
708 1617 713 1636 ’
771 1623 810 1673 rs.
857 1624 898 1672 17.
956 1627 959 1680 ;
1020 1624 1060 1672 ro.
1107 1627 1149 1675 ra.
1207 1645 1209 1650 ⁴
1269 1629 1310 1676 ao.
1374 1629 1398 1676 o.
1518 1624 1559 1674 ao.
1622 1625 1647 1674 o.
1704 1614 1763 1674 lo.
1819 1625 1844 1671 o.

607 1694 641 1743 oo
770 1695 811 1743 21.
857 1696 899 1744 11.
956 1704 959 1737 1
1022 1696 1147 1745 1117.
1207 1700 1210 1759 ;
1270 1698 1311 1746 as.
1357 1698 1391 1746 ao
1457 1728 1459 1733 ,
1704 1687 1707 1704 '

560 1823 565 1836 ’
629 1839 735 1917 Neque
760 1848 790 1899 tc
815 1848 935 1899 moreat
961 1840 1080 1899 tantilla
1104 1841 1319 1922 discrepantia,
1345 1841 1451 1902 credas
1474 1841 1556 1910 mihi,
1581 1839 1657 1900 infra
1682 1850 1800 1901 tantam
1824 1840 1900 1899 sub-

543 1928 685 1988 tilitatem
710 1927 926 2005 experientiam
951 1929 979 1988 in
1004 1928 1060 1988 hac
1090 1931 1186 1991 minus
1210 1939 1282 2011 apta
1314 1931 1444 1991 materia
1472 1950 1529 1989 non
1561 1929 1754 1990 descendere.
1803 1927 1902 1989 Vides

543 2016 790 2096 inaequalitatem
816 2016 915 2076 inesse
941 2036 1079 2095 magnam
1105 2020 1281 2081 differentiis
1314 2039 1443 2080 mearum
1468 2029 1499 2078 et
1524 2017 1763 2079 Vitellianarum.
1810 2016 1901 2077 Meae

543 2124 614 2166 vero
639 2105 837 2166 retractiones
862 2124 898 2164 ex
929 2107 1113 2185 aequalitate
1138 2119 1168 2169 et
1194 2111 1296 2169 ordine
1325 2108 1480 2187 protectae
1510 2115 1589 2167 sunt.
1637 2107 1717 2185 Ergo
1742 2106 1770 2166 in
1796 2105 1902 2166 Vitel-

544 2194 631 2255 lionis
655 2193 887 2256 retractionibus
912 2196 1001 2273 culpa
1025 2196 1139 2257 haeret.
1188 2199 1223 2259 ld
1249 2206 1335 2258 tauto
1360 2195 1457 2276 magis
1481 2197 1596 2267 credes,
1620 2195 1645 2254 si
1670 2197 1708 2255 ad
1732 2195 1902 2254 incremen-

544 2295 643 2344 torum
667 2284 851 2344 incrementa
873 2284 902 2344 in
928 2284 1092 2346 Vitellione
1117 2288 1295 2365 respexeris
1334 2285 1469 2365 Surgunt
1492 2286 1570 2345 enim
1593 2302 1646 2363 per
1671 2282 1732 2347 30’.
1778 2283 1904 2345 Certum

545 2372 637 2449 igitur
670 2383 737 2441 est,
770 2372 965 2433 Vitellionem
1000 2374 1062 2434 suis
1095 2376 1133 2435 ab
1173 2376 1358 2454 experientia
1391 2373 1489 2453 captis
1522 2373 1752 2434 retractionibus
1783 2391 1904 2432 manum

545 2462 728 2535 admovisse,
754 2460 840 2521 utin
865 2461 1001 2522 ordinem
1025 2462 1093 2523 illas
1116 2484 1171 2543 per
1195 2465 1389 2526 secundorum
1415 2464 1662 2524 incrementorum
1687 2460 1904 2541 aequalitatem

447 2567 454 2573 ·
544 2550 705 2629 redigeret.
762 2548 848 2618 Quae
894 2550 971 2611 eninr
1010 2570 1047 2611 ex
1086 2552 1196 2615 circulo
1240 2554 1434 2614 desumuntur
1469 2559 1570 2614 rectae
1609 2558 1662 2611 aut
1705 2549 1904 2630 qualicunque

545 2638 681 2701 circulari
711 2646 837 2710 natura,
871 2639 968 2716 qualis
997 2648 1045 2700 est
1077 2642 1309 2715 retractionem,
1344 2660 1444 2702 earum
1479 2642 1663 2701 incrementa
1691 2639 1720 2699 in
1752 2639 1899 2700 inlinitum

545 2726 709 2794 variantur,
735 2746 882 2806 nunqnam
908 2729 1047 2807 aequalia
1070 2731 1152 2791 liunt.
1462 2725 1464 2731 ’
1790 2797 1805 2818 ,

636 2816 850 2895 Propositio
884 2817 939 2877 lX.
997 2818 1157 2880 Problenra
1189 2822 1227 2881 ll.
1286 2819 1397 2879 Datis
1432 2818 1572 2878 duabus
1611 2816 1904 2878 retractionibus

546 2906 706 2968 siderum
732 2924 773 2965 ex
798 2911 881 2965 abre
910 2906 1003 2969 ortis
1029 2907 1061 2968 in
1086 2920 1191 2970 certa
1219 2928 1328 2987 super
1352 2908 1504 2969 Terram
1534 2905 1751 2979 altitudine,
1782 2904 1905 2985 iuqui-

545 3014 625 3058 rere
649 2994 938 3056 inclinationum
968 3005 1173 3058 ceterarum
1198 2996 1457 3058 retractiones.
1498 2998 1801 3067 (Gomp.Nor.p.180.)
1838 2994 1905 3054 Ne-

546 3085 659 3165 gotium
692 3084 793 3145 multis
817 3093 865 3145 est
894 3085 1057 3146 involutum
1089 3087 1352 3165 perplexitatibus.
1400 3084 1448 3146 Sit
1471 3087 1501 3145 A
1525 3094 1658 3146 centrum
1688 3082 1769 3144 orbis
1793 3082 1906 3143 Terrae

712 3190 764 3254 fig.
787 3187 829 3237 71.
1002 3174 1055 3236 BC
1086 3176 1222 3255 idemque
1254 3183 1390 3235 centrum
1422 3173 1570 3252 sphaerae
1599 3172 1680 3234 aeris
1703 3171 1768 3232 DE.
1817 3168 1907 3241 Quod

1000 3264 1025 3323 si
1051 3274 1112 3325 tam
1136 3263 1190 3326 BC
1215 3283 1303 3343 quam
1327 3263 1384 3322 DE
1413 3262 1585 3341 superficies
1609 3268 1714 3321 essent
1741 3260 1852 3339 planae
1876 3268 1909 3319 et

705 3367 758 3438 'fin
819 3358 865 3429 tl·
1000 3354 1166 3433 parallelae
1196 3354 1268 3413 dato
1299 3352 1409 3428 angulo
1438 3351 1522 3412 ΗΒΕ
1556 3360 1587 3410 et
1618 3352 1692 3412 data
1725 3348 1908 3410 retractione

735 3438 766 3449 '⁸
811 3435 961 3534 :1—-9‘-
1001 3444 1079 3520 apud
1104 3442 1187 3503 illum
1213 3442 1353 3520 angnluru
1378 3441 1408 3501 in
1433 3439 1588 3519 superficie
1613 3440 1739 3511 Terrae,
1764 3457 1841 3517 quae
1866 3436 1909 3497 sit

777 3531 781 3540 '
838 3532 966 3650 Q
1002 3530 1100 3604 Gur,
1135 3532 1258 3591 daretur
1286 3529 1378 3594 etiarn
1404 3528 1562 3590 inclinatio
1586 3529 1639 3590 EF
1668 3526 1743 3589 radii
1768 3525 1855 3589 liberi
1879 3526 1908 3587 in

603 3599 620 3692 l
718 3607 758 3686 lt
854 3651 858 3675 1
925 3635 969 3686 aa
1003 3621 1125 3681 aethere
1150 3639 1240 3698 super
1264 3619 1449 3698 superficiem
1475 3618 1576 3678 aeris·
1610 3616 1679 3677 Jam
1705 3615 1774 3695 quia
1797 3613 1852 3676 BC
1877 3624 1910 3674 et

580 3687 757 3770 Ll-‘id‘
855 3763 857 3770 ,
1002 3709 1058 3768 DE
1091 3709 1239 3788 sphaerae
1270 3716 1357 3768 sunt:
1392 3706 1549 3785 contingat
1578 3724 1649 3784 ergo
1674 3702 1759 3765 BEG
1782 3704 1908 3764 Terram

580 3726 666 3975 R
718 3814 720 3818 ·
846 3775 856 3830 l
1005 3797 1031 3856 in
1061 3798 1086 3857 B
1121 3807 1152 3857 et
1184 3797 1258 3857 11:11
1295 3804 1395 3856 aerem
1429 3796 1457 3857 iu
1486 3795 1524 3856 E.
1577 3796 1661 3855 Data
1697 3794 1789 3872 igitur
1824 3792 1909 3853 DBE

635 3881 659 3920 x

666 3843 732 3998 ff
750 3891 819 3977 ζ
1004 3883 1465 4036 ἰιιςΙὶηαὶἰοΙιιεΟΒὲιευῖθτέἓ
1491 3883 1690 4034 superficiem,
1717 3901 1773 4032 upa
1805 3880 1909 4032 sgtssqp

742 3984 759 3994 ·’
1118 3994 1135 4031 v
1302 3993 1319 4030 v
1482 3974 1487 3986 '
1542 3974 1548 3987 “
1609 3973 1615 3986 “
1661 3973 1708 4031 e'n
1750 3990 1796 4031 em
1902 4017 1910 4040 ,

551 4065 600 4125 vel
629 4062 779 4125 irretracti
803 4062 855 4123 FE
884 4082 974 4141 super
1003 3977 1189 4141 gritilificieem
1220 3976 1337 4124 alenae
1363 3976 1451 4133 good
1479 3981 1650 4123 ilctlilriin
1675 3993 1807 4121 Jsciretur
1836 4078 1910 4138 pro·

550 4151 648 4232 portio
673 4154 729 4213 An
754 4153 793 4213 ad
816 4150 891 4225 Ac,
926 4171 979 4211 seu
1009 4152 1137 4213 altitudo
1172 4153 1272 4213 atriae
1305 4152 1471 4231 superficiei
1494 4149 1564 4222 EC,
1599 4169 1675 4230 qnae
1699 4148 1912 4212 retractionem

552 4242 655 4315 affert,
684 4241 788 4302 statim
813 4249 844 4301 et
872 4241 999 4318 angulus
1023 4249 1263 4319 cognosceretur.
1312 4240 1387 4302 Cum
1412 4240 1491 4302 enim
1518 4240 1572 4299 ΕΒ
1601 4247 1712 4317 tangat
1738 4235 1792 4299 BC
1817 4236 1846 4297 iu
1871 4237 1908 4308 B,

555 4348 632 4410 quae
656 4348 693 4389 ex
718 4331 747 4391 A
772 4340 875 4392 centro
900 4329 928 4391 in
952 4328 977 4388 B
1002 4337 1174 4391 contactum
1199 4330 1323 4404 ducitur,
1349 4331 1405 4391 AB
1429 4328 1684 4409 perpendicularis
1709 4327 1766 4388 erit
1789 4327 1828 4387 ad
1847 4325 1913 4393 BE.

553 4418 598 4480 sic
622 4424 653 4479 et
676 4418 733 4480 ΑΕ
758 4419 786 4480 in
811 4419 878 4479 ΕΗ.
925 4418 1040 4480 Rectus
1073 4418 1164 4499 igitur
1186 4420 1289 4486 ΕΒΑ,
1323 4426 1423 4480 rectus
1452 4429 1483 4478 et
1507 4417 1589 4478 mn.
1636 4418 1677 4477 Et
1699 4415 1802 4488 ΒΕΑ,
1826 4415 1912 4475 ΒΑΕ

550 4506 648 4589 juncti
672 4518 804 4587 aequant
828 4517 951 4577 rectum,
977 4527 1047 4586 erge
1072 4508 1218 4570 communi
1241 4508 1326 4568 BEA
1350 4508 1467 4580 ablato,
1493 4506 1561 4566 11:13
1586 4506 1634 4567 vel
1659 4504 1748 4567 GEH
1770 4513 1803 4564 et
1826 4504 1914 4565 ΒΑΕ

553 4604 640 4658 erunt
664 4597 816 4675 aequales.
864 4598 947 4658 Data
971 4617 1042 4658 vero
1067 4595 1120 4659 ΟΕ
1144 4597 1303 4659 altitudine
1328 4597 1407 4658 aeris
1426 4598 1456 4657 in
1479 4595 1671 4674 proportione
1695 4594 1762 4667 BA,
1788 4594 1915 4654 daretur

553 4686 611 4748 uA
635 4694 667 4747 et
684 4685 742 4747 BA
766 4686 905 4759 etEBA,
933 4706 1025 4766 quare
1050 4695 1082 4746 et
1095 4686 1180 4747 ΕΑΒ
1205 4687 1331 4765 ideoque
1355 4694 1386 4745 et
1402 4684 1489 4747 GEH
1512 4683 1580 4745 hnic
1605 4684 1749 4762 aequalis,
1774 4693 1806 4743 et
1829 4680 1916 4743 Gur

553 4776 734 4837 retractione
758 4774 893 4848 sublata,
919 4784 1050 4837 restaret
1072 4775 1156 4836 FEll
1178 4775 1333 4835 inclinatio
1357 4775 1409 4835 Fu
1440 4773 1590 4834 irretraeti
1620 4791 1711 4852 snper
1738 4778 1915 4848 tangentem

553 4863 620 4926 ΕΗ.
670 4863 762 4943 Atqui
787 4865 922 4925 nescitur
944 4865 998 4926 EC
1024 4865 1153 4926 altitudo
1183 4864 1262 4923 aeris
1292 4864 1504 4925 retractionem
1533 4861 1683 4923 facientis.
1730 4861 1809 4923 Nam
1834 4860 1915 4939 quod

554 4953 646 5033 optici
670 4955 890 5027 demonstrant,
911 4953 1100 5015 altitudinem
1120 4953 1359 5031 crepusculorum
1379 4952 1524 5014 materiae
1550 4970 1679 5030 aequare
1702 4948 1741 5010 12
1761 4948 1915 5022 milliaria,

555 5060 613 5103 nen
638 5044 743 5105 statim
768 5042 913 5123 sequitur,
938 5044 1064 5106 eandem
1087 5040 1245 5102 materiam
1269 5060 1351 5116 esse,
1377 5062 1453 5123 quae
1482 5040 1659 5119 crepuscula
1682 5039 1757 5101 tacit
1780 5048 1811 5100 et
1834 5056 1915 5118 quae
