4584 6192
927 606 983 643 cnm
1000 590 1099 643 Nanolo
1118 590 1228 643 Siderea.
1691 597 1753 664 ,191

397 781 566 843 repugnare
589 761 729 844 vulgique
753 764 901 843 vituperia
923 784 1033 845 susque
1057 768 1152 847 deque
1176 768 1278 829 terre?
1317 766 1377 838 Qui
1403 771 1481 848 qnod
1499 771 1617 850 publice
1639 772 1754 847 scribit,

399 852 597 933 probrumque
621 852 646 912 si
671 853 749 931 quod
772 854 1014 929 committeretur,
1041 856 1118 916 elam
1142 857 1253 917 habere
1277 875 1464 936 nequaqnam
1474 860 1604 938 posset?
1648 860 1754 940 Egone

399 949 433 1002 ut
454 941 588 1002 Patricio
612 941 785 1002 Florentino
809 942 897 1003 fidem
921 944 1062 1022 derogem
1086 945 1123 1004 de
1147 945 1183 1005 iis
1209 962 1283 1024 quae
1307 945 1407 1006 vidit?
1448 948 1616 1026 perspicaci
1642 949 1753 1011 luscio-

400 1030 477 1090 ens?
499 1030 706 1091 instmmentis
740 1031 908 1092 ocularibus
941 1031 1088 1093 instructo
1121 1033 1186 1111 ipse
1220 1034 1315 1094 nudus
1345 1041 1375 1094 et
1410 1036 1448 1095 ab
1481 1036 1540 1096 hac
1573 1037 1752 1115 supellectili

401 1117 512 1197 inops?
557 1117 624 1196 Ego
648 1138 704 1178 nou
730 1121 847 1179 credam
872 1139 975 1180 omnes
999 1121 1038 1180 ad
1071 1120 1176 1181 eadem
1209 1123 1388 1200 spectacula*
1417 1123 1578 1199 invitanti,
1612 1134 1645 1185 et
1676 1126 1754 1206 qnod

396 1215 489 1285 caput
512 1214 568 1281 eet,
590 1207 637 1267 vel
655 1206 752 1285 ipsum
775 1228 860 1269 suum
885 1208 1117 1269 instrumentum
1142 1210 1181 1270 ad
1201 1210 1368 1270 faciendam
1383 1211 1469 1272 fidem
1489 1214 1581 1273 oculis
1597 1214 1754 1276 offerenti?

482 1295 532 1356 An
556 1314 661 1374 parum
686 1296 742 1356 hoc
766 1297 871 1370 fuerit,
897 1297 1077 1375 Magnorum
1100 1298 1261 1358 Hetruriae
1285 1299 1400 1359 Ducum
1425 1300 1573 1360 familiam
1607 1302 1751 1364 ludificari

392 1382 620 1464 Mediceumqne
656 1402 762 1445 nomen
800 1386 950 1463 figmentis
989 1386 1051 1446 suis
1089 1387 1275 1464 praefigere,
1317 1388 1456 1464 planetas
1501 1388 1622 1450 interim
1663 1410 1751 1453 veros

393 1472 609 1549 pollicentem?

483 1558 562 1630 Quid
586 1561 664 1639 qnod
688 1560 815 1638 propriis
840 1561 1072 1640 experimentis,
1104 1561 1183 1640 quod
1207 1569 1238 1620 et
1262 1561 1386 1623 aliorum
1411 1564 1696 1627 asseverationibus
1720 1565 1750 1627 in

390 1656 479 1727 parte
503 1649 572 1710 libri
595 1649 785 1728 deprehendo
810 1650 1059 1710 veracissimum?
1106 1649 1185 1719 Quid
1217 1668 1326 1710 causae
1360 1651 1419 1725 sit,
1455 1671 1507 1712 cur
1537 1654 1636 1713 solum
1668 1650 1749 1714 ded

390 1736 522 1815 planetis
546 1737 745 1798 deludendum
769 1738 827 1798 sibi
849 1739 1002 1816 putaverit
1025 1738 1151 1798 orbem?
1176 1737 1250 1797 Tres
1266 1748 1477 1813 suntmenses,
1496 1760 1563 1801 cum
1581 1741 1748 1819 Augustis-

389 1825 483 1887 simus
507 1826 677 1904 Imperator
700 1844 789 1904 super
812 1827 915 1887 Lunae
939 1827 1064 1887 maculis
1088 1826 1174 1886 varia
1197 1845 1234 1885 ex
1258 1845 1303 1887 me
1327 1829 1487 1906 quaesivit,
1511 1829 1539 1888 in
1565 1820 1602 1889 ea
1626 1830 1742 1891 consti-

388 1921 473 1975 tutus
496 1914 643 1993 opinione,
669 1922 815 1976 terrarum
838 1924 870 1976 et
893 1914 1106 1976 continentium
1130 1914 1293 1975 simulacra
1316 1916 1345 1975 in
1370 1917 1457 1977 Luna
1485 1937 1538 1977 ceu
1563 1911 1591 1978 in
1620 1919 1742 1997 speculo

388 2003 645 2081 resplendescere.
691 2003 858 2081 Allegabat
891 2004 946 2064 hoc
979 2003 1185 2082 potissimum,
1218 2004 1275 2064 sibi
1308 2005 1403 2065 videri
1435 2024 1611 2084 expressam
1633 2006 1742 2068 ltaliae

386 2109 455 2152 cum
479 2091 594 2152 duabus
620 2092 827 2170 adjacentibus
851 2092 955 2153 insulis
981 2091 1119 2169 effigiem.
1174 2091 1337 2169 Specillum
1352 2093 1445 2154 etiam
1468 2114 1552 2156 snum
1575 2096 1614 2155 ad
1638 2096 1742 2157 eadem

387 2181 619 2259 contemplanda
650 2179 795 2241 offerebat
818 2182 846 2242 in
871 2180 935 2241 dies
960 2187 1130 2259 sequentes,
1156 2181 1233 2258 quod
1257 2181 1399 2242 omissum
1422 2192 1523 2242 tamen
1548 2192 1605 2244 est.
1651 2184 1741 2245 Adeo

389 2269 494 2329 eodem
514 2278 656 2347 tempore,
679 2267 826 2342 Galilaea,
847 2267 960 2329 Christi
975 2268 1094 2329 Domini
1118 2270 1248 2347 patriam
1272 2269 1417 2330 vocabulo
1441 2272 1623 2349 praeferens,
1650 2271 1740 2334 Chri·

388 2356 481 2418 stiani
504 2358 585 2419 orbis
609 2358 804 2419 Monarcham
828 2358 975 2434 (ejusdem
1000 2356 1153 2438 irrequieti
1176 2358 1300 2437 spiritus
1324 2359 1486 2431 instinctu,
1519 2361 1569 2439 qui
1601 2369 1740 2422 naturam

387 2445 540 2507 detectum
562 2446 641 2519 ibat)
667 2446 781 2506 deliciis
804 2447 864 2507 tuis
888 2447 1056 2507 aemulatus
1080 2464 1123 2506 es.

476 2533 539 2596 Sed
563 2544 593 2596 et
617 2532 826 2615 antiquissima
849 2544 897 2596 est
920 2535 993 2595 haee
1017 2536 1053 2595 de
1078 2535 1203 2594 maculis
1231 2535 1330 2595 Lunae
1354 2535 1500 2609 narratio,
1526 2536 1604 2597 fulta
1627 2544 1737 2598 aucto-

385 2622 479 2684 ritate
503 2623 693 2704 Pythagorae
717 2632 748 2684 et
771 2623 924 2685 Plutarchi
949 2623 1055 2685 summi
1088 2622 1275 2701 philosophi,
1315 2631 1346 2683 et
1369 2625 1437 2703 qui,
1469 2624 1494 2684 si
1518 2622 1575 2685 hoc
1608 2628 1645 2685 ad
1677 2644 1739 2687 rem

385 2712 469 2784 facit,
495 2712 699 2790 proconsulari
730 2713 853 2792 imperio
876 2712 1001 2792 Epirum
1034 2712 1130 2773 tenuit
1153 2713 1208 2772 sub
1238 2710 1431 2774 Caesaribus.
1477 2714 1521 2775 Ut
1544 2714 1738 2776 Maestliuum

386 2801 521 2879 adeoque
546 2809 578 2861 et
601 2821 667 2862 mea
691 2799 802 2880 Optica
834 2809 904 2861 aute
937 2821 1031 2863 annos
1056 2796 1076 2862 6
1096 2800 1178 2861 edita
1200 2808 1389 2879 praeteream
1418 2802 1506 2881 inque
1530 2821 1616 2863 suum
1640 2804 1738 2865 locum

384 2888 510 2950 inferius
533 2890 679 2951 differam.

475 2978 561 3039 Haec
584 2978 677 3057 igitur
699 2997 766 3039 cum
790 2977 1046 3039 consentientibus
1070 2975 1251 3038 testimoniis
1284 2976 1374 3037 etiam
1404 2976 1454 3038 alii
1478 2978 1516 3038 de
1541 2978 1644 3040 Lunae
1668 2997 1737 3040 cor·

383 3084 457 3146 pore
473 3074 658 3140 asseverent,
684 3074 888 3129 consentanea
910 3067 957 3141 iis,
983 3086 1058 3146 quae
1074 3074 1108 3126 tu
1132 3065 1168 3124 de
1193 3065 1298 3125 eodem
1312 3066 1400 3143 longe
1415 3066 1632 3128 dilucidissime
1646 3068 1737 3129 affers

385 3155 612 3233 experimenta:
645 3164 761 3216 tantum
793 3157 881 3216 abest
908 3163 942 3216 ut
964 3156 1050 3216 fidem
1076 3154 1130 3215 tibi
1155 3153 1183 3213 iu
1213 3154 1325 3233 reliquo
1350 3154 1425 3215 libro
1449 3163 1481 3216 et
1504 3155 1541 3216 de
1564 3151 1585 3217 4
1610 3155 1736 3217 circnm-

384 3242 555 3304 Jovialibus
588 3244 719 3324 planetis
757 3245 916 3323 derogem,
950 3252 983 3305 ut
1010 3244 1111 3322 potius
1135 3249 1252 3320 optem,
1285 3242 1356 3303 mihi
1388 3244 1417 3303 in
1452 3253 1559 3322 parato
1578 3245 1643 3323 jam
1667 3263 1736 3306 esse

381 3332 596 3413 perspicillum,
621 3352 678 3412 quo
702 3342 732 3394 te
756 3334 785 3394 in
801 3333 1059 3413 deprehendendis
1075 3330 1396 3393 circum-Martialibus
1416 3332 1465 3404 (ut
1487 3333 1559 3394 mihi
1582 3332 1735 3412 proportio

381 3420 504 3481 videtur
536 3422 701 3500 requirere)
736 3423 868 3496 duobus,
902 3430 933 3482 et
965 3419 1246 3483 nircum-Saturniis
1270 3416 1291 3482 6
1314 3416 1406 3481 vel8
1434 3431 1644 3500 praevertam,
1676 3441 1734 3484 uuo

382 3508 487 3570 forsan
521 3519 553 3570 et
576 3511 672 3571 altero
697 3511 973 3572 circum-Venerio
1005 3518 1036 3570 et
1068 3507 1389 3571 circum-Mercuriali
1421 3529 1589 3572 accessuro.
1636 3508 1735 3580 Quam

382 3598 422 3658 ad
445 3607 631 3672 venaturam,
658 3600 735 3678 quod
760 3601 889 3660 Martem
913 3599 1037 3673 attinet,
1061 3606 1180 3676 ternpus
1204 3598 1261 3657 erit
1285 3598 1412 3658 maxime
1437 3598 1575 3659 idoneum
1601 3598 1735 3659 October

381 3694 537 3762 venturus,
563 3688 612 3767 qui
627 3688 757 3749 Martem
773 3689 801 3749 in
818 3689 956 3767 opposito
972 3688 1052 3750 Solis
1068 3687 1199 3754 exhibet,
1223 3686 1324 3746 Terris
1349 3687 1571 3766 (praeterquam
1587 3707 1614 3746 a.
1634 3682 1734 3759 1608)

381 3776 514 3837 omnium
538 3776 715 3855 proximum,
739 3796 838 3838 errore
861 3777 968 3837 calculi
992 3775 1011 3838 3
1037 3776 1164 3854 amplius
1187 3774 1340 3851 graduum.

472 3866 539 3944 Age
563 3864 654 3943 igitur
677 3873 711 3926 ut
734 3867 770 3925 de
795 3865 883 3927 rebus
916 3864 1092 3926 certissimis
1125 3862 1258 3941 meisque
1291 3862 1395 3937 oculis,
1419 3871 1454 3922 ut
1484 3859 1602 3923 omniuo
1633 3879 1732 3939 spero,

378 3952 519 4014 videndis
543 3961 641 4014 tecum
666 3952 804 4016 Galilaee
830 3972 996 4015 sermonem
1029 3953 1200 4024 conseram3
1233 3952 1277 4011 tui
1311 3949 1528 4030 quidem'libri
1560 3949 1733 4009 methodum

379 4050 548 4115 secuturus,
575 4061 678 4103 omnes
702 4061 773 4104 vero
797 4041 1006 4122 philosophiae
1037 4049 1158 4120 partes,
1194 4058 1270 4119 quae
1303 4041 1352 4100 vel
1384 4059 1421 4100 ex
1452 4039 1509 4099 hoc
1542 4045 1592 4098 tuo
1625 4037 1732 4099 nuncio

377 4132 496 4193 ruinam
521 4131 671 4192 minantur
694 4132 741 4192 vel
772 4133 982 4191 confirmantur
1005 4131 1054 4190 vel
1085 4128 1282 4207 explicantur,
1306 4129 1396 4206 juxta
1426 4134 1665 4207 pervagaturus:
1700 4135 1734 4187 ut

376 4219 452 4282 nihil
477 4220 610 4298 supersit
634 4220 713 4300 quod
736 4220 879 4280 lectorem
904 4218 1110 4298 philosophiae
1135 4217 1267 4278 deditum
1296 4236 1472 4296 suspensum
1503 4223 1607 4277 teneat
1629 4222 1662 4275 et
1684 4214 1732 4275 vel

376 4330 396 4370 a
420 4309 479 4370 fide
503 4308 558 4369 tibi
582 4309 768 4387 perhibenda
790 4308 950 4387 prohibeat
973 4308 1020 4368 vel
1045 4308 1084 4367 ad
1107 4305 1371 4381 contemnendam,
1396 4325 1472 4386 quae
1495 4305 1642 4366 hactenus
1666 4309 1732 4364 erat

376 4398 407 4459 in
431 4397 541 4477 pretio,
566 4398 786 4476 philosophiam
810 4397 954 4475 impellat.

466 4485 598 4547 Primum
623 4486 717 4547 libelli
741 4486 783 4546 tui
808 4494 898 4565 capnt
921 4486 950 4545 in
977 4483 1091 4544 fabrica
1114 4482 1279 4561 perspicilli
1304 4489 1459 4555 versatur,
1483 4487 1587 4542 tantae
1611 4478 1730 4558 quidem

376 4574 552 4646 efficaciae,
584 4583 703 4635 utrem
727 4576 877 4653 spectanti
901 4573 1010 4634 millies
1035 4572 1178 4632 exhibeat
1200 4572 1307 4648 majori
1330 4569 1473 4649 planitie,
1498 4569 1577 4651 quod
1600 4575 1663 4628 tum
1685 4567 1728 4639 fit,

373 4665 403 4725 si
422 4664 570 4726 diameter
598 4664 700 4724 tricies
726 4663 770 4724 bis
795 4670 1038 4742 repraesentetur
1061 4659 1186 4738 longior.
1227 4657 1345 4729 Quodsi
1366 4659 1495 4720 facultas
1521 4653 1731 4719 aestimatoria

372 4762 479 4815 manet
501 4753 530 4813 in
554 4752 707 4814 sententia
736 4760 898 4813 consuetae
920 4748 1150 4829 magnitudinis,
1179 4767 1303 4809 neeesse
1327 4756 1376 4809 est
1398 4746 1426 4809 ei
1450 4754 1522 4809 tunc
1549 4764 1612 4807 rem
1635 4741 1730 4814 videri

371 4840 479 4904 tricies
501 4841 549 4901 bis
572 4841 753 4920 propiorem.
800 4840 987 4908 Distantiam
1012 4839 1089 4899 enim
1113 4838 1216 4898 oeulos
1239 4856 1296 4898 non
1321 4836 1424 4908 videt,
1453 4836 1507 4896 sed
1530 4832 1672 4913 conjicit,
1696 4837 1730 4891 ut

373 4930 485 4992 docent
508 4928 609 5010 optici.
657 4931 706 4991 Da
739 4929 816 4992 enim
849 4929 999 4990 hominem
1029 4908 1159 5006 aliquem
1190 4926 1299 4985 abesse
1330 4921 1600 5003 taceprandus,
1633 4917 1729 4981 videri

370 5036 447 5081 vero
470 5018 525 5081 snb
550 5018 660 5098 angulo
686 5015 727 5081 32
751 5018 872 5099 majori,
898 5037 987 5099 quam
1009 5016 1128 5077 videtur
1152 5014 1228 5074 alius
1252 5014 1317 5075 sine
1341 5011 1514 5093 perspicillo
1541 5009 1603 5073 100
1625 5007 1728 5089 passi·

369 5105 429 5170 bus
461 5105 591 5170 absens:
625 5126 691 5170 enm
714 5115 830 5172 certum
862 5106 975 5170 habeat
1006 5104 1129 5177 oculus,
1162 5102 1313 5165 hominem
1337 5101 1421 5165 illurn
1435 5106 1592 5163 remotum
1615 5097 1727 5162 habere
