<?xml version="1.0" encoding="UTF-8"?>
<!DOCTYPE html PUBLIC "-//W3C//DTD XHTML 1.0 Transitional//EN"
    "http://www.w3.org/TR/xhtml1/DTD/xhtml1-transitional.dtd">
<html xmlns="http://www.w3.org/1999/xhtml" xml:lang="en" lang="en">
 <head>
  <title>
</title>
<meta http-equiv="Content-Type" content="text/html;charset=utf-8" />
  <meta name='ocr-system' content='tesseract 3.04.00' />
  <meta name='ocr-capabilities' content='ocr_page ocr_carea ocr_par ocr_line ocrx_word'/>
</head>
<body>
  <div class='ocr_page' id='page_1' title='image "./joanniskepleria02frisgoog_0326.png"; bbox 0 0 4584 6192; ppageno 0'>
   <div class='ocr_carea' id='block_1_1' title="bbox 964 537 1755 609">
    <p class='ocr_par' dir='ltr' id='par_1_1' title="bbox 964 537 1755 609">
     <span class='ocr_line' id='line_1_1' title="bbox 964 537 1755 609; baseline 0.011 -14"><span class='ocrx_word' id='word_1_1' title='bbox 964 543 1046 609; x_wconf 63' lang='lat' dir='ltr'><strong>opus</strong></span> <span class='ocrx_word' id='word_1_2' title='bbox 1062 544 1135 597; x_wconf 90' lang='lat' dir='ltr'><strong>vm.</strong></span> <span class='ocrx_word' id='word_1_3' title='bbox 1155 544 1179 594; x_wconf 82' lang='lat' dir='ltr'><strong>a.</strong></span> <span class='ocrx_word' id='word_1_4' title='bbox 1686 537 1755 605; x_wconf 77' lang='lat' dir='ltr'><strong>stu</strong></span> 
     </span>
    </p>
   </div>
   <div class='ocr_carea' id='block_1_2' title="bbox 394 719 1756 1874">
    <p class='ocr_par' dir='ltr' id='par_1_2' title="bbox 394 719 1756 1874">
     <span class='ocr_line' id='line_1_2' title="bbox 397 719 1753 805; baseline -0.004 -19"><span class='ocrx_word' id='word_1_5' title='bbox 397 743 452 786; x_wconf 91' lang='lat' dir='ltr'><strong>non</strong></span> <span class='ocrx_word' id='word_1_6' title='bbox 476 723 515 784; x_wconf 90' lang='lat' dir='ltr'><strong>de</strong></span> <span class='ocrx_word' id='word_1_7' title='bbox 537 722 662 802; x_wconf 76' lang='lat' dir='ltr'><strong>partiali</strong></span> <span class='ocrx_word' id='word_1_8' title='bbox 685 721 790 803; x_wconf 79' lang='lat' dir='ltr'><strong>eclipsi</strong></span> <span class='ocrx_word' id='word_1_9' title='bbox 813 723 904 805; x_wconf 90' lang='lat' dir='ltr'><strong>loqui,</strong></span> <span class='ocrx_word' id='word_1_10' title='bbox 928 723 957 784; x_wconf 93' lang='lat' dir='ltr'><strong>in</strong></span> <span class='ocrx_word' id='word_1_11' title='bbox 983 742 1042 803; x_wconf 90' lang='lat' dir='ltr'><strong>qua</strong></span> <span class='ocrx_word' id='word_1_12' title='bbox 1060 721 1114 784; x_wconf 89' lang='lat' dir='ltr'><strong>Sul</strong></span> <span class='ocrx_word' id='word_1_13' title='bbox 1136 721 1167 783; x_wconf 92' lang='lat' dir='ltr'><strong>in</strong></span> <span class='ocrx_word' id='word_1_14' title='bbox 1186 722 1306 784; x_wconf 91' lang='lat' dir='ltr'><strong>Lunare</strong></span> <span class='ocrx_word' id='word_1_15' title='bbox 1330 740 1422 783; x_wconf 90' lang='lat' dir='ltr'><strong>cornu</strong></span> <span class='ocrx_word' id='word_1_16' title='bbox 1445 719 1536 781; x_wconf 83' lang='lat' dir='ltr'><strong>inerit</strong></span> <span class='ocrx_word' id='word_1_17' title='bbox 1558 726 1753 782; x_wconf 89' lang='lat' dir='ltr'><strong>attenuatus:</strong></span> 
     </span>
     <span class='ocr_line' id='line_1_3' title="bbox 397 808 1753 892; baseline -0.004 -18"><span class='ocrx_word' id='word_1_18' title='bbox 397 814 447 874; x_wconf 91' lang='lat' dir='ltr'><strong>sed</strong></span> <span class='ocrx_word' id='word_1_19' title='bbox 474 812 565 892; x_wconf 90' lang='lat' dir='ltr'><strong>plane</strong></span> <span class='ocrx_word' id='word_1_20' title='bbox 590 813 626 873; x_wconf 92' lang='lat' dir='ltr'><strong>de</strong></span> <span class='ocrx_word' id='word_1_21' title='bbox 657 813 761 887; x_wconf 89' lang='lat' dir='ltr'><strong>totali,</strong></span> <span class='ocrx_word' id='word_1_22' title='bbox 792 811 841 873; x_wconf 92' lang='lat' dir='ltr'><strong>ubi</strong></span> <span class='ocrx_word' id='word_1_23' title='bbox 866 811 920 875; x_wconf 87' lang='lat' dir='ltr'><strong>Sol</strong></span> <span class='ocrx_word' id='word_1_24' title='bbox 949 812 1055 873; x_wconf 89' lang='lat' dir='ltr'><strong>deinde</strong></span> <span class='ocrx_word' id='word_1_25' title='bbox 1084 831 1139 890; x_wconf 91' lang='lat' dir='ltr'><strong>per</strong></span> <span class='ocrx_word' id='word_1_26' title='bbox 1169 812 1285 891; x_wconf 90' lang='lat' dir='ltr'><strong>species</strong></span> <span class='ocrx_word' id='word_1_27' title='bbox 1309 812 1413 872; x_wconf 90' lang='lat' dir='ltr'><strong>Lunae</strong></span> <span class='ocrx_word' id='word_1_28' title='bbox 1446 808 1599 870; x_wconf 90' lang='lat' dir='ltr'><strong>nascentis</strong></span> <span class='ocrx_word' id='word_1_29' title='bbox 1629 810 1753 872; x_wconf 87' lang='lat' dir='ltr'><strong>exordio</strong></span> 
     </span>
     <span class='ocr_line' id='line_1_4' title="bbox 398 896 1753 982; baseline -0.005 -17"><span class='ocrx_word' id='word_1_30' title='bbox 398 910 484 982; x_wconf 90' lang='lat' dir='ltr'><strong>capto</strong></span> <span class='ocrx_word' id='word_1_31' title='bbox 518 901 612 962; x_wconf 86' lang='lat' dir='ltr'><strong>fuerit</strong></span> <span class='ocrx_word' id='word_1_32' title='bbox 639 900 747 963; x_wconf 90' lang='lat' dir='ltr'><strong>iterum</strong></span> <span class='ocrx_word' id='word_1_33' title='bbox 777 901 931 980; x_wconf 91' lang='lat' dir='ltr'><strong>impletus,</strong></span> <span class='ocrx_word' id='word_1_34' title='bbox 961 902 1126 980; x_wconf 89' lang='lat' dir='ltr'><strong>cujusmodi</strong></span> <span class='ocrx_word' id='word_1_35' title='bbox 1159 902 1320 981; x_wconf 83' lang='lat' dir='ltr'><strong>descriptio</strong></span> <span class='ocrx_word' id='word_1_36' title='bbox 1349 901 1428 961; x_wconf 84' lang='lat' dir='ltr'><strong>infra</strong></span> <span class='ocrx_word' id='word_1_37' title='bbox 1456 917 1497 958; x_wconf 84' lang='lat' dir='ltr'><strong>ex</strong></span> <span class='ocrx_word' id='word_1_38' title='bbox 1521 899 1585 959; x_wconf 91' lang='lat' dir='ltr'><strong>vita</strong></span> <span class='ocrx_word' id='word_1_39' title='bbox 1607 896 1753 960; x_wconf 89' lang='lat' dir='ltr'><strong>Ludovici</strong></span> 
     </span>
     <span class='ocr_line' id='line_1_5' title="bbox 399 988 1754 1071; baseline -0.003 -18"><span class='ocrx_word' id='word_1_40' title='bbox 399 998 547 1071; x_wconf 84' lang='lat' dir='ltr'><strong>sequetur.</strong></span> <span class='ocrx_word' id='word_1_41' title='bbox 595 990 675 1053; x_wconf 90' lang='lat' dir='ltr'><strong>Nam</strong></span> <span class='ocrx_word' id='word_1_42' title='bbox 699 1010 764 1051; x_wconf 92' lang='lat' dir='ltr'><strong>cum</strong></span> <span class='ocrx_word' id='word_1_43' title='bbox 788 1001 860 1070; x_wconf 91' lang='lat' dir='ltr'><strong>post</strong></span> <span class='ocrx_word' id='word_1_44' title='bbox 883 1009 977 1052; x_wconf 89' lang='lat' dir='ltr'><strong>annos</strong></span> <span class='ocrx_word' id='word_1_45' title='bbox 1001 998 1118 1070; x_wconf 83' lang='lat' dir='ltr'>septem</span> <span class='ocrx_word' id='word_1_46' title='bbox 1143 1009 1259 1052; x_wconf 90' lang='lat' dir='ltr'><strong>rursum</strong></span> <span class='ocrx_word' id='word_1_47' title='bbox 1283 990 1404 1069; x_wconf 80' lang='lat' dir='ltr'><strong>eclipsis</strong></span> <span class='ocrx_word' id='word_1_48' title='bbox 1428 988 1583 1049; x_wconf 90' lang='lat' dir='ltr'><strong>incidisset</strong></span> <span class='ocrx_word' id='word_1_49' title='bbox 1605 1005 1665 1048; x_wconf 92' lang='lat' dir='ltr'><strong>non</strong></span> <span class='ocrx_word' id='word_1_50' title='bbox 1687 1006 1754 1049; x_wconf 89' lang='lat' dir='ltr'><strong>mo·</strong></span> 
     </span>
     <span class='ocr_line' id='line_1_6' title="bbox 397 1075 1753 1160; baseline -0.003 -17"><span class='ocrx_word' id='word_1_51' title='bbox 397 1081 461 1143; x_wconf 89' lang='lat' dir='ltr'><strong>dica</strong></span> <span class='ocrx_word' id='word_1_52' title='bbox 474 1081 530 1141; x_wconf 87' lang='lat' dir='ltr'><strong>sed</strong></span> <span class='ocrx_word' id='word_1_53' title='bbox 545 1089 662 1159; x_wconf 79' lang='lat' dir='ltr'><strong>septem</strong></span> <span class='ocrx_word' id='word_1_54' title='bbox 678 1080 851 1158; x_wconf 84' lang='lat' dir='ltr'><strong>digitorum,</strong></span> <span class='ocrx_word' id='word_1_55' title='bbox 875 1088 1017 1160; x_wconf 90' lang='lat' dir='ltr'><strong>quantam</strong></span> <span class='ocrx_word' id='word_1_56' title='bbox 1033 1079 1213 1140; x_wconf 90' lang='lat' dir='ltr'><strong>Maestlinns</strong></span> <span class='ocrx_word' id='word_1_57' title='bbox 1230 1099 1267 1140; x_wconf 82' lang='lat' dir='ltr'><strong>ex</strong></span> <span class='ocrx_word' id='word_1_58' title='bbox 1280 1079 1451 1141; x_wconf 91' lang='lat' dir='ltr'><strong>Prutenicis</strong></span> <span class='ocrx_word' id='word_1_59' title='bbox 1466 1076 1589 1149; x_wconf 91' lang='lat' dir='ltr'><strong>invenit,</strong></span> <span class='ocrx_word' id='word_1_60' title='bbox 1611 1075 1753 1139; x_wconf 84' lang='lat' dir='ltr'><strong>distincte</strong></span> 
     </span>
     <span class='ocr_line' id='line_1_7' title="bbox 396 1163 1753 1251; baseline -0.002 -20"><span class='ocrx_word' id='word_1_61' title='bbox 396 1179 494 1231; x_wconf 81' lang='lat' dir='ltr'><strong>tamen</strong></span> <span class='ocrx_word' id='word_1_62' title='bbox 520 1177 626 1230; x_wconf 77' lang='lat' dir='ltr'><strong>auctor</strong></span> <span class='ocrx_word' id='word_1_63' title='bbox 645 1169 681 1230; x_wconf 84' lang='lat' dir='ltr'><strong>(le</strong></span> <span class='ocrx_word' id='word_1_64' title='bbox 701 1188 738 1228; x_wconf 78' lang='lat' dir='ltr'><strong>ea</strong></span> <span class='ocrx_word' id='word_1_65' title='bbox 762 1170 902 1249; x_wconf 80' lang='lat' dir='ltr'><strong>loquitur.</strong></span> <span class='ocrx_word' id='word_1_66' title='bbox 932 1183 975 1234; x_wconf 89' lang='lat' dir='ltr'><strong>De</strong></span> <span class='ocrx_word' id='word_1_67' title='bbox 995 1181 1060 1235; x_wconf 90' lang='lat' dir='ltr'><strong>Sole</strong></span> <span class='ocrx_word' id='word_1_68' title='bbox 1081 1182 1216 1235; x_wconf 89' lang='lat' dir='ltr'><strong>nonnulla</strong></span> <span class='ocrx_word' id='word_1_69' title='bbox 1237 1197 1302 1251; x_wconf 88' lang='lat' dir='ltr'><strong>pars</strong></span> <span class='ocrx_word' id='word_1_70' title='bbox 1324 1180 1433 1241; x_wconf 79' lang='lat' dir='ltr'><strong>deiecit,</strong></span> <span class='ocrx_word' id='word_1_71' title='bbox 1456 1166 1568 1236; x_wconf 66' lang='grc' dir='ltr'><strong><em>ἐλλιπὲς</em></strong></span> <span class='ocrx_word' id='word_1_72' title='bbox 1582 1186 1609 1226; x_wconf 75' lang='grc' dir='ltr'><strong>τι</strong></span> <span class='ocrx_word' id='word_1_73' title='bbox 1631 1163 1753 1243; x_wconf 68' lang='lat' dir='ltr'><strong>a&#39;yertto.</strong></span> 
     </span>
     <span class='ocr_line' id='line_1_8' title="bbox 397 1253 1755 1339; baseline -0.001 -20"><span class='ocrx_word' id='word_1_74' title='bbox 397 1259 542 1333; x_wconf 88' lang='lat' dir='ltr'><strong>indicans,</strong></span> <span class='ocrx_word' id='word_1_75' title='bbox 567 1278 626 1319; x_wconf 93' lang='lat' dir='ltr'><strong>uon</strong></span> <span class='ocrx_word' id='word_1_76' title='bbox 652 1265 748 1318; x_wconf 90' lang='lat' dir='ltr'><strong>totum</strong></span> <span class='ocrx_word' id='word_1_77' title='bbox 773 1258 929 1320; x_wconf 84' lang='lat' dir='ltr'><strong>defecisse.</strong></span> <span class='ocrx_word' id='word_1_78' title='bbox 977 1261 1034 1320; x_wconf 88' lang='lat' dir='ltr'><strong>Hic</strong></span> <span class='ocrx_word' id='word_1_79' title='bbox 1059 1261 1235 1339; x_wconf 89' lang='lat' dir='ltr'><strong>simpliciter</strong></span> <span class='ocrx_word' id='word_1_80' title='bbox 1259 1257 1275 1321; x_wconf 87' lang='grc' dir='ltr'>ὁ</span> <span class='ocrx_word' id='word_1_81' title='bbox 1299 1254 1522 1337; x_wconf 68' lang='grc' dir='ltr'><strong>11100ςὲξο1100.</strong></span> <span class='ocrx_word' id='word_1_82' title='bbox 1567 1253 1629 1317; x_wconf 84' lang='lat' dir='ltr'><strong>Cur</strong></span> <span class='ocrx_word' id='word_1_83' title='bbox 1652 1264 1755 1318; x_wconf 89' lang='lat' dir='ltr'><strong>autern</strong></span> 
     </span>
     <span class='ocr_line' id='line_1_9' title="bbox 397 1344 1754 1425; baseline -0.003 -16"><span class='ocrx_word' id='word_1_84' title='bbox 397 1348 522 1409; x_wconf 80' lang='lat' dir='ltr'><strong>adderet</strong></span> <span class='ocrx_word' id='word_1_85' title='bbox 544 1346 598 1408; x_wconf 92' lang='lat' dir='ltr'><strong>illa</strong></span> <span class='ocrx_word' id='word_1_86' title='bbox 620 1368 771 1424; x_wconf 73' lang='lat' dir='ltr'><strong>ymopeeoe</strong></span> <span class='ocrx_word' id='word_1_87' title='bbox 794 1354 960 1425; x_wconf 66' lang='lat' dir='ltr'><strong>purcardus,</strong></span> <span class='ocrx_word' id='word_1_88' title='bbox 993 1368 1085 1410; x_wconf 90' lang='lat' dir='ltr'><strong>causa</strong></span> <span class='ocrx_word' id='word_1_89' title='bbox 1113 1350 1233 1412; x_wconf 90' lang='lat' dir='ltr'><strong>videtur</strong></span> <span class='ocrx_word' id='word_1_90' title='bbox 1261 1351 1381 1420; x_wconf 89' lang='lat' dir='ltr'><strong>eadem,</strong></span> <span class='ocrx_word' id='word_1_91' title='bbox 1414 1366 1489 1425; x_wconf 92' lang='lat' dir='ltr'><strong>quae</strong></span> <span class='ocrx_word' id='word_1_92' title='bbox 1514 1344 1632 1424; x_wconf 86' lang='lat' dir='ltr'><strong>impulit</strong></span> <span class='ocrx_word' id='word_1_93' title='bbox 1655 1344 1754 1423; x_wconf 92' lang='lat' dir='ltr'><strong>ipsum</strong></span> 
     </span>
     <span class='ocr_line' id='line_1_10' title="bbox 394 1435 1751 1515; baseline 0.001 -18"><span class='ocrx_word' id='word_1_94' title='bbox 394 1438 467 1497; x_wconf 76' lang='lat' dir='ltr'><strong>haee</strong></span> <span class='ocrx_word' id='word_1_95' title='bbox 498 1435 624 1508; x_wconf 80' lang='lat' dir='ltr'><strong>addere,</strong></span> <span class='ocrx_word' id='word_1_96' title='bbox 658 1446 744 1500; x_wconf 88' lang='lat' dir='ltr'><strong>videri</strong></span> <span class='ocrx_word' id='word_1_97' title='bbox 772 1438 828 1499; x_wconf 84' lang='lat' dir='ltr'><strong>sibl</strong></span> <span class='ocrx_word' id='word_1_98' title='bbox 859 1438 1008 1499; x_wconf 83' lang='lat' dir='ltr'><strong>delectum</strong></span> <span class='ocrx_word' id='word_1_99' title='bbox 1033 1437 1114 1500; x_wconf 84' lang='lat' dir='ltr'><strong>Solis</strong></span> <span class='ocrx_word' id='word_1_100' title='bbox 1144 1449 1173 1502; x_wconf 92' lang='lat' dir='ltr'><strong>in</strong></span> <span class='ocrx_word' id='word_1_101' title='bbox 1203 1450 1261 1503; x_wconf 92' lang='lat' dir='ltr'><strong>solo</strong></span> <span class='ocrx_word' id='word_1_102' title='bbox 1291 1447 1431 1503; x_wconf 79' lang='lat' dir='ltr'><strong>novilunio</strong></span> <span class='ocrx_word' id='word_1_103' title='bbox 1464 1462 1546 1515; x_wconf 90' lang='lat' dir='ltr'><strong>posse</strong></span> <span class='ocrx_word' id='word_1_104' title='bbox 1578 1444 1751 1514; x_wconf 88' lang='lat' dir='ltr'><strong>contingere.</strong></span> 
     </span>
     <span class='ocr_line' id='line_1_11' title="bbox 397 1524 1756 1607; baseline -0.004 -20"><span class='ocrx_word' id='word_1_105' title='bbox 397 1524 634 1587; x_wconf 86' lang='lat' dir='ltr'><strong>Confirmaturns</strong></span> <span class='ocrx_word' id='word_1_106' title='bbox 659 1525 736 1585; x_wconf 90' lang='lat' dir='ltr'><strong>enlm</strong></span> <span class='ocrx_word' id='word_1_107' title='bbox 760 1524 837 1587; x_wconf 88' lang='lat' dir='ltr'><strong>hane</strong></span> <span class='ocrx_word' id='word_1_108' title='bbox 861 1546 946 1588; x_wconf 91' lang='lat' dir='ltr'><strong>suam</strong></span> <span class='ocrx_word' id='word_1_109' title='bbox 970 1526 1155 1605; x_wconf 87' lang='lat' dir='ltr'><strong>opinionem,</strong></span> <span class='ocrx_word' id='word_1_110' title='bbox 1187 1529 1264 1607; x_wconf 90' lang='lat' dir='ltr'><strong>qnod</strong></span> <span class='ocrx_word' id='word_1_111' title='bbox 1287 1529 1376 1589; x_wconf 91' lang='lat' dir='ltr'><strong>Luna</strong></span> <span class='ocrx_word' id='word_1_112' title='bbox 1399 1524 1498 1587; x_wconf 85' lang='lat' dir='ltr'><strong>Solari</strong></span> <span class='ocrx_word' id='word_1_113' title='bbox 1524 1524 1627 1584; x_wconf 91' lang='lat' dir='ltr'><strong>lumini</strong></span> <span class='ocrx_word' id='word_1_114' title='bbox 1651 1524 1756 1585; x_wconf 87' lang='lat' dir='ltr'><strong>obstet</strong></span> 
     </span>
     <span class='ocr_line' id='line_1_12' title="bbox 397 1611 1753 1693; baseline -0.001 -17"><span class='ocrx_word' id='word_1_115' title='bbox 397 1616 424 1676; x_wconf 93' lang='lat' dir='ltr'><strong>in</strong></span> <span class='ocrx_word' id='word_1_116' title='bbox 447 1613 553 1693; x_wconf 86' lang='lat' dir='ltr'><strong>eclipsi</strong></span> <span class='ocrx_word' id='word_1_117' title='bbox 579 1614 782 1685; x_wconf 82' lang='lat' dir='ltr'><strong>(astronomia</strong></span> <span class='ocrx_word' id='word_1_118' title='bbox 805 1623 876 1676; x_wconf 90' lang='lat' dir='ltr'><strong>tnnc</strong></span> <span class='ocrx_word' id='word_1_119' title='bbox 898 1614 977 1677; x_wconf 90' lang='lat' dir='ltr'><strong>iuter</strong></span> <span class='ocrx_word' id='word_1_120' title='bbox 993 1614 1129 1677; x_wconf 90' lang='lat' dir='ltr'><strong>Graecos</strong></span> <span class='ocrx_word' id='word_1_121' title='bbox 1154 1618 1282 1678; x_wconf 90' lang='lat' dir='ltr'><strong>nondum</strong></span> <span class='ocrx_word' id='word_1_122' title='bbox 1303 1616 1439 1687; x_wconf 82' lang='lat' dir='ltr'><strong>exculta)</strong></span> <span class='ocrx_word' id='word_1_123' title='bbox 1464 1612 1549 1673; x_wconf 88' lang='lat' dir='ltr'><strong>addit</strong></span> <span class='ocrx_word' id='word_1_124' title='bbox 1568 1630 1644 1691; x_wconf 90' lang='lat' dir='ltr'><strong>quae</strong></span> <span class='ocrx_word' id='word_1_125' title='bbox 1664 1611 1753 1674; x_wconf 90' lang='lat' dir='ltr'><strong>vide-</strong></span> 
     </span>
     <span class='ocr_line' id='line_1_13' title="bbox 399 1700 1752 1782; baseline -0.002 -18"><span class='ocrx_word' id='word_1_126' title='bbox 399 1703 442 1774; x_wconf 85' lang='lat' dir='ltr'><strong>n&#39;t,</strong></span> <span class='ocrx_word' id='word_1_127' title='bbox 467 1700 572 1764; x_wconf 88' lang='lat' dir='ltr'><strong>Solem</strong></span> <span class='ocrx_word' id='word_1_128' title='bbox 596 1702 713 1763; x_wconf 88' lang='lat' dir='ltr'><strong>scilicet</strong></span> <span class='ocrx_word' id='word_1_129' title='bbox 735 1704 881 1782; x_wconf 90' lang='lat' dir='ltr'><strong>paulatim</strong></span> <span class='ocrx_word' id='word_1_130' title='bbox 905 1713 939 1764; x_wconf 92' lang='grc'><strong>01</strong></span> <span class='ocrx_word' id='word_1_131' title='bbox 962 1705 1040 1766; x_wconf 83' lang='grc'><strong>01100</strong></span> <span class='ocrx_word' id='word_1_132' title='bbox 1064 1706 1151 1766; x_wconf 90' lang='lat' dir='ltr'><strong>Luna</strong></span> <span class='ocrx_word' id='word_1_133' title='bbox 1174 1707 1254 1766; x_wconf 86' lang='lat' dir='ltr'><strong>solet</strong></span> <span class='ocrx_word' id='word_1_134' title='bbox 1278 1706 1385 1766; x_wconf 90' lang='lat' dir='ltr'><strong>iterum</strong></span> <span class='ocrx_word' id='word_1_135' title='bbox 1407 1703 1579 1782; x_wconf 91' lang='lat' dir='ltr'><strong>impletum,</strong></span> <span class='ocrx_word' id='word_1_136' title='bbox 1605 1700 1672 1778; x_wconf 89' lang='lat' dir='ltr'><strong>ipso</strong></span> <span class='ocrx_word' id='word_1_137' title='bbox 1696 1700 1752 1761; x_wconf 90' lang='lat' dir='ltr'><strong>de-</strong></span> 
     </span>
     <span class='ocr_line' id='line_1_14' title="bbox 398 1792 1620 1874; baseline 0 -22"><span class='ocrx_word' id='word_1_138' title='bbox 398 1794 475 1853; x_wconf 85' lang='lat' dir='ltr'><strong>lectu</strong></span> <span class='ocrx_word' id='word_1_139' title='bbox 499 1800 532 1852; x_wconf 89' lang='lat' dir='ltr'><strong>et</strong></span> <span class='ocrx_word' id='word_1_140' title='bbox 555 1792 688 1852; x_wconf 79' lang='lat' dir='ltr'><strong>cavitate</strong></span> <span class='ocrx_word' id='word_1_141' title='bbox 712 1811 768 1853; x_wconf 91' lang='lat' dir='ltr'><strong>sua</strong></span> <span class='ocrx_word' id='word_1_142' title='bbox 792 1794 896 1854; x_wconf 89' lang='lat' dir='ltr'><strong>Lunae</strong></span> <span class='ocrx_word' id='word_1_143' title='bbox 920 1795 1137 1855; x_wconf 85' lang='lat' dir='ltr'><strong>rotunditatem</strong></span> <span class='ocrx_word' id='word_1_144' title='bbox 1162 1795 1332 1874; x_wconf 90' lang='lat' dir='ltr'><strong>prodidisse</strong></span> <span class='ocrx_word' id='word_1_145' title='bbox 1357 1793 1414 1854; x_wconf 91' lang='lat' dir='ltr'><strong>sibi</strong></span> <span class='ocrx_word' id='word_1_146' title='bbox 1438 1792 1620 1852; x_wconf 88' lang='lat' dir='ltr'><strong>obstantem.</strong></span> 
     </span>
    </p>
   </div>
   <div class='ocr_carea' id='block_1_3' title="bbox 398 1878 1753 2043">
    <p class='ocr_par' dir='ltr' id='par_1_3' title="bbox 398 1878 1753 2043">
     <span class='ocr_line' id='line_1_15' title="bbox 481 1878 1753 1962; baseline 0 -21"><span class='ocrx_word' id='word_1_147' title='bbox 481 1879 588 1941; x_wconf 81' lang='lat' dir='ltr'><strong>Livius</strong></span> <span class='ocrx_word' id='word_1_148' title='bbox 617 1880 667 1941; x_wconf 89' lang='lat' dir='ltr'><strong>llb.</strong></span> <span class='ocrx_word' id='word_1_149' title='bbox 694 1879 745 1954; x_wconf 83' lang='lat'><strong>37,</strong></span> <span class='ocrx_word' id='word_1_150' title='bbox 771 1878 802 1944; x_wconf 81' lang='grc'><strong>4.</strong></span> <span class='ocrx_word' id='word_1_151' title='bbox 848 1892 934 1945; x_wconf 82' lang='lat' dir='ltr'><strong>Lucio</strong></span> <span class='ocrx_word' id='word_1_152' title='bbox 956 1893 1036 1947; x_wconf 89' lang='lat' dir='ltr'><strong>Corn.</strong></span> <span class='ocrx_word' id='word_1_153' title='bbox 1058 1892 1186 1962; x_wconf 88' lang='lat' dir='ltr'><strong>Scipione</strong></span> <span class='ocrx_word' id='word_1_154' title='bbox 1207 1900 1237 1946; x_wconf 91' lang='lat' dir='ltr'><strong>et</strong></span> <span class='ocrx_word' id='word_1_155' title='bbox 1255 1894 1284 1946; x_wconf 90' lang='lat' dir='ltr'><strong>C.</strong></span> <span class='ocrx_word' id='word_1_156' title='bbox 1312 1892 1410 1946; x_wconf 83' lang='lat' dir='ltr'><strong>Laelio</strong></span> <span class='ocrx_word' id='word_1_157' title='bbox 1433 1891 1509 1944; x_wconf 90' lang='lat' dir='ltr'><strong>Coss.</strong></span> <span class='ocrx_word' id='word_1_158' title='bbox 1540 1906 1590 1957; x_wconf 90' lang='lat' dir='ltr'><strong>per</strong></span> <span class='ocrx_word' id='word_1_159' title='bbox 1610 1904 1658 1941; x_wconf 92' lang='lat' dir='ltr'><strong>eos</strong></span> <span class='ocrx_word' id='word_1_160' title='bbox 1685 1886 1753 1951; x_wconf 83' lang='lat' dir='ltr'><strong>dies,</strong></span> 
     </span>
     <span class='ocr_line' id='line_1_16' title="bbox 398 1967 1753 2043; baseline -0.002 -19"><span class='ocrx_word' id='word_1_161' title='bbox 398 1970 492 2041; x_wconf 85' lang='lat' dir='ltr'><strong>quihus</strong></span> <span class='ocrx_word' id='word_1_162' title='bbox 513 1970 654 2039; x_wconf 83' lang='lat' dir='ltr'><strong>profectus</strong></span> <span class='ocrx_word' id='word_1_163' title='bbox 682 1973 715 2024; x_wconf 90' lang='lat' dir='ltr'><strong>ad</strong></span> <span class='ocrx_word' id='word_1_164' title='bbox 741 1973 845 2026; x_wconf 89' lang='lat' dir='ltr'><strong>bellum</strong></span> <span class='ocrx_word' id='word_1_165' title='bbox 866 1974 927 2028; x_wconf 88' lang='lat' dir='ltr'><strong>Cos.</strong></span> <span class='ocrx_word' id='word_1_166' title='bbox 949 1974 1020 2027; x_wconf 90' lang='lat' dir='ltr'><strong>ludis</strong></span> <span class='ocrx_word' id='word_1_167' title='bbox 1041 1973 1251 2043; x_wconf 83' lang='lat' dir='ltr'><strong>Apollinaribus</strong></span> <span class='ocrx_word' id='word_1_168' title='bbox 1273 1990 1300 2026; x_wconf 86' lang='lat' dir='ltr'><strong>u.</strong></span> <span class='ocrx_word' id='word_1_169' title='bbox 1321 1974 1348 2027; x_wconf 90' lang='lat' dir='ltr'><strong>d.</strong></span> <span class='ocrx_word' id='word_1_170' title='bbox 1369 1972 1403 2025; x_wconf 89' lang='lat' dir='ltr'><strong>V.</strong></span> <span class='ocrx_word' id='word_1_171' title='bbox 1425 1972 1464 2025; x_wconf 91' lang='lat' dir='ltr'><strong>ld.</strong></span> <span class='ocrx_word' id='word_1_172' title='bbox 1498 1969 1644 2032; x_wconf 85' lang='lat' dir='ltr'><strong>Quintiles,</strong></span> <span class='ocrx_word' id='word_1_173' title='bbox 1674 1967 1753 2021; x_wconf 90' lang='lat' dir='ltr'><strong>coelo</strong></span> 
     </span>
    </p>
   </div>
   <div class='ocr_carea' id='block_1_4' title="bbox 397 2045 1755 2296">
    <p class='ocr_par' dir='ltr' id='par_1_4' title="bbox 397 2045 1755 2296">
     <span class='ocr_line' id='line_1_17' title="bbox 397 2045 1755 2126; baseline -0.006 -12"><span class='ocrx_word' id='word_1_174' title='bbox 397 2077 491 2115; x_wconf 88' lang='lat' dir='ltr'><strong>sereno</strong></span> <span class='ocrx_word' id='word_1_175' title='bbox 518 2059 638 2113; x_wconf 84' lang='lat' dir='ltr'><strong>interdiu</strong></span> <span class='ocrx_word' id='word_1_176' title='bbox 663 2062 813 2115; x_wconf 88' lang='lat' dir='ltr'><strong>obscurata</strong></span> <span class='ocrx_word' id='word_1_177' title='bbox 839 2064 890 2117; x_wconf 83' lang='lat' dir='ltr'><strong>lux</strong></span> <span class='ocrx_word' id='word_1_178' title='bbox 920 2072 978 2126; x_wconf 90' lang='lat' dir='ltr'><strong>est;</strong></span> <span class='ocrx_word' id='word_1_179' title='bbox 1010 2082 1068 2118; x_wconf 88' lang='lat' dir='ltr'><strong>cum</strong></span> <span class='ocrx_word' id='word_1_180' title='bbox 1095 2064 1178 2117; x_wconf 83' lang='lat' dir='ltr'><strong>Luna</strong></span> <span class='ocrx_word' id='word_1_181' title='bbox 1206 2063 1257 2116; x_wconf 91' lang='lat' dir='ltr'><strong>sub</strong></span> <span class='ocrx_word' id='word_1_182' title='bbox 1283 2063 1377 2115; x_wconf 90' lang='lat' dir='ltr'><strong>urbem</strong></span> <span class='ocrx_word' id='word_1_183' title='bbox 1397 2060 1469 2115; x_wconf 88' lang='lat' dir='ltr'><strong>Solis</strong></span> <span class='ocrx_word' id='word_1_184' title='bbox 1498 2057 1638 2113; x_wconf 88' lang='lat' dir='ltr'><strong>subiisset.</strong></span> <span class='ocrx_word' id='word_1_185' title='bbox 1683 2045 1755 2107; x_wconf 82' lang='lat' dir='ltr'><strong>Fuit</strong></span> 
     </span>
     <span class='ocr_line' id='line_1_18' title="bbox 398 2135 1755 2221; baseline -0.001 -23"><span class='ocrx_word' id='word_1_186' title='bbox 398 2158 490 2200; x_wconf 90' lang='lat' dir='ltr'><strong>annus</strong></span> <span class='ocrx_word' id='word_1_187' title='bbox 521 2135 553 2199; x_wconf 84' lang='lat'><strong>2.</strong></span> <span class='ocrx_word' id='word_1_188' title='bbox 601 2136 720 2219; x_wconf 90' lang='lat' dir='ltr'><strong>Olymp.</strong></span> <span class='ocrx_word' id='word_1_189' title='bbox 756 2135 827 2204; x_wconf 85' lang='grc'><strong>147.</strong></span> <span class='ocrx_word' id='word_1_190' title='bbox 875 2144 962 2204; x_wconf 90' lang='lat' dir='ltr'><strong>Luna</strong></span> <span class='ocrx_word' id='word_1_191' title='bbox 999 2164 1017 2204; x_wconf 92' lang='lat' dir='ltr'><strong>a</strong></span> <span class='ocrx_word' id='word_1_192' title='bbox 1047 2142 1187 2221; x_wconf 87' lang='lat' dir='ltr'><strong>perigaeo</strong></span> <span class='ocrx_word' id='word_1_193' title='bbox 1224 2140 1434 2219; x_wconf 86' lang='lat' dir='ltr'><strong>consurgebat.</strong></span> <span class='ocrx_word' id='word_1_194' title='bbox 1486 2139 1596 2200; x_wconf 86' lang='lat' dir='ltr'><strong>Forma</strong></span> <span class='ocrx_word' id='word_1_195' title='bbox 1631 2135 1755 2197; x_wconf 91' lang='lat' dir='ltr'><strong>Juliana</strong></span> 
     </span>
     <span class='ocr_line' id='line_1_19' title="bbox 400 2223 1029 2296; baseline 0.005 -7"><span class='ocrx_word' id='word_1_196' title='bbox 400 2223 425 2289; x_wconf 85' lang='grc'><strong>3.</strong></span> <span class='ocrx_word' id='word_1_197' title='bbox 449 2226 555 2289; x_wconf 85' lang='lat' dir='ltr'><strong>Martii</strong></span> <span class='ocrx_word' id='word_1_198' title='bbox 580 2235 650 2288; x_wconf 91' lang='lat' dir='ltr'><strong>ante</strong></span> <span class='ocrx_word' id='word_1_199' title='bbox 676 2226 827 2291; x_wconf 86' lang='lat' dir='ltr'><strong>Christum</strong></span> <span class='ocrx_word' id='word_1_200' title='bbox 852 2251 929 2292; x_wconf 92' lang='lat' dir='ltr'><strong>anno</strong></span> <span class='ocrx_word' id='word_1_201' title='bbox 957 2229 1029 2296; x_wconf 90' lang='grc'><strong>190.</strong></span> 
     </span>
    </p>
   </div>
   <div class='ocr_carea' id='block_1_5' title="bbox 396 2332 1757 3030">
    <p class='ocr_par' dir='ltr' id='par_1_5' title="bbox 396 2332 1757 2763">
     <span class='ocr_line' id='line_1_20' title="bbox 482 2332 1755 2417; baseline -0.002 -24"><span class='ocrx_word' id='word_1_202' title='bbox 482 2332 612 2394; x_wconf 87' lang='lat' dir='ltr'><strong>Biennio</strong></span> <span class='ocrx_word' id='word_1_203' title='bbox 636 2342 706 2413; x_wconf 89' lang='lat' dir='ltr'><strong>post</strong></span> <span class='ocrx_word' id='word_1_204' title='bbox 734 2335 813 2397; x_wconf 93' lang='lat' dir='ltr'><strong>idern</strong></span> <span class='ocrx_word' id='word_1_205' title='bbox 837 2338 941 2399; x_wconf 88' lang='lat' dir='ltr'><strong>Livius</strong></span> <span class='ocrx_word' id='word_1_206' title='bbox 972 2340 1023 2400; x_wconf 89' lang='lat' dir='ltr'><strong>lib.</strong></span> <span class='ocrx_word' id='word_1_207' title='bbox 1048 2337 1105 2413; x_wconf 81' lang='lat'><strong>38,</strong></span> <span class='ocrx_word' id='word_1_208' title='bbox 1139 2333 1194 2400; x_wconf 88' lang='grc'><strong>37.</strong></span> <span class='ocrx_word' id='word_1_209' title='bbox 1230 2337 1315 2410; x_wconf 80' lang='lat' dir='ltr'><strong>„luce</strong></span> <span class='ocrx_word' id='word_1_210' title='bbox 1338 2334 1417 2395; x_wconf 93' lang='lat' dir='ltr'><strong>inter</strong></span> <span class='ocrx_word' id='word_1_211' title='bbox 1447 2332 1552 2393; x_wconf 88' lang='lat' dir='ltr'><strong>horam</strong></span> <span class='ocrx_word' id='word_1_212' title='bbox 1575 2332 1699 2417; x_wconf 75' lang='lat' dir='ltr'><strong>tertiam</strong></span> <span class='ocrx_word' id='word_1_213' title='bbox 1723 2337 1755 2392; x_wconf 87' lang='lat' dir='ltr'><strong>et</strong></span> 
     </span>
     <span class='ocr_line' id='line_1_21' title="bbox 399 2421 1757 2509; baseline -0.001 -26"><span class='ocrx_word' id='word_1_214' title='bbox 399 2430 536 2501; x_wconf 85' lang='lat' dir='ltr'><strong>quartam</strong></span> <span class='ocrx_word' id='word_1_215' title='bbox 561 2423 703 2484; x_wconf 89' lang='lat' dir='ltr'><strong>tenebras</strong></span> <span class='ocrx_word' id='word_1_216' title='bbox 727 2424 871 2486; x_wconf 85' lang='lat' dir='ltr'><strong>obortas“</strong></span> <span class='ocrx_word' id='word_1_217' title='bbox 897 2428 957 2501; x_wconf 89' lang='lat' dir='ltr'><strong>ait;</strong></span> <span class='ocrx_word' id='word_1_218' title='bbox 987 2428 1093 2509; x_wconf 90' lang='lat' dir='ltr'><strong>quibus</strong></span> <span class='ocrx_word' id='word_1_219' title='bbox 1117 2426 1300 2504; x_wconf 89' lang='lat' dir='ltr'><strong>temporibus</strong></span> <span class='ocrx_word' id='word_1_220' title='bbox 1324 2423 1458 2485; x_wconf 90' lang='lat' dir='ltr'><strong>calculus</strong></span> <span class='ocrx_word' id='word_1_221' title='bbox 1486 2422 1610 2500; x_wconf 87' lang='lat' dir='ltr'><strong>eclipsin</strong></span> <span class='ocrx_word' id='word_1_222' title='bbox 1642 2421 1757 2481; x_wconf 88' lang='lat' dir='ltr'><strong>nnllam</strong></span> 
     </span>
     <span class='ocr_line' id='line_1_22' title="bbox 400 2507 1756 2595; baseline -0.001 -22"><span class='ocrx_word' id='word_1_223' title='bbox 400 2511 532 2573; x_wconf 83' lang='lat' dir='ltr'><strong>exhibet.</strong></span> <span class='ocrx_word' id='word_1_224' title='bbox 580 2511 751 2591; x_wconf 83' lang='lat' dir='ltr'><strong>Prodigium</strong></span> <span class='ocrx_word' id='word_1_225' title='bbox 784 2514 876 2592; x_wconf 91' lang='lat' dir='ltr'><strong>igitur</strong></span> <span class='ocrx_word' id='word_1_226' title='bbox 910 2516 975 2578; x_wconf 87' lang='grc'><strong>1011.</strong></span> <span class='ocrx_word' id='word_1_227' title='bbox 1021 2514 1192 2595; x_wconf 89' lang='lat' dir='ltr'><strong>Buntingus</strong></span> <span class='ocrx_word' id='word_1_228' title='bbox 1224 2513 1349 2593; x_wconf 86' lang='lat' dir='ltr'><strong>eclipsin</strong></span> <span class='ocrx_word' id='word_1_229' title='bbox 1382 2507 1564 2592; x_wconf 87' lang='lat' dir='ltr'><strong>producit3</strong></span> <span class='ocrx_word' id='word_1_230' title='bbox 1594 2509 1756 2589; x_wconf 87' lang='lat' dir='ltr'><strong>digitorum</strong></span> 
     </span>
     <span class='ocr_line' id='line_1_23' title="bbox 396 2598 1754 2686; baseline 0 -25"><span class='ocrx_word' id='word_1_231' title='bbox 396 2600 527 2680; x_wconf 88' lang='lat' dir='ltr'><strong>ineptam</strong></span> <span class='ocrx_word' id='word_1_232' title='bbox 550 2600 590 2660; x_wconf 90' lang='lat' dir='ltr'><strong>ad</strong></span> <span class='ocrx_word' id='word_1_233' title='bbox 613 2601 755 2663; x_wconf 89' lang='lat' dir='ltr'><strong>tenebras</strong></span> <span class='ocrx_word' id='word_1_234' title='bbox 779 2604 942 2677; x_wconf 86' lang='lat' dir='ltr'><strong>faciendas,</strong></span> <span class='ocrx_word' id='word_1_235' title='bbox 967 2605 1034 2686; x_wconf 90' lang='lat' dir='ltr'><strong>quin</strong></span> <span class='ocrx_word' id='word_1_236' title='bbox 1060 2614 1091 2665; x_wconf 91' lang='lat' dir='ltr'><strong>et</strong></span> <span class='ocrx_word' id='word_1_237' title='bbox 1113 2605 1187 2666; x_wconf 91' lang='lat' dir='ltr'><strong>hora</strong></span> <span class='ocrx_word' id='word_1_238' title='bbox 1206 2604 1276 2679; x_wconf 90' lang='lat' dir='ltr'><strong>alia,</strong></span> <span class='ocrx_word' id='word_1_239' title='bbox 1300 2620 1406 2682; x_wconf 87' lang='lat' dir='ltr'><strong>nempe</strong></span> <span class='ocrx_word' id='word_1_240' title='bbox 1422 2598 1454 2664; x_wconf 88' lang='grc'><strong>9.</strong></span> <span class='ocrx_word' id='word_1_241' title='bbox 1478 2601 1553 2661; x_wconf 91' lang='lat' dir='ltr'><strong>hora</strong></span> <span class='ocrx_word' id='word_1_242' title='bbox 1576 2599 1634 2660; x_wconf 92' lang='lat' dir='ltr'><strong>diei</strong></span> <span class='ocrx_word' id='word_1_243' title='bbox 1659 2601 1754 2671; x_wconf 87' lang='lat' dir='ltr'><strong>(more</strong></span> 
     </span>
     <span class='ocr_line' id='line_1_24' title="bbox 398 2689 689 2763; baseline 0 -12"><span class='ocrx_word' id='word_1_244' title='bbox 398 2689 551 2763; x_wconf 89' lang='lat' dir='ltr'><strong>Romano)</strong></span> <span class='ocrx_word' id='word_1_245' title='bbox 575 2689 689 2751; x_wconf 87' lang='lat' dir='ltr'><strong>incidit.</strong></span> 
     </span>
    </p>

    <p class='ocr_par' dir='ltr' id='par_1_6' title="bbox 396 2775 1755 3030">
     <span class='ocr_line' id='line_1_25' title="bbox 479 2775 1755 2861; baseline -0.002 -22"><span class='ocrx_word' id='word_1_246' title='bbox 479 2778 689 2840; x_wconf 83' lang='lat' dir='ltr'><strong>Memorabilis</strong></span> <span class='ocrx_word' id='word_1_247' title='bbox 712 2788 760 2840; x_wconf 86' lang='lat' dir='ltr'><strong>est</strong></span> <span class='ocrx_word' id='word_1_248' title='bbox 793 2781 927 2860; x_wconf 86' lang='lat' dir='ltr'><strong>inprimis</strong></span> <span class='ocrx_word' id='word_1_249' title='bbox 958 2783 1011 2843; x_wconf 90' lang='lat' dir='ltr'><strong>illa</strong></span> <span class='ocrx_word' id='word_1_250' title='bbox 1038 2782 1177 2861; x_wconf 85' lang='lat' dir='ltr'><strong>eclipsis,</strong></span> <span class='ocrx_word' id='word_1_251' title='bbox 1213 2800 1301 2861; x_wconf 87' lang='lat' dir='ltr'><strong>quam</strong></span> <span class='ocrx_word' id='word_1_252' title='bbox 1323 2779 1516 2859; x_wconf 90' lang='lat' dir='ltr'><strong>Hipparchus</strong></span> <span class='ocrx_word' id='word_1_253' title='bbox 1550 2777 1580 2839; x_wconf 93' lang='grc'><strong>10</strong></span> <span class='ocrx_word' id='word_1_254' title='bbox 1612 2775 1688 2837; x_wconf 91' lang='lat' dir='ltr'><strong>libro</strong></span> <span class='ocrx_word' id='word_1_255' title='bbox 1717 2776 1755 2838; x_wconf 92' lang='lat' dir='ltr'><strong>de</strong></span> 
     </span>
     <span class='ocr_line' id='line_1_26' title="bbox 396 2864 1754 2946; baseline -0.002 -18"><span class='ocrx_word' id='word_1_256' title='bbox 396 2866 650 2946; x_wconf 88' lang='lat' dir='ltr'><strong>magnitudinibus</strong></span> <span class='ocrx_word' id='word_1_257' title='bbox 683 2877 714 2928; x_wconf 91' lang='lat' dir='ltr'><strong>et</strong></span> <span class='ocrx_word' id='word_1_258' title='bbox 743 2868 911 2931; x_wconf 87' lang='lat' dir='ltr'><strong>intervallis</strong></span> <span class='ocrx_word' id='word_1_259' title='bbox 944 2871 1137 2944; x_wconf 86' lang='lat' dir='ltr'><strong>adhibuerat,</strong></span> <span class='ocrx_word' id='word_1_260' title='bbox 1169 2871 1314 2931; x_wconf 90' lang='lat' dir='ltr'><strong>incertum</strong></span> <span class='ocrx_word' id='word_1_261' title='bbox 1348 2890 1367 2929; x_wconf 95' lang='lat' dir='ltr'><strong>a</strong></span> <span class='ocrx_word' id='word_1_262' title='bbox 1398 2887 1431 2927; x_wconf 94' lang='lat' dir='ltr'><strong>se</strong></span> <span class='ocrx_word' id='word_1_263' title='bbox 1461 2887 1499 2927; x_wconf 90' lang='lat' dir='ltr'><strong>an</strong></span> <span class='ocrx_word' id='word_1_264' title='bbox 1532 2864 1754 2932; x_wconf 89' lang='lat' dir='ltr'><strong>aTimouhare</strong></span> 
     </span>
     <span class='ocr_line' id='line_1_27' title="bbox 397 2948 1752 3030; baseline -0.001 -13"><span class='ocrx_word' id='word_1_265' title='bbox 397 2957 601 3029; x_wconf 82' lang='lat' dir='ltr'><strong>observatam,</strong></span> <span class='ocrx_word' id='word_1_266' title='bbox 626 2975 691 3018; x_wconf 90' lang='lat' dir='ltr'><strong>cnm</strong></span> <span class='ocrx_word' id='word_1_267' title='bbox 715 2957 920 3020; x_wconf 82' lang='lat' dir='ltr'><strong>Alexandriae</strong></span> <span class='ocrx_word' id='word_1_268' title='bbox 944 2960 1093 3021; x_wconf 88' lang='lat' dir='ltr'><strong>scribatur</strong></span> <span class='ocrx_word' id='word_1_269' title='bbox 1117 2961 1299 3020; x_wconf 88' lang='lat' dir='ltr'><strong>observata:</strong></span> <span class='ocrx_word' id='word_1_270' title='bbox 1323 2956 1453 3030; x_wconf 86' lang='lat' dir='ltr'><strong>Etenim,</strong></span> <span class='ocrx_word' id='word_1_271' title='bbox 1479 2964 1511 3016; x_wconf 93' lang='lat' dir='ltr'><strong>nt</strong></span> <span class='ocrx_word' id='word_1_272' title='bbox 1536 2957 1573 3016; x_wconf 93' lang='lat' dir='ltr'><strong>de</strong></span> <span class='ocrx_word' id='word_1_273' title='bbox 1597 2973 1634 3015; x_wconf 92' lang='lat' dir='ltr'><strong>ea</strong></span> <span class='ocrx_word' id='word_1_274' title='bbox 1659 2948 1752 3016; x_wconf 86' lang='lat' dir='ltr'><strong>Cleo·¹</strong></span> 
     </span>
    </p>
   </div>
   <div class='ocr_carea' id='block_1_6' title="bbox 396 3045 1754 3209">
    <p class='ocr_par' dir='ltr' id='par_1_7' title="bbox 396 3045 1754 3209">
     <span class='ocr_line' id='line_1_28' title="bbox 396 3045 1754 3129; baseline -0.001 -19"><span class='ocrx_word' id='word_1_275' title='bbox 396 3045 497 3107; x_wconf 65' lang='lat' dir='ltr'><strong>medes</strong></span> <span class='ocrx_word' id='word_1_276' title='bbox 520 3045 630 3118; x_wconf 72' lang='lat' dir='ltr'><strong>referi,</strong></span> <span class='ocrx_word' id='word_1_277' title='bbox 666 3057 713 3111; x_wconf 88' lang='lat' dir='ltr'><strong>sol</strong></span> <span class='ocrx_word' id='word_1_278' title='bbox 748 3064 824 3112; x_wconf 89' lang='lat' dir='ltr'><strong>totns</strong></span> <span class='ocrx_word' id='word_1_279' title='bbox 859 3060 886 3113; x_wconf 92' lang='lat' dir='ltr'><strong>in</strong></span> <span class='ocrx_word' id='word_1_280' title='bbox 920 3060 1104 3129; x_wconf 86' lang='lat' dir='ltr'><strong>Hellesponto</strong></span> <span class='ocrx_word' id='word_1_281' title='bbox 1139 3057 1266 3112; x_wconf 80' lang='lat' dir='ltr'><strong>deficiens</strong></span> <span class='ocrx_word' id='word_1_282' title='bbox 1301 3059 1466 3112; x_wconf 86' lang='lat' dir='ltr'><strong>observatus</strong></span> <span class='ocrx_word' id='word_1_283' title='bbox 1491 3060 1536 3109; x_wconf 89' lang='lat' dir='ltr'><strong>est</strong></span> <span class='ocrx_word' id='word_1_284' title='bbox 1563 3052 1754 3108; x_wconf 80' lang='lat' dir='ltr'><strong>Alexandriae</strong></span> 
     </span>
     <span class='ocr_line' id='line_1_29' title="bbox 396 3136 1128 3209; baseline 0.004 -19"><span class='ocrx_word' id='word_1_285' title='bbox 396 3136 492 3208; x_wconf 79' lang='lat' dir='ltr'><strong>quinta</strong></span> <span class='ocrx_word' id='word_1_286' title='bbox 511 3141 594 3204; x_wconf 87' lang='lat' dir='ltr'><strong>parte</strong></span> <span class='ocrx_word' id='word_1_287' title='bbox 616 3136 741 3191; x_wconf 85' lang='lat' dir='ltr'><strong>diametri</strong></span> <span class='ocrx_word' id='word_1_288' title='bbox 763 3140 851 3202; x_wconf 88' lang='lat' dir='ltr'><strong>salva,</strong></span> <span class='ocrx_word' id='word_1_289' title='bbox 874 3141 982 3209; x_wconf 91' lang='lat' dir='ltr'><strong>reliqua</strong></span> <span class='ocrx_word' id='word_1_290' title='bbox 1002 3142 1128 3194; x_wconf 86' lang='lat' dir='ltr'><strong>deficere.</strong></span> 
     </span>
    </p>
   </div>
   <div class='ocr_carea' id='block_1_7' title="bbox 396 3230 1754 3752">
    <p class='ocr_par' dir='ltr' id='par_1_8' title="bbox 396 3230 1754 3752">
     <span class='ocr_line' id='line_1_30' title="bbox 486 3230 1753 3315; baseline -0.001 -22"><span class='ocrx_word' id='word_1_291' title='bbox 486 3230 629 3293; x_wconf 85' lang='lat' dir='ltr'><strong>Meminit</strong></span> <span class='ocrx_word' id='word_1_292' title='bbox 661 3233 726 3313; x_wconf 86' lang='lat' dir='ltr'><strong>ejus</strong></span> <span class='ocrx_word' id='word_1_293' title='bbox 756 3234 949 3297; x_wconf 89' lang='lat' dir='ltr'><strong>Ptolemaeus</strong></span> <span class='ocrx_word' id='word_1_294' title='bbox 978 3236 1028 3296; x_wconf 91' lang='lat' dir='ltr'><strong>lib.</strong></span> <span class='ocrx_word' id='word_1_295' title='bbox 1054 3237 1094 3296; x_wconf 90' lang='lat' dir='ltr'><strong>V.</strong></span> <span class='ocrx_word' id='word_1_296' title='bbox 1131 3234 1236 3315; x_wconf 88' lang='lat' dir='ltr'><strong>Magni</strong></span> <span class='ocrx_word' id='word_1_297' title='bbox 1261 3232 1388 3315; x_wconf 91' lang='lat' dir='ltr'><strong>Operis,</strong></span> <span class='ocrx_word' id='word_1_298' title='bbox 1422 3251 1489 3313; x_wconf 92' lang='lat' dir='ltr'><strong>cap.</strong></span> <span class='ocrx_word' id='word_1_299' title='bbox 1512 3232 1569 3293; x_wconf 88' lang='lat' dir='ltr'><strong>XI.</strong></span> <span class='ocrx_word' id='word_1_300' title='bbox 1594 3230 1753 3293; x_wconf 76' lang='grc'><strong>01111000</strong></span> 
     </span>
     <span class='ocr_line' id='line_1_31' title="bbox 396 3318 1754 3403; baseline 0.004 -23"><span class='ocrx_word' id='word_1_301' title='bbox 396 3321 421 3381; x_wconf 93' lang='lat' dir='ltr'><strong>in</strong></span> <span class='ocrx_word' id='word_1_302' title='bbox 450 3318 677 3383; x_wconf 88' lang='lat' dir='ltr'><strong>Commentario</strong></span> <span class='ocrx_word' id='word_1_303' title='bbox 706 3342 795 3402; x_wconf 91' lang='lat' dir='ltr'><strong>super</strong></span> <span class='ocrx_word' id='word_1_304' title='bbox 822 3324 878 3386; x_wconf 92' lang='lat' dir='ltr'><strong>hoc</strong></span> <span class='ocrx_word' id='word_1_305' title='bbox 906 3324 1006 3386; x_wconf 89' lang='lat' dir='ltr'><strong>verbis</strong></span> <span class='ocrx_word' id='word_1_306' title='bbox 1034 3324 1236 3386; x_wconf 89' lang='lat' dir='ltr'><strong>notabilibus:</strong></span> <span class='ocrx_word' id='word_1_307' title='bbox 1277 3334 1409 3397; x_wconf 87' lang='lat' dir='ltr'><strong>Assumit,</strong></span> <span class='ocrx_word' id='word_1_308' title='bbox 1431 3321 1541 3403; x_wconf 87' lang='lat' dir='ltr'><strong>inquit,</strong></span> <span class='ocrx_word' id='word_1_309' title='bbox 1579 3330 1695 3400; x_wconf 81' lang='lat' dir='ltr'><strong>eclipsin</strong></span> <span class='ocrx_word' id='word_1_310' title='bbox 1725 3330 1754 3386; x_wconf 88' lang='lat' dir='ltr'><strong>in</strong></span> 
     </span>
     <span class='ocr_line' id='line_1_32' title="bbox 396 3411 1754 3485; baseline 0.001 -21"><span class='ocrx_word' id='word_1_311' title='bbox 396 3411 474 3474; x_wconf 85' lang='lat' dir='ltr'><strong>locis,</strong></span> <span class='ocrx_word' id='word_1_312' title='bbox 497 3427 570 3482; x_wconf 85' lang='lat' dir='ltr'><strong>qnae</strong></span> <span class='ocrx_word' id='word_1_313' title='bbox 592 3418 657 3465; x_wconf 90' lang='grc'><strong>0001</strong></span> <span class='ocrx_word' id='word_1_314' title='bbox 677 3413 750 3467; x_wconf 86' lang='lat' dir='ltr'><strong>circa</strong></span> <span class='ocrx_word' id='word_1_315' title='bbox 769 3415 990 3485; x_wconf 84' lang='lat' dir='ltr'><strong>Hellespontum,</strong></span> <span class='ocrx_word' id='word_1_316' title='bbox 1014 3415 1041 3469; x_wconf 91' lang='lat' dir='ltr'><strong>in</strong></span> <span class='ocrx_word' id='word_1_317' title='bbox 1063 3422 1121 3470; x_wconf 89' lang='lat' dir='ltr'><strong>toto</strong></span> <span class='ocrx_word' id='word_1_318' title='bbox 1142 3416 1206 3469; x_wconf 89' lang='lat' dir='ltr'><strong>Sole</strong></span> <span class='ocrx_word' id='word_1_319' title='bbox 1229 3421 1360 3470; x_wconf 89' lang='lat' dir='ltr'><strong>accurate</strong></span> <span class='ocrx_word' id='word_1_320' title='bbox 1381 3414 1500 3477; x_wconf 82' lang='lat' dir='ltr'><strong>tactam,</strong></span> <span class='ocrx_word' id='word_1_321' title='bbox 1522 3417 1555 3465; x_wconf 89' lang='lat' dir='ltr'><strong>ut</strong></span> <span class='ocrx_word' id='word_1_322' title='bbox 1575 3411 1644 3465; x_wconf 90' lang='lat' dir='ltr'><strong>nihil</strong></span> <span class='ocrx_word' id='word_1_323' title='bbox 1665 3413 1699 3465; x_wconf 91' lang='lat' dir='ltr'><strong>de</strong></span> <span class='ocrx_word' id='word_1_324' title='bbox 1720 3429 1754 3465; x_wconf 89' lang='lat' dir='ltr'><strong>eo</strong></span> 
     </span>
     <span class='ocr_line' id='line_1_33' title="bbox 396 3490 1753 3570; baseline -0.002 -17"><span class='ocrx_word' id='word_1_325' title='bbox 396 3507 555 3570; x_wconf 82' lang='lat' dir='ltr'><strong>appareret.</strong></span> <span class='ocrx_word' id='word_1_326' title='bbox 602 3490 670 3551; x_wconf 89' lang='lat' dir='ltr'><strong>Non</strong></span> <span class='ocrx_word' id='word_1_327' title='bbox 696 3500 812 3552; x_wconf 90' lang='lat' dir='ltr'><strong>tautum</strong></span> <span class='ocrx_word' id='word_1_328' title='bbox 836 3494 892 3554; x_wconf 91' lang='lat' dir='ltr'><strong>hoc</strong></span> <span class='ocrx_word' id='word_1_329' title='bbox 917 3495 1056 3568; x_wconf 84' lang='lat' dir='ltr'><strong>affirmat,</strong></span> <span class='ocrx_word' id='word_1_330' title='bbox 1082 3503 1179 3555; x_wconf 91' lang='lat' dir='ltr'><strong>totum</strong></span> <span class='ocrx_word' id='word_1_331' title='bbox 1204 3493 1305 3556; x_wconf 89' lang='lat' dir='ltr'><strong>Solem</strong></span> <span class='ocrx_word' id='word_1_332' title='bbox 1329 3495 1359 3553; x_wconf 93' lang='grc'><strong>10</strong></span> <span class='ocrx_word' id='word_1_333' title='bbox 1383 3493 1582 3570; x_wconf 91' lang='lat' dir='ltr'><strong>Hellesponto</strong></span> <span class='ocrx_word' id='word_1_334' title='bbox 1607 3490 1753 3551; x_wconf 85' lang='lat' dir='ltr'><strong>latuisse:</strong></span> 
     </span>
     <span class='ocr_line' id='line_1_34' title="bbox 396 3578 1754 3661; baseline 0.003 -23"><span class='ocrx_word' id='word_1_335' title='bbox 396 3580 446 3639; x_wconf 91' lang='lat' dir='ltr'><strong>sed</strong></span> <span class='ocrx_word' id='word_1_336' title='bbox 471 3578 564 3639; x_wconf 89' lang='lat' dir='ltr'><strong>etiam</strong></span> <span class='ocrx_word' id='word_1_337' title='bbox 589 3578 780 3642; x_wconf 89' lang='lat' dir='ltr'><strong>latitudinem</strong></span> <span class='ocrx_word' id='word_1_338' title='bbox 804 3581 848 3642; x_wconf 91' lang='grc'><strong>1111</strong></span> <span class='ocrx_word' id='word_1_339' title='bbox 871 3583 1076 3661; x_wconf 91' lang='lat' dir='ltr'><strong>phaenomeuo</strong></span> <span class='ocrx_word' id='word_1_340' title='bbox 1100 3583 1221 3657; x_wconf 87' lang='lat' dir='ltr'><strong>tribuit,</strong></span> <span class='ocrx_word' id='word_1_341' title='bbox 1246 3593 1273 3648; x_wconf 88' lang='lat' dir='ltr'><strong>in</strong></span> <span class='ocrx_word' id='word_1_342' title='bbox 1294 3594 1367 3646; x_wconf 82' lang='lat' dir='ltr'><strong>loeis</strong></span> <span class='ocrx_word' id='word_1_343' title='bbox 1395 3580 1530 3661; x_wconf 87' lang='lat' dir='ltr'><strong>inquiens</strong></span> <span class='ocrx_word' id='word_1_344' title='bbox 1559 3588 1754 3659; x_wconf 79' lang='lat' dir='ltr'><strong>circumjacen-</strong></span> 
     </span>
     <span class='ocr_line' id='line_1_35' title="bbox 396 3668 1754 3752; baseline -0.004 -20"><span class='ocrx_word' id='word_1_345' title='bbox 396 3679 478 3732; x_wconf 75' lang='lat' dir='ltr'><strong>tibus.</strong></span> <span class='ocrx_word' id='word_1_346' title='bbox 515 3668 595 3727; x_wconf 89' lang='lat' dir='ltr'><strong>Hinc</strong></span> <span class='ocrx_word' id='word_1_347' title='bbox 624 3677 687 3744; x_wconf 90' lang='lat' dir='ltr'><strong>est,</strong></span> <span class='ocrx_word' id='word_1_348' title='bbox 720 3670 797 3749; x_wconf 91' lang='lat' dir='ltr'><strong>quod</strong></span> <span class='ocrx_word' id='word_1_349' title='bbox 823 3668 1000 3732; x_wconf 84' lang='lat' dir='ltr'><strong>Cleomedes</strong></span> <span class='ocrx_word' id='word_1_350' title='bbox 1023 3672 1075 3733; x_wconf 89' lang='lat' dir='ltr'><strong>lib.</strong></span> <span class='ocrx_word' id='word_1_351' title='bbox 1101 3673 1140 3733; x_wconf 90' lang='grc' dir='ltr'><strong>Η.</strong></span> <span class='ocrx_word' id='word_1_352' title='bbox 1167 3674 1260 3734; x_wconf 86' lang='lat' dir='ltr'><strong>refert</strong></span> <span class='ocrx_word' id='word_1_353' title='bbox 1282 3672 1386 3752; x_wconf 90' lang='lat' dir='ltr'><strong>procul</strong></span> <span class='ocrx_word' id='word_1_354' title='bbox 1416 3670 1505 3730; x_wconf 94' lang='lat' dir='ltr'><strong>dnbio</strong></span> <span class='ocrx_word' id='word_1_355' title='bbox 1537 3687 1574 3729; x_wconf 83' lang='lat' dir='ltr'><strong>ex</strong></span> <span class='ocrx_word' id='word_1_356' title='bbox 1606 3669 1663 3728; x_wconf 91' lang='lat' dir='ltr'><strong>hoc</strong></span> <span class='ocrx_word' id='word_1_357' title='bbox 1687 3668 1754 3747; x_wconf 93' lang='lat' dir='ltr'><strong>ipso</strong></span> 
     </span>
    </p>
   </div>
   <div class='ocr_carea' id='block_1_8' title="bbox 397 3755 1754 3919">
    <p class='ocr_par' dir='ltr' id='par_1_9' title="bbox 397 3755 1754 3919">
     <span class='ocr_line' id='line_1_36' title="bbox 397 3755 1754 3843; baseline 0.001 -26"><span class='ocrx_word' id='word_1_358' title='bbox 397 3755 560 3837; x_wconf 80' lang='lat' dir='ltr'><strong>Hipparchi</strong></span> <span class='ocrx_word' id='word_1_359' title='bbox 586 3756 666 3832; x_wconf 79' lang='lat' dir='ltr'><strong>locu,</strong></span> <span class='ocrx_word' id='word_1_360' title='bbox 690 3770 764 3823; x_wconf 90' lang='lat' dir='ltr'><strong>hanc</strong></span> <span class='ocrx_word' id='word_1_361' title='bbox 790 3772 913 3824; x_wconf 91' lang='lat' dir='ltr'><strong>umbram</strong></span> <span class='ocrx_word' id='word_1_362' title='bbox 940 3772 1003 3841; x_wconf 88' lang='lat' dir='ltr'><strong>plus</strong></span> <span class='ocrx_word' id='word_1_363' title='bbox 1032 3788 1114 3842; x_wconf 91' lang='lat' dir='ltr'><strong>quarn</strong></span> <span class='ocrx_word' id='word_1_364' title='bbox 1139 3779 1237 3843; x_wconf 88' lang='lat' dir='ltr'><strong>quater</strong></span> <span class='ocrx_word' id='word_1_365' title='bbox 1263 3772 1338 3825; x_wconf 91' lang='lat' dir='ltr'><strong>mille</strong></span> <span class='ocrx_word' id='word_1_366' title='bbox 1360 3769 1452 3825; x_wconf 86' lang='lat' dir='ltr'><strong>stadia</strong></span> <span class='ocrx_word' id='word_1_367' title='bbox 1473 3784 1618 3838; x_wconf 88' lang='lat' dir='ltr'><strong>occupare.</strong></span> <span class='ocrx_word' id='word_1_368' title='bbox 1661 3764 1754 3821; x_wconf 88' lang='lat' dir='ltr'><strong>Omnis</strong></span> 
     </span>
     <span class='ocr_line' id='line_1_37' title="bbox 397 3848 1753 3919; baseline -0.001 -19"><span class='ocrx_word' id='word_1_369' title='bbox 397 3848 465 3901; x_wconf 91' lang='lat' dir='ltr'><strong>euim</strong></span> <span class='ocrx_word' id='word_1_370' title='bbox 496 3848 590 3910; x_wconf 85' lang='lat' dir='ltr'><strong>lucus,</strong></span> <span class='ocrx_word' id='word_1_371' title='bbox 622 3848 649 3902; x_wconf 91' lang='lat' dir='ltr'><strong>in</strong></span> <span class='ocrx_word' id='word_1_372' title='bbox 679 3866 732 3919; x_wconf 90' lang='lat' dir='ltr'><strong>qno</strong></span> <span class='ocrx_word' id='word_1_373' title='bbox 761 3849 809 3904; x_wconf 85' lang='lat' dir='ltr'><strong>Sol</strong></span> <span class='ocrx_word' id='word_1_374' title='bbox 839 3868 893 3904; x_wconf 90' lang='lat' dir='ltr'><strong>uon</strong></span> <span class='ocrx_word' id='word_1_375' title='bbox 923 3851 1045 3905; x_wconf 89' lang='lat' dir='ltr'><strong>cernitur</strong></span> <span class='ocrx_word' id='word_1_376' title='bbox 1068 3852 1150 3907; x_wconf 86' lang='lat' dir='ltr'><strong>Luna</strong></span> <span class='ocrx_word' id='word_1_377' title='bbox 1180 3853 1419 3914; x_wconf 83' lang='lat' dir='ltr'><strong>subtercurrente,</strong></span> <span class='ocrx_word' id='word_1_378' title='bbox 1450 3849 1549 3902; x_wconf 87' lang='lat' dir='ltr'><strong>umbra</strong></span> <span class='ocrx_word' id='word_1_379' title='bbox 1573 3849 1671 3901; x_wconf 88' lang='lat' dir='ltr'><strong>Lunae</strong></span> <span class='ocrx_word' id='word_1_380' title='bbox 1701 3851 1753 3900; x_wconf 88' lang='lat' dir='ltr'><strong>est.</strong></span> 
     </span>
    </p>
   </div>
   <div class='ocr_carea' id='block_1_9' title="bbox 398 3925 1765 4542">
    <p class='ocr_par' dir='ltr' id='par_1_10' title="bbox 398 3925 1765 4542">
     <span class='ocr_line' id='line_1_38' title="bbox 398 3925 1765 4009; baseline -0.002 -22"><span class='ocrx_word' id='word_1_381' title='bbox 398 3926 499 3987; x_wconf 91' lang='lat' dir='ltr'><strong>Theon</strong></span> <span class='ocrx_word' id='word_1_382' title='bbox 524 3926 603 3985; x_wconf 91' lang='lat' dir='ltr'><strong>enim</strong></span> <span class='ocrx_word' id='word_1_383' title='bbox 626 3928 735 4000; x_wconf 79' lang='lat' dir='ltr'><strong>refert,</strong></span> <span class='ocrx_word' id='word_1_384' title='bbox 760 3929 967 4008; x_wconf 88' lang='lat' dir='ltr'><strong>Hipparchum</strong></span> <span class='ocrx_word' id='word_1_385' title='bbox 991 3948 1028 3989; x_wconf 87' lang='lat' dir='ltr'><strong>ex</strong></span> <span class='ocrx_word' id='word_1_386' title='bbox 1051 3931 1104 3991; x_wconf 89' lang='lat' dir='ltr'><strong>illa</strong></span> <span class='ocrx_word' id='word_1_387' title='bbox 1129 3930 1234 4009; x_wconf 88' lang='lat' dir='ltr'><strong>eclipsi</strong></span> <span class='ocrx_word' id='word_1_388' title='bbox 1259 3931 1417 4008; x_wconf 89' lang='lat' dir='ltr'><strong>collegisse</strong></span> <span class='ocrx_word' id='word_1_389' title='bbox 1450 3926 1625 3988; x_wconf 88' lang='lat' dir='ltr'><strong>distantiam</strong></span> <span class='ocrx_word' id='word_1_390' title='bbox 1649 3925 1765 3986; x_wconf 88' lang='lat' dir='ltr'><strong>Lunae·</strong></span> 
     </span>
     <span class='ocr_line' id='line_1_39' title="bbox 399 4011 1754 4099; baseline -0.001 -25"><span class='ocrx_word' id='word_1_391' title='bbox 399 4015 531 4075; x_wconf 90' lang='lat' dir='ltr'><strong>citimam</strong></span> <span class='ocrx_word' id='word_1_392' title='bbox 555 4013 595 4075; x_wconf 97' lang='grc'><strong>71</strong></span> <span class='ocrx_word' id='word_1_393' title='bbox 623 4017 934 4093; x_wconf 86' lang='lat' dir='ltr'><strong>semidiametrorum,</strong></span> <span class='ocrx_word' id='word_1_394' title='bbox 963 4018 1100 4080; x_wconf 91' lang='lat' dir='ltr'><strong>ultimam</strong></span> <span class='ocrx_word' id='word_1_395' title='bbox 1124 4016 1188 4090; x_wconf 84' lang='lat'><strong>83,</strong></span> <span class='ocrx_word' id='word_1_396' title='bbox 1212 4019 1347 4099; x_wconf 90' lang='lat' dir='ltr'><strong>quamvis</strong></span> <span class='ocrx_word' id='word_1_397' title='bbox 1370 4025 1478 4098; x_wconf 88' lang='lat' dir='ltr'><strong>postea</strong></span> <span class='ocrx_word' id='word_1_398' title='bbox 1501 4013 1693 4075; x_wconf 89' lang='lat' dir='ltr'><strong>descenderit</strong></span> <span class='ocrx_word' id='word_1_399' title='bbox 1715 4011 1754 4074; x_wconf 91' lang='lat' dir='ltr'><strong>ub</strong></span> 
     </span>
     <span class='ocr_line' id='line_1_40' title="bbox 399 4099 1754 4187; baseline -0.001 -24"><span class='ocrx_word' id='word_1_400' title='bbox 399 4122 505 4164; x_wconf 89' lang='lat' dir='ltr'><strong>causas</strong></span> <span class='ocrx_word' id='word_1_401' title='bbox 542 4102 620 4164; x_wconf 90' lang='lat' dir='ltr'><strong>alias</strong></span> <span class='ocrx_word' id='word_1_402' title='bbox 645 4101 729 4167; x_wconf 88' lang='grc'><strong>062</strong></span> <span class='ocrx_word' id='word_1_403' title='bbox 763 4107 800 4167; x_wconf 91' lang='lat' dir='ltr'><strong>ad</strong></span> <span class='ocrx_word' id='word_1_404' title='bbox 832 4101 928 4187; x_wconf 66' lang='lat'>72&#39;12.</span> <span class='ocrx_word' id='word_1_405' title='bbox 977 4104 1092 4177; x_wconf 83' lang='lat' dir='ltr'><strong>Quodsi</strong></span> <span class='ocrx_word' id='word_1_406' title='bbox 1125 4108 1273 4169; x_wconf 87' lang='lat' dir='ltr'><strong>diameter</strong></span> <span class='ocrx_word' id='word_1_407' title='bbox 1305 4107 1409 4169; x_wconf 90' lang='lat' dir='ltr'><strong>Lunae</strong></span> <span class='ocrx_word' id='word_1_408' title='bbox 1438 4111 1609 4166; x_wconf 88' lang='lat' dir='ltr'><strong>assumatur</strong></span> <span class='ocrx_word' id='word_1_409' title='bbox 1637 4099 1692 4165; x_wconf 77' lang='lat'><strong>30⁴</strong></span> <span class='ocrx_word' id='word_1_410' title='bbox 1723 4102 1754 4163; x_wconf 91' lang='lat' dir='ltr'><strong>in</strong></span> 
     </span>
     <span class='ocr_line' id='line_1_41' title="bbox 399 4190 1755 4277; baseline 0.001 -25"><span class='ocrx_word' id='word_1_411' title='bbox 399 4211 552 4272; x_wconf 87' lang='lat' dir='ltr'><strong>apogaeo,</strong></span> <span class='ocrx_word' id='word_1_412' title='bbox 583 4194 660 4272; x_wconf 90' lang='lat' dir='ltr'><strong>qnod</strong></span> <span class='ocrx_word' id='word_1_413' title='bbox 685 4194 858 4274; x_wconf 87' lang='lat' dir='ltr'><strong>Hipparcho</strong></span> <span class='ocrx_word' id='word_1_414' title='bbox 890 4196 1004 4272; x_wconf 91' lang='lat' dir='ltr'><strong>visum,</strong></span> <span class='ocrx_word' id='word_1_415' title='bbox 1034 4197 1139 4259; x_wconf 88' lang='grc'><strong>110110</strong></span> <span class='ocrx_word' id='word_1_416' title='bbox 1164 4196 1305 4277; x_wconf 87' lang='lat' dir='ltr'><strong>perigaeo</strong></span> <span class='ocrx_word' id='word_1_417' title='bbox 1331 4193 1391 4271; x_wconf 88' lang='lat'><strong>35,</strong></span> <span class='ocrx_word' id='word_1_418' title='bbox 1420 4214 1474 4275; x_wconf 89' lang='lat' dir='ltr'><strong>per</strong></span> <span class='ocrx_word' id='word_1_419' title='bbox 1497 4190 1755 4254; x_wconf 88' lang='lat' dir='ltr'><strong>eecentrieitatem</strong></span> 
     </span>
     <span class='ocr_line' id='line_1_42' title="bbox 399 4279 1754 4366; baseline 0 -25"><span class='ocrx_word' id='word_1_420' title='bbox 399 4281 654 4361; x_wconf 89' lang='lat' dir='ltr'><strong>Hipparchianam</strong></span> <span class='ocrx_word' id='word_1_421' title='bbox 678 4285 828 4345; x_wconf 84' lang='lat' dir='ltr'><strong>excedens</strong></span> <span class='ocrx_word' id='word_1_422' title='bbox 852 4284 1031 4347; x_wconf 89' lang='lat' dir='ltr'><strong>diametrum</strong></span> <span class='ocrx_word' id='word_1_423' title='bbox 1055 4285 1157 4360; x_wconf 90' lang='lat' dir='ltr'><strong>Solis,</strong></span> <span class='ocrx_word' id='word_1_424' title='bbox 1189 4294 1302 4366; x_wconf 89' lang='lat' dir='ltr'><strong>quanta</strong></span> <span class='ocrx_word' id='word_1_425' title='bbox 1325 4285 1363 4346; x_wconf 93' lang='lat' dir='ltr'><strong>ab</strong></span> <span class='ocrx_word' id='word_1_426' title='bbox 1387 4283 1561 4363; x_wconf 88' lang='lat' dir='ltr'><strong>Hipparcho</strong></span> <span class='ocrx_word' id='word_1_427' title='bbox 1584 4279 1754 4359; x_wconf 85' lang='lat' dir='ltr'><strong>usurpaba-</strong></span> 
     </span>
     <span class='ocr_line' id='line_1_43' title="bbox 399 4368 1755 4452; baseline 0 -23"><span class='ocrx_word' id='word_1_428' title='bbox 399 4379 459 4443; x_wconf 90' lang='lat' dir='ltr'><strong>tur,</strong></span> <span class='ocrx_word' id='word_1_429' title='bbox 483 4368 527 4432; x_wconf 84' lang='lat'><strong>5¹.</strong></span> <span class='ocrx_word' id='word_1_430' title='bbox 574 4370 618 4433; x_wconf 91' lang='lat' dir='ltr'><strong>Ut</strong></span> <span class='ocrx_word' id='word_1_431' title='bbox 641 4380 741 4433; x_wconf 89' lang='lat' dir='ltr'><strong>autem</strong></span> <span class='ocrx_word' id='word_1_432' title='bbox 771 4392 878 4452; x_wconf 89' lang='lat' dir='ltr'><strong>corpus</strong></span> <span class='ocrx_word' id='word_1_433' title='bbox 909 4373 937 4433; x_wconf 91' lang='lat' dir='ltr'><strong>in</strong></span> <span class='ocrx_word' id='word_1_434' title='bbox 968 4375 1025 4436; x_wconf 92' lang='lat' dir='ltr'><strong>hac</strong></span> <span class='ocrx_word' id='word_1_435' title='bbox 1056 4374 1241 4436; x_wconf 90' lang='lat' dir='ltr'><strong>sublimitate</strong></span> <span class='ocrx_word' id='word_1_436' title='bbox 1265 4372 1304 4436; x_wconf 88' lang='grc'><strong>71</strong></span> <span class='ocrx_word' id='word_1_437' title='bbox 1331 4374 1618 4435; x_wconf 88' lang='lat' dir='ltr'><strong>semidiametrorum</strong></span> <span class='ocrx_word' id='word_1_438' title='bbox 1642 4369 1755 4431; x_wconf 87' lang='lat' dir='ltr'><strong>Terrae</strong></span> 
     </span>
     <span class='ocr_line' id='line_1_44' title="bbox 399 4457 1758 4542; baseline -0.001 -24"><span class='ocrx_word' id='word_1_439' title='bbox 399 4467 548 4536; x_wconf 90' lang='lat' dir='ltr'><strong>permutet</strong></span> <span class='ocrx_word' id='word_1_440' title='bbox 574 4459 671 4520; x_wconf 91' lang='lat' dir='ltr'><strong>locum</strong></span> <span class='ocrx_word' id='word_1_441' title='bbox 702 4480 757 4540; x_wconf 93' lang='lat' dir='ltr'><strong>per</strong></span> <span class='ocrx_word' id='word_1_442' title='bbox 780 4460 826 4536; x_wconf 77' lang='lat'><strong>5⁴,</strong></span> <span class='ocrx_word' id='word_1_443' title='bbox 861 4481 937 4542; x_wconf 90' lang='lat' dir='ltr'><strong>opus</strong></span> <span class='ocrx_word' id='word_1_444' title='bbox 967 4471 1016 4524; x_wconf 92' lang='lat' dir='ltr'><strong>est</strong></span> <span class='ocrx_word' id='word_1_445' title='bbox 1047 4472 1081 4524; x_wconf 92' lang='lat' dir='ltr'><strong>ut</strong></span> <span class='ocrx_word' id='word_1_446' title='bbox 1109 4482 1164 4542; x_wconf 91' lang='lat' dir='ltr'><strong>per</strong></span> <span class='ocrx_word' id='word_1_447' title='bbox 1187 4461 1227 4525; x_wconf 84' lang='lat'><strong>6⁰</strong></span> <span class='ocrx_word' id='word_1_448' title='bbox 1249 4464 1352 4524; x_wconf 89' lang='lat' dir='ltr'><strong>circuli</strong></span> <span class='ocrx_word' id='word_1_449' title='bbox 1381 4461 1504 4523; x_wconf 89' lang='lat' dir='ltr'><strong>Terreni</strong></span> <span class='ocrx_word' id='word_1_450' title='bbox 1535 4468 1622 4520; x_wconf 88' lang='lat' dir='ltr'><strong>eatur</strong></span> <span class='ocrx_word' id='word_1_451' title='bbox 1644 4478 1665 4519; x_wconf 91' lang='lat' dir='ltr'><strong>a</strong></span> <span class='ocrx_word' id='word_1_452' title='bbox 1687 4457 1758 4520; x_wconf 92' lang='lat' dir='ltr'><strong>loco</strong></span> 
     </span>
    </p>
   </div>
   <div class='ocr_carea' id='block_1_10' title="bbox 401 4538 1758 4897">
    <p class='ocr_par' dir='ltr' id='par_1_11' title="bbox 401 4538 1758 4897">
     <span class='ocr_line' id='line_1_45' title="bbox 401 4538 1754 4630; baseline 0 -23"><span class='ocrx_word' id='word_1_453' title='bbox 401 4548 445 4608; x_wconf 88' lang='lat' dir='ltr'><strong>ubi</strong></span> <span class='ocrx_word' id='word_1_454' title='bbox 465 4547 555 4608; x_wconf 90' lang='lat' dir='ltr'><strong>Luna</strong></span> <span class='ocrx_word' id='word_1_455' title='bbox 577 4549 753 4610; x_wconf 81' lang='lat' dir='ltr'><strong>verticalis:</strong></span> <span class='ocrx_word' id='word_1_456' title='bbox 780 4560 810 4611; x_wconf 90' lang='lat' dir='ltr'><strong>et</strong></span> <span class='ocrx_word' id='word_1_457' title='bbox 834 4550 914 4611; x_wconf 91' lang='lat' dir='ltr'><strong>circa</strong></span> <span class='ocrx_word' id='word_1_458' title='bbox 931 4552 1164 4630; x_wconf 88' lang='lat' dir='ltr'><strong>Hellespontum</strong></span> <span class='ocrx_word' id='word_1_459' title='bbox 1188 4553 1216 4612; x_wconf 92' lang='grc'><strong>10</strong></span> <span class='ocrx_word' id='word_1_460' title='bbox 1242 4552 1295 4613; x_wconf 89' lang='grc'><strong>011.</strong></span> <span class='ocrx_word' id='word_1_461' title='bbox 1335 4549 1375 4628; x_wconf 80' lang='grc' dir='ltr'>Θ</span> <span class='ocrx_word' id='word_1_462' title='bbox 1396 4551 1425 4612; x_wconf 87' lang='grc'><strong>10</strong></span> <span class='ocrx_word' id='word_1_463' title='bbox 1446 4564 1478 4616; x_wconf 71' lang='lat' dir='ltr'><strong>ee</strong></span> <span class='ocrx_word' id='word_1_464' title='bbox 1504 4546 1566 4610; x_wconf 77' lang='grc' dir='ltr'><strong>71ο</strong></span> <span class='ocrx_word' id='word_1_465' title='bbox 1588 4566 1642 4626; x_wconf 92' lang='lat' dir='ltr'><strong>per</strong></span> <span class='ocrx_word' id='word_1_466' title='bbox 1660 4540 1721 4627; x_wconf 61' lang='lat'><strong>6¹12</strong></span> <span class='ocrx_word' id='word_1_467' title='bbox 1732 4538 1754 4607; x_wconf 81' lang='lat'><strong>⁰.</strong></span> 
     </span>
     <span class='ocr_line' id='line_1_46' title="bbox 401 4634 1754 4703; baseline 0 -9"><span class='ocrx_word' id='word_1_468' title='bbox 401 4634 453 4697; x_wconf 90' lang='lat' dir='ltr'><strong>Illa</strong></span> <span class='ocrx_word' id='word_1_469' title='bbox 475 4656 549 4698; x_wconf 92' lang='lat' dir='ltr'><strong>vero</strong></span> <span class='ocrx_word' id='word_1_470' title='bbox 580 4645 684 4698; x_wconf 89' lang='lat' dir='ltr'><strong>aetate</strong></span> <span class='ocrx_word' id='word_1_471' title='bbox 707 4639 928 4701; x_wconf 87' lang='lat' dir='ltr'><strong>Eratosthenes</strong></span> <span class='ocrx_word' id='word_1_472' title='bbox 957 4641 1133 4702; x_wconf 89' lang='lat' dir='ltr'><strong>definiverat</strong></span> <span class='ocrx_word' id='word_1_473' title='bbox 1162 4641 1307 4703; x_wconf 90' lang='lat' dir='ltr'><strong>ambitum</strong></span> <span class='ocrx_word' id='word_1_474' title='bbox 1331 4641 1442 4703; x_wconf 89' lang='lat' dir='ltr'><strong>Terrae</strong></span> <span class='ocrx_word' id='word_1_475' title='bbox 1466 4634 1598 4702; x_wconf 86' lang='grc'><strong>250000</strong></span> <span class='ocrx_word' id='word_1_476' title='bbox 1635 4635 1754 4697; x_wconf 89' lang='lat' dir='ltr'><strong>stadio-</strong></span> 
     </span>
     <span class='ocr_line' id='line_1_47' title="bbox 401 4724 1755 4809; baseline 0.003 -28"><span class='ocrx_word' id='word_1_477' title='bbox 401 4743 479 4788; x_wconf 86' lang='lat' dir='ltr'><strong>rum:</strong></span> <span class='ocrx_word' id='word_1_478' title='bbox 505 4726 542 4786; x_wconf 93' lang='lat' dir='ltr'><strong>de</strong></span> <span class='ocrx_word' id='word_1_479' title='bbox 566 4724 1118 4808; x_wconf 65' lang='grc'><strong>001000100001000000100001.</strong></span> <span class='ocrx_word' id='word_1_480' title='bbox 1154 4729 1226 4791; x_wconf 86' lang='lat' dir='ltr'><strong>Sive</strong></span> <span class='ocrx_word' id='word_1_481' title='bbox 1250 4731 1342 4809; x_wconf 91' lang='lat' dir='ltr'><strong>igitur</strong></span> <span class='ocrx_word' id='word_1_482' title='bbox 1366 4748 1402 4790; x_wconf 84' lang='lat' dir='ltr'><strong>ex</strong></span> <span class='ocrx_word' id='word_1_483' title='bbox 1426 4727 1553 4806; x_wconf 90' lang='lat' dir='ltr'><strong>simplici</strong></span> <span class='ocrx_word' id='word_1_484' title='bbox 1579 4724 1755 4787; x_wconf 87' lang='lat' dir='ltr'><strong>considera-</strong></span> 
     </span>
     <span class='ocr_line' id='line_1_48' title="bbox 403 4813 1758 4897; baseline 0.006 -26"><span class='ocrx_word' id='word_1_485' title='bbox 403 4813 477 4874; x_wconf 91' lang='lat' dir='ltr'><strong>tione</strong></span> <span class='ocrx_word' id='word_1_486' title='bbox 501 4815 594 4893; x_wconf 91' lang='lat' dir='ltr'><strong>spatii</strong></span> <span class='ocrx_word' id='word_1_487' title='bbox 620 4815 796 4888; x_wconf 88' lang='lat' dir='ltr'><strong>Terrarum,</strong></span> <span class='ocrx_word' id='word_1_488' title='bbox 824 4835 881 4896; x_wconf 90' lang='lat' dir='ltr'><strong>per</strong></span> <span class='ocrx_word' id='word_1_489' title='bbox 905 4820 983 4897; x_wconf 90' lang='lat' dir='ltr'><strong>quod</strong></span> <span class='ocrx_word' id='word_1_490' title='bbox 1007 4825 1090 4879; x_wconf 91' lang='lat' dir='ltr'><strong>totus</strong></span> <span class='ocrx_word' id='word_1_491' title='bbox 1115 4817 1169 4880; x_wconf 88' lang='lat' dir='ltr'><strong>Sol</strong></span> <span class='ocrx_word' id='word_1_492' title='bbox 1193 4820 1222 4879; x_wconf 91' lang='lat' dir='ltr'><strong>in</strong></span> <span class='ocrx_word' id='word_1_493' title='bbox 1246 4820 1303 4880; x_wconf 90' lang='lat' dir='ltr'><strong>hac</strong></span> <span class='ocrx_word' id='word_1_494' title='bbox 1327 4818 1433 4897; x_wconf 91' lang='lat' dir='ltr'><strong>eclipsi</strong></span> <span class='ocrx_word' id='word_1_495' title='bbox 1456 4816 1596 4888; x_wconf 88' lang='lat' dir='ltr'><strong>latuerit,</strong></span> <span class='ocrx_word' id='word_1_496' title='bbox 1629 4814 1693 4875; x_wconf 90' lang='lat' dir='ltr'><strong>sive</strong></span> <span class='ocrx_word' id='word_1_497' title='bbox 1716 4832 1758 4887; x_wconf 66' lang='lat' dir='ltr'><strong>ex</strong></span> 
     </span>
    </p>
   </div>
   <div class='ocr_carea' id='block_1_11' title="bbox 402 4902 1755 5165">
    <p class='ocr_par' dir='ltr' id='par_1_12' title="bbox 402 4902 1755 5165">
     <span class='ocr_line' id='line_1_49' title="bbox 402 4902 1755 4987; baseline 0.004 -27"><span class='ocrx_word' id='word_1_498' title='bbox 402 4902 454 4962; x_wconf 87' lang='lat' dir='ltr'><strong>hac</strong></span> <span class='ocrx_word' id='word_1_499' title='bbox 472 4903 538 4982; x_wconf 90' lang='lat' dir='ltr'><strong>jam</strong></span> <span class='ocrx_word' id='word_1_500' title='bbox 562 4904 705 4981; x_wconf 78' lang='lat' dir='ltr'><strong>expedita</strong></span> <span class='ocrx_word' id='word_1_501' title='bbox 728 4906 959 4968; x_wconf 89' lang='lat' dir='ltr'><strong>ratiocinatione</strong></span> <span class='ocrx_word' id='word_1_502' title='bbox 983 4907 1176 4987; x_wconf 89' lang='lat' dir='ltr'><strong>Hipparchus</strong></span> <span class='ocrx_word' id='word_1_503' title='bbox 1200 4905 1487 4970; x_wconf 82' lang='grc' dir='ltr'><strong>1110100001οἀἰο</strong></span> <span class='ocrx_word' id='word_1_504' title='bbox 1519 4904 1691 4977; x_wconf 79' lang='lat' dir='ltr'><strong>deduxerit,</strong></span> <span class='ocrx_word' id='word_1_505' title='bbox 1715 4903 1755 4965; x_wconf 87' lang='lat' dir='ltr'><strong>de</strong></span> 
     </span>
     <span class='ocr_line' id='line_1_50' title="bbox 402 4990 1754 5075; baseline 0.003 -25"><span class='ocrx_word' id='word_1_506' title='bbox 402 4991 504 5068; x_wconf 89' lang='lat' dir='ltr'><strong>quibus</strong></span> <span class='ocrx_word' id='word_1_507' title='bbox 529 4990 729 5055; x_wconf 75' lang='lat' dir='ltr'><strong>cleomedes:</strong></span> <span class='ocrx_word' id='word_1_508' title='bbox 759 5003 883 5075; x_wconf 89' lang='lat' dir='ltr'><strong>utroque</strong></span> <span class='ocrx_word' id='word_1_509' title='bbox 908 4997 1026 5057; x_wconf 91' lang='lat' dir='ltr'><strong>nomine</strong></span> <span class='ocrx_word' id='word_1_510' title='bbox 1050 4998 1150 5058; x_wconf 92' lang='lat' dir='ltr'><strong>valide</strong></span> <span class='ocrx_word' id='word_1_511' title='bbox 1175 4996 1376 5065; x_wconf 90' lang='lat' dir='ltr'><strong>convincitur,</strong></span> <span class='ocrx_word' id='word_1_512' title='bbox 1408 4995 1535 5058; x_wconf 89' lang='lat' dir='ltr'><strong>totalem</strong></span> <span class='ocrx_word' id='word_1_513' title='bbox 1559 4992 1653 5055; x_wconf 84' lang='lat' dir='ltr'><strong>fuisse</strong></span> <span class='ocrx_word' id='word_1_514' title='bbox 1675 4991 1754 5055; x_wconf 83' lang='lat' dir='ltr'><strong>hano</strong></span> 
     </span>
     <span class='ocr_line' id='line_1_51' title="bbox 402 5079 1340 5165; baseline 0.01 -28"><span class='ocrx_word' id='word_1_515' title='bbox 402 5080 532 5158; x_wconf 90' lang='lat' dir='ltr'><strong>eclipsin,</strong></span> <span class='ocrx_word' id='word_1_516' title='bbox 557 5079 632 5144; x_wconf 86' lang='lat' dir='ltr'><strong>Sole</strong></span> <span class='ocrx_word' id='word_1_517' title='bbox 655 5092 726 5161; x_wconf 90' lang='lat' dir='ltr'><strong>post</strong></span> <span class='ocrx_word' id='word_1_518' title='bbox 748 5079 867 5147; x_wconf 88' lang='lat' dir='ltr'><strong>Luna&#39;m</strong></span> <span class='ocrx_word' id='word_1_519' title='bbox 891 5104 958 5146; x_wconf 90' lang='lat' dir='ltr'><strong>cum</strong></span> <span class='ocrx_word' id='word_1_520' title='bbox 982 5085 1083 5165; x_wconf 84' lang='lat' dir='ltr'><strong>aliqua</strong></span> <span class='ocrx_word' id='word_1_521' title='bbox 1106 5105 1191 5148; x_wconf 90' lang='lat' dir='ltr'><strong>mora</strong></span> <span class='ocrx_word' id='word_1_522' title='bbox 1214 5085 1340 5147; x_wconf 87' lang='lat' dir='ltr'><strong>latente.</strong></span> 
     </span>
    </p>
   </div>
   <div class='ocr_carea' id='block_1_12' title="bbox 0 0 2302 6192">
    <p class='ocr_par' dir='ltr' id='par_1_13' title="bbox 0 0 2302 6192">
     <span class='ocr_line' id='line_1_52' title="bbox 0 0 2302 6192; baseline 0 0"><span class='ocrx_word' id='word_1_523' title='bbox 0 0 2302 6192; x_wconf 95' lang='lat' dir='ltr'><strong> </strong></span> 
     </span>
    </p>
   </div>
  </div>
 </body>
</html>
