4584 6192
983 570 1126 637 capara
1147 572 1171 623 1.
1689 573 1756 643 323

398 749 532 814 umbrae.
564 746 707 815 Ceterum
730 751 809 829 quod
831 750 1024 831 praecipuum
1046 750 1077 813 in
1100 750 1147 813 bis
1171 751 1345 832 corporibus
1364 753 1545 832 quaerimus,
1568 761 1639 817 sunt
1653 774 1755 819 eorum

398 848 498 903 motus
521 847 586 902 tam
610 838 813 901 admirabiles.
860 841 904 902 Ut
925 860 997 902 vero
1019 841 1075 901 hos
1104 841 1295 920 geometricis
1319 840 1625 905 demonstrationibus
1649 844 1754 925 expis-

398 928 459 991 cari
487 927 589 1009 possit
617 934 822 1004 astronomus,
853 929 943 991 situm
966 948 1067 991 eorum
1089 929 1173 1008 prius
1197 930 1403 992 instrumentis
1432 930 1605 993 dimetiatur
1627 951 1752 995 necesse

398 1026 453 1081 eat
495 1016 686 1080 Namatio
710 1017 893 1095 geometria,
921 1037 986 1079 curn
1010 1018 1152 1098 spiralem
1176 1027 1230 1081 aut
1251 1020 1386 1081 conicarn
1408 1020 1575 1081 sectionem
1599 1039 1657 1083 uno
1681 1029 1753 1085 actu

397 1106 568 1169 describere
599 1105 769 1187 nequimus,
802 1116 915 1187 puncta
949 1108 1050 1187 aliqua
1090 1127 1144 1189 per
1183 1128 1260 1189 quae
1297 1109 1379 1171 linea
1412 1108 1524 1170 transit
1551 1108 1684 1188 ligimus,
1715 1128 1754 1172 ex

396 1196 502 1277 quibus
527 1195 644 1273 integer
666 1193 764 1256 lineae
786 1204 904 1258 tractus
927 1197 1135 1272 dignoscatur,
1164 1197 1210 1259 ita
1232 1198 1262 1258 in
1287 1198 1487 1271 astronomia,
1518 1197 1597 1277 quod
1620 1198 1751 1261 rudiori·

395 1285 450 1347 bus
465 1282 545 1354 dico,
565 1292 663 1346 motus
677 1283 760 1362 ipsos
779 1284 908 1347 siderum
924 1285 1044 1346 minime
1064 1285 1212 1349 cernimus
1231 1286 1341 1348 oculis:
1366 1287 1466 1348 varios
1486 1305 1557 1347 vero
1577 1287 1655 1349 situs
1669 1287 1751 1350 invi-

395 1392 460 1436 cem
482 1390 692 1452 comparamus
715 1373 843 1453 indeque
871 1374 996 1435 formam
1027 1384 1126 1436 motus
1159 1375 1343 1455 quaerimus,
1375 1394 1434 1454 qua
1462 1393 1565 1436 omnes
1592 1374 1645 1437 isti
1673 1375 1752 1439 situs

396 1469 465 1524 ante
490 1461 590 1523 notati
614 1461 845 1541 consimilesque
876 1463 969 1525 futuri
996 1464 1099 1524 ordine
1130 1464 1314 1526 efficiantur:
1345 1482 1402 1543 quo
1431 1464 1556 1525 obtento
1584 1463 1753 1528 astronomi

396 1568 517 1613 munere
539 1550 628 1630 plene
652 1550 785 1612 defuncti
808 1571 920 1614 sumus.
967 1549 1051 1613 Situs
1074 1552 1177 1633 itaque
1201 1553 1357 1615 stellarum
1380 1552 1456 1613 varii
1484 1552 1576 1614 certis
1603 1551 1752 1636 tempori-

396 1640 450 1703 bus
473 1648 547 1702 snnt
570 1637 718 1719 quaedam
741 1640 828 1719 quasi
850 1642 1002 1702 elementa
1022 1659 1075 1703 seu
1097 1643 1199 1720 potius
1223 1641 1446 1721 apotelesmata
1467 1649 1609 1703 motuum.

481 1728 527 1791 Et
554 1728 632 1790 situs
660 1728 779 1806 quidem
806 1748 845 1790 ex
881 1729 1045 1791 relatorum
1081 1750 1190 1810 genere
1224 1737 1289 1805 est,
1332 1730 1528 1810 respicitqne,
1567 1737 1656 1808 prout
1683 1747 1751 1792 eum

397 1836 472 1879 nunc
495 1817 733 1892 consideramus,
758 1817 913 1879 stellarum
933 1819 1008 1880 loca.
1038 1817 1154 1882 Eodem
1180 1819 1259 1882 enim
1281 1837 1348 1881 cum
1367 1818 1465 1882 stellis
1483 1818 1620 1881 omnibns
1639 1818 1751 1881 extimo

397 1906 495 1968 mundi
511 1906 585 1969 orbe
599 1906 784 1967 includimur.
809 1906 912 1987 Atque
936 1926 1003 1968 cum
1027 1908 1113 1988 hujus
1137 1908 1265 1969 aedificii
1280 1907 1420 1970 mundani
1445 1915 1508 1970 tres
1531 1908 1594 1969 sint
1611 1906 1751 1987 regiones

397 2014 431 2056 ex
459 2003 572 2057 natura
598 1995 710 2074 figurae
744 1995 935 2073 sphaericae,
966 2013 1053 2075 quam
1082 1998 1225 2077 adeptum
1249 2005 1311 2072 est,
1341 2005 1492 2070 centrum,
1522 1996 1695 2077 superficies
1719 2004 1751 2058 et

397 2083 605 2146 intermedium
613 2101 622 2157 ;
652 2090 786 2145 centrum
809 2103 880 2146 vero
903 2104 957 2145 sen
979 2102 1050 2147 vere
1074 2105 1126 2148 seu
1151 2087 1333 2147 adsensum
1357 2104 1411 2147 nos
1430 2103 1625 2164 occupemus:
1655 2083 1748 2145 relin—
1805 2103 1809 2111 ·

397 2181 524 2253 quantur
547 2190 620 2251 ergo
644 2172 742 2234 stellis
767 2173 843 2234 duae
867 2173 1006 2253 regiones
1030 2174 1173 2254 reliquae,
1197 2174 1359 2236 secundnm
1384 2193 1458 2253 quas
1477 2174 1595 2253 gemino
1610 2179 1753 2254 respectu

395 2261 467 2324 situs
491 2280 595 2324 earum
618 2262 835 2336 consideratur,
859 2281 965 2343 nempe
989 2270 1042 2325 aut
1063 2272 1202 2343 respectu
1216 2263 1385 2334 intermedii
1408 2281 1462 2325 seu
1476 2262 1616 2325 diametri
1637 2261 1748 2339 mundi,

396 2360 446 2413 aut
467 2358 613 2431 respectu
635 2351 803 2432 superficiei
828 2360 991 2413 extremae.

487 2490 517 2555 1.
555 2490 608 2552 De
631 2492 708 2554 situ
731 2510 796 2554 seu
818 2492 902 2554 loco
926 2493 1089 2641 sidepppp
1112 2488 1343 2593 aspectabili
1366 2510 1429 2553 seu
1452 2491 1649 2554 aestimato

971 2600 1011 2642 su
1082 2600 1162 2643 rxrs.

478 2702 529 2767 Ac
553 2704 631 2765 situs
655 2702 773 2783 quidem
796 2702 904 2765 sideris
935 2712 1075 2784 respectu
1105 2704 1246 2766 diametri
1274 2703 1375 2765 mundi
1407 2720 1471 2764 rem
1499 2702 1599 2783 ipsam
1625 2704 1749 2784 propius

395 2793 514 2869 attinet,
538 2792 616 2856 situs
638 2810 710 2853 vcro
733 2801 873 2871 respectu
897 2793 1064 2872 superficiei
1086 2794 1184 2855 solam
1208 2793 1270 2855 iere
1293 2792 1448 2854 visionem.

480 2880 559 2946 Cum
583 2881 662 2944 enim
686 2898 772 2942 omne
796 2880 874 2960 qnod
897 2883 1017 2944 videtur
1049 2889 1132 2945 certo
1161 2883 1271 2961 angulo
1300 2881 1452 2943 radiorum
1475 2880 1640 2943 lucidorum
1664 2900 1748 2945 mar·

393 2971 512 3051 ginibus
535 2970 580 3033 rei
602 2970 687 3031 visae
711 2970 750 3031 ad
773 2978 907 3033 centrum
927 2972 1003 3033 oculi
1023 2973 1235 3034 confluentium
1253 2970 1527 3050 comprehendatur
1550 2976 1582 3031 et
1598 2970 1747 3045 videatur,

393 3069 453 3123 tum
476 3060 598 3122 demum
621 3058 704 3121 sidus
728 3068 810 3121 recte
835 3078 890 3120 nos
913 3061 1036 3133 vidisse,
1059 3061 1116 3122 hoc
1140 3070 1189 3121 est
1212 3061 1402 3133 observasse,
1426 3067 1577 3138 putamus,
1601 3079 1667 3122 cnm
1690 3080 1747 3121 an·

392 3150 492 3229 gulnm
515 3148 644 3211 visionis
674 3157 814 3210 accurate
842 3148 984 3211 fuerimus
1015 3149 1152 3211 dimensi.
1200 3149 1336 3228 Angulos
1364 3168 1435 3209 vero
1468 3147 1591 3210 metitur
1618 3148 1747 3212 circulus

392 3257 427 3300 ex
454 3237 562 3317 anguli
593 3244 705 3317 puncto
733 3237 912 3317 descriptus.
959 3239 1002 3300 Et
1030 3247 1079 3301 est
1110 3235 1160 3301 ille
1197 3238 1304 3317 ingens
1338 3237 1467 3299 circulus
1499 3256 1553 3299 sen
1587 3237 1748 3317 sphaerica

392 3328 565 3409 superficies
590 3325 695 3387 extimi
718 3326 819 3387 mundi
839 3327 991 3407 descripta
1014 3346 1052 3389 ex
1070 3327 1126 3388 hoc
1145 3336 1257 3408 puncto
1276 3334 1446 3389 nostrorum
1464 3326 1639 3406 angulorum
1661 3327 1747 3390 viso-

391 3416 516 3491 riornm,
551 3415 608 3478 boc
641 3422 689 3477 est
713 3434 751 3476 ex
774 3415 883 3490 Terra;
912 3418 983 3497 quia
1015 3416 1191 3497 spatiolum,
1220 3434 1277 3496 quo
1305 3417 1395 3478 abest
1425 3416 1614 3496 superficies,
1643 3424 1749 3481 nostra

392 3506 529 3575 alumna,
560 3504 599 3566 ab
627 3503 777 3583 ipsissimo
815 3506 915 3566 mundi
951 3515 1053 3567 centro
1088 3506 1118 3567 iu
1153 3513 1241 3568 tanta
1271 3506 1420 3568 vastitate
1454 3506 1544 3585 plane
1581 3507 1746 3570 evanescit.

392 3593 559 3657 Conficitur
582 3611 668 3672 ergo,
691 3601 726 3654 ut
748 3593 907 3673 sphaerica
929 3594 1100 3673 superficies
1125 3594 1230 3657 extimi
1253 3594 1330 3657 coeli
1353 3592 1532 3655 adhibeatur
1556 3613 1575 3656 a
1597 3594 1684 3656 nobis
1707 3594 1747 3658 sd

394 3678 594 3747 dimetiendos
618 3681 745 3761 angulos
772 3683 918 3758 visorios,
955 3684 982 3744 in
1007 3693 1110 3746 nostro
1134 3684 1221 3746 oculo
1244 3685 1466 3746 conformatos:
1500 3690 1533 3744 et
1560 3691 1681 3759 contra,
1712 3692 1746 3746 ut

394 3772 495 3854 anguli
524 3770 622 3834 nostri
649 3771 753 3832 visorii
781 3772 874 3833 situm
897 3772 1054 3834 stellarum
1086 3780 1227 3853 respectu
1249 3772 1416 3852 superficiei
1440 3771 1540 3833 mundi
1564 3772 1748 3835 sufficienter

393 3870 530 3943 arguant
555 3859 614 3922 Est
637 3859 715 3921 enim
739 3859 868 3923 ethaeo
892 3862 1092 3924 consideratio
1116 3862 1244 3941 gemina.
1268 3860 1399 3923 Primum
1421 3859 1538 3923 dicetur
1560 3861 1590 3922 in
1614 3879 1746 3941 sequen-

393 3951 479 4027 tibus,
504 3948 615 4012 stellas
639 3967 705 4010 cum
728 3957 814 4011 certa
837 3970 892 4012 sua
915 3950 1043 4012 anobis
1067 3950 1215 4012 distantia
1238 3970 1296 4013 non
1319 3968 1409 4030 posse
1434 3948 1514 4011 cerni
1538 3948 1643 4011 oculis.
1679 3950 1746 4011 lta-

395 4058 445 4119 que
479 4038 562 4101 inter
595 4038 695 4099 sidera
727 4039 814 4101 nobis
842 4040 931 4101 valde
959 4039 1126 4119 propinqua
1154 4050 1186 4100 et
1212 4040 1267 4101 ille
1295 4038 1325 4101 in
1357 4038 1555 4100 remotissimo
1585 4037 1656 4100 orbe
1684 4039 1746 4102 lixa

394 4147 484 4190 causa
516 4126 577 4189 loci
605 4145 662 4187 non
691 4127 918 4207 distinguimus.
947 4128 1006 4189 nisi
1033 4129 1160 4190 alterum
1191 4128 1229 4189 ab
1254 4128 1349 4190 altero
1382 4135 1512 4207 tegatur.
1558 4126 1666 4209 Itaque
1688 4126 1747 4191 boc

393 4227 479 4296 pacto
504 4215 730 4296 conjunctiones
754 4217 917 4278 errantium
940 4237 1007 4279 cunr
1029 4217 1096 4278 fixis
1120 4224 1262 4279 notamus
1285 4216 1389 4279 oculis.
1427 4214 1495 4286 Quo
1519 4216 1611 4296 igitur
1634 4218 1745 4296 angulo

392 4313 551 4369 cernuntur
574 4304 650 4366 dnae
680 4305 757 4367 lixae
790 4306 944 4368 erronibus
978 4306 1056 4369 binis
1083 4307 1276 4387 conjunctae,
1310 4306 1415 4368 eodem
1443 4306 1553 4385 angulo
1582 4306 1745 4387 eodemque

392 4414 460 4457 arcu
483 4394 588 4456 circuli
617 4394 756 4466 maximi,
787 4395 889 4475 auguli
923 4395 1025 4458 visorii
1056 4414 1210 4470 mensore,
1240 4395 1365 4458 dicimus
1389 4404 1420 4456 et
1443 4395 1525 4475 ipsos
1549 4413 1670 4458 enonas
1693 4413 1745 4457 re·

392 4493 495 4564 spectu
518 4482 686 4562 superficiei
710 4484 832 4545 distare.
866 4485 914 4545 lta
937 4503 995 4564 quo
1019 4485 1128 4563 angulo
1153 4492 1313 4547 cernuntur
1337 4483 1464 4547 extremi
1488 4484 1639 4563 margines
1662 4481 1745 4547 Solis

392 4574 439 4634 vel
461 4573 567 4635 Lunae
592 4572 722 4647 distare,
752 4572 827 4635 haec
851 4592 918 4635 esse
950 4573 1058 4635 dicitur
1088 4574 1264 4653 magnitudo
1287 4572 1369 4635 Solis
1394 4573 1441 4634 vel
1470 4572 1584 4635 Lunae.
1636 4571 1745 4634 Adeo-

392 4681 446 4743 que
478 4661 550 4723 hinc
578 4658 633 4723 Sol
670 4669 701 4723 et
728 4662 816 4723 Luna
846 4663 988 4743 aequales
1016 4670 1175 4742 putantur,
1217 4661 1352 4744 quamvis
1388 4660 1443 4725 Sol
1473 4660 1574 4723 multis
1613 4659 1744 4723 millibus

391 4751 499 4813 vicium
520 4750 639 4812 Lunam
662 4758 799 4830 superet,
824 4758 942 4814 tantum
965 4751 1035 4831 quia
1058 4751 1271 4831 propemodum
1294 4751 1414 4833 aequali
1437 4751 1547 4830 angulo
1570 4758 1740 4812 cernuntur.

391 4840 470 4902 Vide
497 4836 548 4903 19.
573 4840 672 4920 quarti
695 4839 880 4903 Vitellianis.
925 4841 991 4902 Has
1019 4849 1082 4903 tam
1111 4842 1237 4903 fixarum
1265 4860 1353 4921 quam
1383 4858 1520 4902 erronum
1547 4838 1682 4919 adeoque
1711 4845 1744 4900 et

388 4930 558 5010 marginum
580 4926 662 4991 Solis
684 4929 734 4991 vel
756 4929 862 4992 Lunae
886 4929 1049 4993 distantias
1076 4929 1164 4992 unius
1193 4930 1231 4992 ab
1259 4931 1355 4993 altero
1385 4927 1550 4992 astronomi
1579 4927 1743 4991 metiuntur

388 5018 607 5092 instrumentis,
631 5024 705 5098 puta
726 5019 821 5081 radiis
845 5039 898 5080 seu
921 5018 1036 5083 baculis
1056 5019 1276 5094 astronomicis,
1299 5018 1491 5082 sextantibus
1514 5024 1547 5079 et
1567 5015 1636 5079 aliis
1656 5034 1741 5079 com-

386 5108 580 5188 parationem
600 5106 796 5171 instituentes
819 5125 906 5170 arcus
928 5108 1008 5172 inter
1029 5109 1117 5171 binas
1140 5109 1248 5171 stellas
1270 5106 1421 5188 interjecti
1445 5106 1484 5168 ad
1507 5106 1658 5187 integrum
1678 5105 1740 5170 eir-

1469 5209 1501 5263 21
1512 5212 1530 5245 ¹*
