4584 6192
465 561 510 632 40
868 564 969 615 Literae
988 563 1088 627 Kepleri
1106 562 1256 625 aliorumque
1273 566 1374 610 mutuae

464 743 592 810 speculum
612 742 732 803 cernitur,
759 756 808 790 uon
829 740 919 790 cadere
937 742 963 788 in
982 738 1108 789 cathetum
1126 738 1292 795 incidentiae.
1320 737 1437 801 quidquid
1456 738 1542 787 dicant
1561 739 1645 801 optici.
1683 737 1760 789 Haec
1780 730 1835 787 ἆυ-

464 826 565 876 somus
584 813 662 863 scribo
682 821 708 863 et
726 828 802 876 rogo,
822 818 851 861 nt
869 818 895 860 et
913 810 950 859 Tu
968 811 994 858 iu
1012 811 1112 873 speculo
1131 812 1180 858 ista
1198 810 1316 871 explores.

538 885 586 934 Sed
606 891 659 935 esto
679 882 733 949 (fig.
753 880 799 944 22)
821 882 888 931 alind
907 879 1033 943 speculum
1053 881 1133 936 GBA.
1163 883 1232 941 cujus
1257 886 1367 928 centrum
1386 879 1426 933 1),
1456 887 1482 927 et
1506 879 1610 928 bacillus
1635 879 1750 943 obliquus
1771 881 1833 943 zui,

466 957 552 1006 oculus
563 956 598 1012 E,
618 961 645 1004 et
657 955 800 1004 extremitas
818 952 900 1001 bacilli
919 952 1018 1001 inferior
1031 950 1058 999 M
1068 954 1099 999 sit
1118 951 1191 1013 paulo
1209 949 1321 998 humilior
1340 956 1424 999 centro
1438 949 1475 998 D:
1495 950 1555 998 dicit
1568 949 1669 999 Vitellio
1683 947 1771 1011 (vni,
1785 950 1833 1013 ih)

465 1028 647 1077 extremitatem
666 1024 694 1073 M
713 1038 833 1087 apparere
852 1024 916 1072 citra
934 1022 1058 1085 speculum
1077 1025 1102 1070 in
1123 1022 1157 1079 L,
1180 1027 1278 1083 propter
1296 1020 1422 1070 cathetum
1441 1021 1593 1070 incidentiae
1611 1020 1674 1069 MD.
1715 1022 1834 1073 Alteram

464 1104 622 1161 rero,.puta
640 1097 794 1145 remotiorem
814 1094 850 1152 Z,
871 1094 948 1141 risum
967 1094 995 1141 iri
1014 1095 1037 1141 in
1057 1094 1096 1146 Κ.
1118 1094 1192 1142 etiam
1213 1093 1274 1140 citra
1293 1091 1431 1154 speculum.
1451 1098 1548 1154 propter
1567 1092 1695 1141 cathetum
1715 1094 1834 1145 inciden-

465 1169 518 1218 tiae
538 1168 583 1216 ΖΙ)
602 1168 636 1216 ibi
665 1181 721 1214 curn
746 1166 813 1213 linea
842 1164 982 1212 reflexionis
1001 1170 1194 1212 concurrentem.
1232 1164 1266 1210 At
1284 1163 1436 1225 experientia
1461 1171 1590 1226 utramque
1609 1171 1681 1211 extra
1700 1165 1835 1226 speculum

464 1239 548 1295 locat,
569 1243 597 1287 ut
617 1237 719 1287 cuilibet
738 1236 864 1298 explorare
883 1234 957 1284 incile
977 1241 1020 1283 est.
1059 1234 1146 1297 Itaque
1166 1240 1191 1283 et
1203 1232 1250 1281 lrac
1272 1233 1441 1281 observatione
1459 1233 1608 1292 ostenditur,
1627 1235 1767 1299 imaginem
1781 1251 1833 1286 non

464 1312 491 1359 in
511 1310 612 1360 catheto
632 1323 675 1357 suo
697 1320 829 1369 apparere,
849 1307 915 1353 sicut
934 1305 1056 1354 docebant
1075 1306 1156 1367 optici.
1201 1304 1253 1366 Ego
1282 1304 1361 1352 ductis
1384 1303 1508 1369 parallelis
1528 1306 1691 1366 apparentiae
1711 1304 1832 1368 MRZH,

468 1381 604 1447 imaginem
623 1378 722 1429 termini
741 1392 785 1425 seu
804 1376 966 1425 extremitatis
985 1376 1011 1424 M
1030 1376 1136 1424 dicerem
1155 1375 1230 1423 rideri
1248 1376 1273 1422 in
1293 1375 1324 1429 F.
1344 1374 1363 1421 Z
1383 1376 1408 1422 in
1427 1374 1459 1422 ll.
1498 1374 1530 1422 Et
1547 1375 1606 1438 quia
1623 1376 1708 1439 imago
1728 1375 1754 1426 Η
1767 1377 1835 1428 latet

465 1458 522 1515 post
540 1452 575 1507 F,
605 1456 633 1499 ut
653 1449 761 1511 conspici
780 1462 829 1496 nou
848 1447 927 1510 possit
947 1448 977 1496 ab
996 1447 1065 1496 oculo
1086 1447 1121 1503 E,
1148 1453 1286 1508 apponatur
1304 1445 1395 1509 digitus
1415 1446 1565 1494 extremitati
1584 1445 1666 1495 bacilli
1685 1446 1722 1504 Ζ,
1754 1456 1833 1512 atque

737 1554 782 1617 Εἰς
810 1550 844 1600 23
1132 1519 1169 1635 ihta
1183 1531 1217 1635 (px
1236 1518 1305 1579 signo
1318 1517 1465 1579 prominenti
1478 1516 1546 1564 locus
1565 1517 1680 1580 imaginis
1694 1517 1719 1567 Η
1739 1532 1832 1583 appre-

783 1587 789 1599 '
848 1589 852 1597 '
1151 1602 1181 1635 err
1200 1589 1206 1634 i
1225 1593 1315 1649 potest.

1182 1657 1264 1706 Unum
1284 1657 1374 1705 addam
1394 1671 1423 1705 ex
1445 1656 1583 1705 Vitellionis
1603 1657 1645 1705 lib.
1664 1657 1739 1707 Vlll.
1760 1674 1833 1725 prop.

1129 1725 1170 1775 6¹2.
1190 1730 1341 1782 desumunt,
1373 1727 1438 1791 quod
1461 1735 1488 1776 et
1505 1729 1585 1789 ipsum
1611 1730 1751 1790 optinorum
1771 1746 1832 1781 seu·

1128 1801 1232 1848 tentiam
1261 1807 1394 1862 oppugnat.
1432 1798 1498 1847 Nam
1527 1799 1591 1847 oculi
1610 1798 1642 1854 B.
1661 1800 1682 1847 T
1703 1800 1833 1865 (figes),

1128 1872 1192 1919 inter
1211 1878 1321 1918 centrum
1341 1868 1432 1932 speculi
1452 1869 1478 1917 K
1498 1877 1523 1918 et
1541 1870 1623 1918 iocum
1642 1870 1662 1918 F
1682 1874 1774 1934 positi.
1805 1889 1834 1923 se

1128 1949 1213 1989 mutuo
1239 1941 1392 2002 conspiciunt
1420 1954 1463 2002 per
1490 1947 1609 2004 punctum
1635 1942 1779 1993 reflexiouis
1800 1945 1831 1995 G.

1129 2012 1221 2059 Verum
1240 2012 1362 2074 imagines
1381 2025 1463 2060 eorum
1483 2027 1532 2059 non
1552 2019 1674 2073 apparent
1693 2021 1752 2077 post
1769 2030 1833 2066 ocu·

1129 2083 1180 2141 los,
1201 2082 1240 2130 ubi
1260 2081 1353 2131 catheti
1373 2080 1523 2145 incidentiae
1535 2082 1595 2137 ΒΚ.
1616 2083 1664 2133 ΤΚ
1684 2099 1741 2133 cum
1756 2086 1832 2136 lineis

1130 2153 1268 2202 reflexionis
1284 2153 1341 2208 G'l.
1362 2151 1405 2200 GB
1425 2161 1573 2202 concurrunt
1591 2155 1615 2201 iu
1629 2153 1650 2203 X
1662 2163 1689 2203 et
1702 2154 1729 2212 S.
1751 2159 1834 2210 utillo

1130 2224 1197 2280 vult,
1224 2225 1267 2272 sed
1288 2230 1357 2272 extra
1380 2224 1506 2285 speculum
1526 2232 1554 2272 ut
1573 2224 1646 2273 docet
1665 2229 1833 2289 experientia

1131 2294 1203 2355 Quod
1228 2296 1248 2342 si
1274 2294 1369 2342 oculum
1389 2293 1409 2341 B
1430 2293 1550 2349 claudas.
1580 2295 1665 2344 oculus
1685 2296 1706 2345 Τ
1727 2308 1833 2362 apertus

1131 2366 1222 2414 videbit
1245 2367 1312 2413 circa
1331 2364 1352 2414 0
1371 2366 1505 2429 imaginem
1533 2366 1597 2414 oculi
1625 2366 1720 2416 clausi:
1751 2371 1834 2419 sinT

1132 2437 1242 2492 claudas,
1254 2436 1274 2484 B
1286 2446 1385 2498 apertus
1399 2436 1492 2485 ridebit
1503 2439 1527 2485 in
1537 2436 1704 2501 Rimaginem
1715 2439 1738 2487 Τ
1748 2441 1831 2491 clausi

1131 2514 1187 2571 post
1210 2507 1350 2570 speculum.
1379 2510 1403 2556 iu
1429 2507 1482 2557 loco
1507 2507 1650 2572 longissime
1670 2524 1687 2560 a
1706 2525 1832 2564 concursu

1132 2578 1226 2628 catheti
1246 2593 1301 2627 cum
1321 2578 1387 2627 linea
1404 2580 1543 2627 reflexionis
1562 2588 1664 2628 remoto.

1184 2649 1255 2708 Quod
1285 2650 1305 2696 si
1335 2648 1416 2697 adhuc
1442 2651 1576 2712 optinorum
1601 2652 1711 2713 opinioni
1736 2652 1832 2704 adhae-

1133 2736 1187 2775 res.
1216 2734 1313 2769 assume
1332 2719 1417 2768 Vitell.
1437 2719 1507 2776 viil,
1529 2717 1577 2772 67.
1604 2722 1645 2769 ubi
1664 2723 1701 2771 rei
1720 2725 1791 2775 visae
1810 2728 1833 2777 B

1133 2790 1186 2855 (lig.
1200 2789 1245 2852 et)
1264 2792 1342 2839 torma
1359 2806 1403 2853 per
1421 2791 1580 2854 multiplicem
1590 2793 1751 2843 reflexionem
1762 2798 1833 2845 atri-

1053 2877 1060 2883 ·
1133 2865 1177 2911 bus
1196 2861 1301 2926 speculis
1321 2864 1436 2911 concavis
1453 2864 1605 2911 intermediis
1619 2864 1649 2919 G,
1661 2863 1695 2921 D,
1709 2865 1730 2914 E
1745 2866 1833 2918 ordine

1132 2936 1240 2989 iactam.
1269 2933 1369 2982 taudem
1397 2935 1429 2982 ad
1454 2934 1551 2982 oculum
1570 2938 1592 2983 A
1612 2936 1777 2986 transfertui:
1808 2947 1835 2989 et

1133 3004 1326 3059 ostendamini,
1357 3006 1398 3053 ubi
1425 3005 1493 3053 locus
1520 3007 1636 3071 imaginis
1664 3007 1697 3055 ab
1716 3010 1791 3058 oculo
1812 3015 1833 3060 A

1133 3078 1199 3126 risae
1218 3078 1250 3123 sit
1268 3076 1379 3124 iuturus:
1400 3082 1426 3126 et
1444 3078 1491 3123 eris
1509 3076 1568 3125 mihi
1586 3092 1694 3141 maguus
1712 3080 1813 3143 Apollo.

1189 3148 1321 3197 Ostensum
1347 3154 1385 3195 cst
1410 3149 1485 3211 igitur
1513 3149 1661 3200 rationibus.
1692 3156 1722 3198 nt
1746 3154 1835 3215 opinor

1132 3235 1181 3268 non
1192 3219 1301 3274 infirmis,
1321 3219 1352 3267 ab
1363 3220 1515 3281 experientia
1525 3218 1647 3275 deductis.
1667 3221 1733 3284 quod
1747 3223 1833 3290 imago

1134 3306 1195 3339 non
1214 3292 1247 3338 sit
1265 3291 1289 3337 in
1310 3289 1409 3338 catheto
1429 3289 1588 3339 incidentiae.
1626 3290 1693 3340 Ubi
1713 3308 1772 3343 raro
1792 3298 1833 3356 sit,

1134 3363 1242 3410 nondum
1261 3368 1358 3417 statu03
1386 3360 1511 3423 probabile
1535 3369 1619 3410 tamen
1639 3362 1719 3419 duco.
1748 3365 1833 3417 locum

1135 3437 1188 3495 ejus
1198 3435 1222 3480 in
1235 3447 1352 3481 concursu
1363 3432 1401 3480 sel
1412 3433 1587 3481 intersectione
1598 3431 1680 3482 lineae
1690 3436 1835 3488 reflexiouis

1134 3512 1159 3554 et
1177 3504 1311 3567 parallelae
1331 3504 1491 3566 apparentiae
1512 3518 1573 3552 esse.
1612 3503 1659 3553 llic
1678 3513 1705 3554 tn
1724 3521 1779 3563 me.
1800 3510 1834 3558 ml

1133 3575 1253 3638 Keplere‚
1274 3591 1315 3637 pro
1335 3589 1364 3622 eo
1383 3589 1430 3637 quo
1448 3573 1585 3636 praeditum
1600 3582 1625 3624 te
1644 3576 1715 3624 rideo
1735 3579 1832 3643 ingenii

1134 3649 1246 3696 acumine
1267 3646 1371 3707 adjura.
1400 3646 1438 3693 rel
1466 3646 1609 3708 corrigendo
1636 3655 1761 3697 errantem
1793 3651 1834 3701 rel

1134 3717 1301 3767 continuando
1323 3726 1389 3765 recte
1408 3715 1572 3765 incedentem.
1599 3717 1711 3766 Habebis
1730 3735 1833 3771 meuou

1134 3788 1273 3837 difficilem:
1294 3787 1413 3852 siquidem
1426 3789 1564 3850 propositus
1574 3788 1632 3836 mihi
1651 3788 1726 3851 hujus
1745 3792 1831 3857 dispu-

1134 3862 1235 3910 tationis
1254 3873 1341 3921 soopus
1352 3867 1448 3907 estnon
1463 3859 1564 3907 rictoria
1574 3859 1618 3907 sed
1628 3861 1735 3918 veritate
1755 3877 1833 3926 quam

1136 3934 1156 3981 si
1175 3939 1202 3979 tu
1221 3930 1280 3979 mihi
1303 3932 1490 3985 monstraveris,
1523 3929 1609 3978 lubens
1638 3944 1728 3981 manus
1757 3935 1833 3986 dabo.

1137 4003 1165 4053 ld
1184 4004 1283 4050 unicum
1301 4009 1385 4049 tamen
1404 4000 1493 4060 hortor,
1514 4007 1541 4049 ut
1555 4003 1734 4064 experientiam
1753 4006 1832 4056 arbit·

1136 4090 1189 4124 rum
1208 4087 1336 4122 accersas:
1356 4086 1414 4121 narn
1432 4071 1538 4135 proclive
1557 4080 1596 4121 est
1615 4087 1710 4133 errare,
1737 4077 1759 4125 si
1778 4079 1834 4141 quis

1135 4138 1193 4195 solis
1212 4145 1361 4198 rationibus.
1381 4144 1546 4205 experientiae
1565 4145 1705 4193 carceribus
1723 4161 1775 4197 non
1794 4151 1832 4199 in·

1136 4218 1210 4267 clusis
1239 4216 1283 4265 sed
1302 4214 1377 4263 libere
1402 4216 1565 4279 vagantibus,
1594 4217 1696 4265 nitatur.
1734 4218 1834 4270 Adhibe

1135 4288 1262 4352 speculum
1273 4300 1416 4345 concavum,
1431 4300 1480 4334 nou
1491 4286 1562 4346 exile,
1582 4286 1627 4335 sed
1634 4289 1719 4349 justae
1731 4293 1833 4356 magni·

1136 4360 1245 4417 tudinis;
1273 4360 1293 4406 si
1321 4358 1366 4406 tihi
1385 4356 1477 4405 nullum
1502 4364 1554 4414 est,
1583 4358 1625 4407 lac
1643 4357 1759 4410 Venetiir
1787 4364 1834 4414 tibi

1136 4430 1229 4487 afferri,
1250 4429 1292 4478 ubi
1310 4428 1410 4477 veuaba
1427 4435 1519 4490 parata
1536 4429 1666 4479 hahentur.

1206 4501 1278 4550 Haec
1313 4499 1484 4565 Brenggerus;
1520 4514 1584 4564 quae
1620 4516 1691 4565 porro
1722 4517 1832 4569 sequnn-

1134 4580 1189 4630 tur,
1209 4572 1309 4621 inferius
1327 4572 1456 4636 legentum
1477 4574 1530 4633 jam
1550 4587 1563 4621 e
1582 4574 1742 4637 responsione
1761 4575 1832 4641 Kep-

1133 4644 1177 4693 leri
1197 4658 1228 4694 ea
1247 4643 1385 4693 exhibenda
1403 4656 1546 4699 censemus,
1566 4658 1630 4708 quae
1647 4645 1679 4694 ad
1692 4648 1834 4708 praemissa

1133 4718 1266 4779 pertinent.

560 4795 735 4869 Plurimum,
761 4797 1077 4861 exoreiiuruepnrus.
1111 4807 1157 4847 me
1183 4788 1373 4848 delectarunt
1405 4794 1475 4847 tuae
1501 4786 1622 4860 literae,
1652 4786 1832 4852 Clarissima

470 4884 544 4959 Vir,
571 4904 637 4946 cum
669 4892 792 4963 propter
824 4882 883 4942 olla
917 4879 1012 4939 multa
1043 4885 1105 4938 turn
1134 4878 1262 4937 maxime
1294 4875 1371 4954 quod
1396 4875 1567 4936 libertatem
1596 4876 1624 4937 iu
1648 4875 1831 4960 philosopho

471 4981 631 5054 tantopere
656 4971 861 5033 commendas.
909 4967 991 5028 Nihil
1015 4977 1137 5046 poteras
1163 4966 1258 5045 magis
1283 4965 1320 5026 ad
1336 4982 1432 5024 meam
1448 4964 1630 5026 seutentiam
1655 4966 1830 5045 exprimen-

472 5063 551 5139 dam,
577 5081 644 5125 nam
669 5068 775 5125 contra
791 5056 982 5121 adversarios
1006 5056 1093 5135 hujus
1109 5056 1240 5117 instituti
1261 5073 1296 5116 ne
1313 5052 1524 5133 disputandum
1540 5054 1658 5135 quidem
1674 5054 1828 5120 existimo.
