4584 6192
972 620 1055 687 eaput
1071 618 1149 673 xxn.
1554 623 1560 638 '
1673 618 1738 687 69³

384 804 423 857 ab
443 808 561 875 utraque
587 802 684 873 spatiis
715 803 834 866 distans,
865 808 935 872 puta
959 801 1044 871 paulo
1065 802 1128 871 plus
1150 818 1204 855 uno
1234 802 1333 870 gradu
1372 800 1442 854 Post
1461 800 1532 856 haec
1552 809 1646 858 autem
1666 804 1737 858 hacc

384 886 553 953 praecedens
574 900 645 937 zona
664 885 738 938 tlexu
760 886 876 955 quodam
897 883 924 936 iu
945 882 1078 936 orientem
1098 881 1229 946 excurrit,
1251 881 1280 935 iu
1301 881 1415 952 formam
1435 884 1572 953 segmenti
1593 883 1735 938 circularis

383 971 414 1017 et
434 964 510 1018 latus
539 965 706 1035 praecedens
736 965 818 1019 lactis
847 963 979 1017 terminat
1006 962 1107 1026 stella,
1139 977 1210 1033 quae
1240 968 1284 1015 est
1309 961 1337 1014 in
1365 964 1464 1016 dextro
1491 981 1566 1037 genu
1589 964 1734 1035 Ophiuchi,

382 1061 502 1115 sequeus
523 1062 589 1099 vero
610 1061 653 1109 ea,
676 1062 748 1115 quae
769 1052 813 1099 est
833 1044 861 1098 in
881 1046 976 1098 eodem
998 1042 1112 1113 poplite.
1153 1042 1245 1096 Stella
1264 1058 1329 1095 vero
1352 1044 1521 1112 praecedens
1542 1063 1579 1099 cx
1601 1045 1641 1109 iis,
1664 1063 1736 1117 quae

382 1132 451 1179 suut
471 1125 498 1179 in
518 1131 645 1180 extremo
665 1125 788 1195 ejusdem
810 1126 895 1196 pedis,
917 1123 1011 1195 tangit
1031 1122 1102 1176 idem
1121 1122 1206 1178 latus.
1242 1122 1359 1176 Rursum
1385 1124 1556 1192 procedendo
1584 1127 1737 1197 marginem

382 1204 582 1270 occidentalem
608 1206 775 1261 determinat
798 1206 896 1271 stella,
922 1220 992 1275 quac
1019 1204 1070 1257 sub
1096 1204 1195 1256 dextro
1221 1202 1323 1257 cubito.
1367 1201 1536 1257 orientalem
1560 1223 1626 1261 vero
1652 1208 1737 1262 stella
1843 1271 1847 1278 Ι

380 1288 552 1355 praecedens
572 1304 609 1341 ex
631 1286 672 1351 iis,
695 1304 766 1358 quae
787 1286 815 1340 in
836 1293 961 1340 extremo
982 1300 1078 1338 manus
1099 1285 1218 1337 dextrae
1240 1281 1286 1338 dcc.
1316 1280 1365 1341 Ex
1384 1281 1490 1361 quibus
1509 1295 1646 1363 apparet,
1666 1295 1735 1347 ten-

381 1375 454 1436 dere
478 1375 533 1437 hoc
557 1385 778 1455 resegmentum
801 1374 867 1436 viae
892 1374 1008 1435 lacteae
1033 1370 1111 1432 inter
1135 1371 1210 1431 duas
1235 1369 1320 1450 quasi
1350 1368 1461 1444 lineas,
1490 1390 1613 1452 quarum
1638 1375 1737 1436 altera

380 1485 400 1525 a
425 1464 530 1526 dextro
562 1483 639 1543 genu
669 1465 717 1526 ad·
742 1465 878 1526 dextrum
909 1460 1059 1535 cubitum,
1091 1461 1208 1540 reliqua
1235 1481 1254 1520 a
1282 1460 1388 1520 dextro
1419 1460 1497 1540 pede
1528 1462 1566 1522 ad
1599 1463 1737 1525 dextram

380 1571 502 1614 manum
526 1553 653 1615 ducitur.
699 1555 764 1616 Aut
787 1553 879 1632 igitur
901 1551 930 1613 in
955 1550 1051 1631 ipsam
1075 1548 1193 1610 lacteae
1218 1548 1407 1610 latitudinem
1431 1548 1536 1610 incidit
1559 1550 1642 1612 locus
1667 1552 1736 1614 novi

380 1640 502 1710 sideris,
527 1651 581 1723 aut
593 1642 759 1723 marginem
781 1643 847 1722 ejus
867 1641 1020 1702 sinistrum
1044 1646 1077 1700 et
1090 1637 1267 1700 orientalem
1290 1637 1424 1717 proxime
1448 1638 1583 1718 attingit,
1608 1659 1737 1720 vergens

378 1749 486 1793 versus
514 1732 641 1793 alteram
671 1731 760 1794 lactis
787 1730 975 1811 portionem;
1005 1728 1048 1789 sic
1073 1736 1105 1789 ut
1129 1726 1158 1788 in
1181 1726 1234 1788 illo
1257 1737 1385 1805 angusto
1414 1726 1508 1789 limite
1532 1728 1574 1790 sit
1597 1748 1735 1810 compre-

378 1821 502 1893 hensus,
527 1820 576 1901 qui
599 1820 678 1882 iuter
701 1831 858 1901 utrumque
877 1837 978 1881 arcum
1001 1815 1104 1878 limitis
1128 1816 1219 1878 lactei
1239 1835 1273 1877 eo
1294 1817 1359 1878 loco
1384 1816 1544 1896 distinguit
1564 1838 1617 1880 ceu
1640 1820 1738 1881 insula

378 1908 461 1970 inter
484 1910 557 1970 duos
591 1908 673 1972 fluvii
706 1911 819 1971 alveos.
866 1910 972 1987 ltaque
1005 1915 1258 1980 consentancum,
1293 1907 1451 1967 materiam
1481 1925 1577 1968 novae
1606 1928 1674 1969 esse
1699 1928 1737 1970 ex

377 1998 431 2060 via
453 1997 563 2059 lactea.
602 1999 695 2080 ldqce
719 1998 811 2061 etiarn
835 1996 981 2060 naturalis
1005 1993 1221 2074 contemplatio
1246 1995 1410 2056 coufirmat.
1448 1995 1526 2057 Nam
1551 1996 1577 2058 si
1602 1998 1737 2059 essentia

377 2087 448 2148 viae
473 2088 588 2150 lacteae
612 2107 682 2168 pars
706 2096 755 2149 est
778 2088 898 2150 densior
921 2084 1053 2146 aetheris
1071 2083 1243 2158 (materiam
1260 2083 1337 2144 euim
1360 2084 1491 2163 aliquam
1516 2087 1610 2148 tantis
1629 2106 1735 2148 corus·
1772 2108 1774 2112 ·

377 2176 548 2238 catiouibus
572 2178 696 2239 subesse
721 2196 844 2239 neccsse
869 2179 931 2249 est)
955 2172 1066 2235 nemini
1090 2193 1149 2234 non
1173 2172 1335 2235 verisimile
1359 2173 1427 2250 erit,
1453 2174 1640 2255 aptissimam
1666 2195 1734 2238 esse
1838 2224 1849 2241 ,

325 2275 328 2286 “
381 2265 467 2328 illam
491 2266 647 2327 materiam
672 2267 758 2327 novis
781 2264 1005 2346 phaenomenis.

467 2355 552 2417 Haec
576 2364 723 2437 utcunque
747 2354 938 2429 verisimilia,
970 2352 1193 2413 labefactantur
1224 2358 1324 2411 tamen
1359 2350 1578 2432 objectionibus
1610 2355 1736 2421 duabus.

375 2442 493 2520 Prima,
527 2446 606 2526 quod
628 2445 729 2506 David
753 2444 921 2517 Fabricius,
955 2461 1041 2523 quem
1069 2440 1098 2501 iu
1132 2440 1391 2501 observationibus
1421 2460 1512 2521 supra
1539 2463 1655 2525 quoquc
1679 2448 1736 2509 fide
1776 2475 1779 2481 ·

376 2532 500 2610 dignum
524 2534 684 2609 celebravi,
709 2532 925 2595 animadvertit
948 2550 1025 2593 anno
1050 2524 1142 2602 1596,
1170 2523 1255 2612 3113.
1270 2530 1401 2609 Augusti
1431 2530 1526 2603 (circa
1548 2553 1634 2615 quem
1658 2537 1737 2599 diem

376 2631 499 2683 cometa
522 2623 602 2685 illius
626 2622 695 2684 auni
719 2623 823 2685 ultimo
847 2622 930 2684 visus
961 2628 1009 2683 est
1033 2639 1051 2680 a
1074 2619 1254 2691 Maestlino,
1282 2619 1346 2698 jam
1378 2621 1591 2699 propemodum
1623 2625 1734 2687 statio-

375 2710 480 2772 narius
503 2713 644 2788 effectus,
669 2712 698 2774 in
724 2707 762 2775 ⁴1⁰
784 2714 831 2799 πρ)
857 2710 1003 2773 matutino
1029 2718 1163 2788 tempore
1192 2727 1301 2769 novam
1332 2709 1452 2770 stellam
1482 2711 1592 2773 tertiae
1615 2715 1734 2793 magni-

368 2798 506 2876 tudinis,
531 2801 646 2863 invenit
669 2800 698 2862 iu
727 2795 788 2864 25⁰
815 2798 867 2863 ‹15‘
891 2799 936 2877 Υ,
970 2819 1036 2861 curn
1065 2796 1224 2859 latitudine
1253 2806 1331 2859 aust.
1366 2793 1424 2860 15⁰
1453 2796 1522 2877 od,
1556 2822 1632 2884 quae
1664 2811 1736 2884 post

376 2885 541 2951 Octobrem
565 2891 699 2969 ejusdem
720 2891 788 2952 anni
813 2888 962 2970 disparuit
985 2894 1019 2958 (v.
1039 2911 1058 2945 ι.
1078 2911 1102 2960 p.
1122 2892 1198 2955 597).
1240 2886 1390 2948 llle=vero
1414 2887 1497 2949 locus
1520 2910 1539 2951 a
1562 2892 1612 2954 via
1635 2893 1736 2955 lactea

375 2977 474 3040 abluit
497 2980 680 3060 longissime.
727 2979 851 3054 Altera,
886 2978 963 3060 quod
992 2977 1017 3038 si
1050 2976 1196 3037 naturalis
1219 2985 1268 3037 est
1291 2994 1433 3038 uovorum
1457 2977 1587 3042 sidemm
1612 2994 1734 3044 exortus

329 3124 333 3130 .
376 3067 512 3148 (qualem
536 3069 653 3150 quidem
678 3068 760 3138 facit,
785 3068 834 3147 qui
858 3066 885 3128 ei
909 3066 1067 3128 materiam
1090 3065 1209 3144 quaerit
1231 3084 1269 3126 ex
1292 3064 1342 3124 via
1365 3066 1490 3143 lactea),
1516 3070 1657 3132 credibile
1676 3081 1732 3146 est,
1771 3083 1780 3105 ‘

375 3156 455 3237 quod
479 3166 511 3219 et
534 3177 625 3239 supra
648 3159 774 3233 dictum,
804 3176 861 3219 non
887 3157 961 3218 adeo
985 3155 1189 3234 infrequentes
1214 3173 1291 3217 esse.
1339 3151 1440 3225 Quare
1464 3166 1534 3237 post
1562 3160 1617 3220 hos
1649 3156 1734 3224 1400

377 3265 487 3321 annos,
517 3248 566 3328 qui
594 3247 633 3308 ab
663 3267 698 3308 eo
724 3258 855 3326 tempore
881 3247 976 3318 fuere,
1000 3263 1065 3306 cum
1089 3244 1281 3305 Ptolemaeus
1305 3244 1464 3325 descripsit
1491 3246 1571 3309 viam
1595 3249 1733 3324 lacteam,

377 3335 499 3396 videtur
521 3335 548 3396 ei
572 3337 705 3399 notabile
729 3335 880 3417 quippiam
905 3334 1049 3395 decedere
1074 3333 1223 3410 debuisse,
1247 3340 1296 3394 tot
1319 3333 1466 3396 sideribus
1491 3336 1618 3400 incensis
1638 3358 1733 3419 exque

376 3445 413 3485 ea
436 3425 635 3487 concinnatis.
683 3426 746 3487 Aut
769 3425 795 3487 si
819 3425 947 3486 nondum
979 3423 1096 3505 quidem
1125 3432 1228 3485 tantus
1261 3440 1362 3485 eorum
1394 3425 1529 3486 cumulus
1561 3426 1631 3501 fuit,
1664 3429 1733 3490 olim

375 3524 478 3576 tamen
502 3514 620 3576 videtur
643 3516 757 3575 coelum
781 3523 876 3576 totum
900 3514 956 3574 hoc
981 3512 1083 3586 lactis,
1107 3514 1187 3594 quod
1210 3512 1316 3587 habet,
1341 3513 1542 3595 perditurum:
1572 3517 1649 3596 quod
1675 3536 1732 3577 uon

376 3604 483 3685 aequis
507 3602 537 3664 in
560 3604 751 3684 philosophia
769 3604 893 3684 judiciis
917 3601 1072 3682 excipitur.
1545 3634 1547 3636 >

465 3693 572 3773 Itaque
604 3693 704 3773 potius
734 3693 763 3754 in
788 3712 823 3754 eo
855 3712 935 3768 sum,
968 3685 1004 3752 ut
1034 3691 1169 3764 credam,
1203 3690 1316 3751 coelum
1347 3690 1536 3773 undiquaque
1567 3700 1669 3772 aptum
1693 3693 1733 3755 ad

373 3782 538 3845 materiam
561 3782 645 3845 hisce
668 3781 815 3844 sideribus
839 3780 1050 3862 praebendam.

961 4043 1149 4055 *ιιι-

909 4279 1029 4379 Caput
1051 4277 1199 4356 XXIII.

754 4461 842 4526 coeli
862 4458 1031 4525 materiam
1053 4477 1120 4521 esee
1147 4456 1352 4523 mentium.

464 4621 530 4685 Nec
554 4638 618 4680 snm
642 4618 781 4699 ignarus,
813 4641 902 4703 qnam
936 4622 1009 4683 haec
1037 4617 1137 4698 opinio
1168 4619 1210 4680 sit
1233 4618 1352 4681 inimica
1373 4619 1580 4702 philosophiae
1605 4622 1727 4686 Aristo-

370 4712 497 4776 telicae.
543 4710 657 4770 Verum
680 4718 715 4771 ut
737 4711 836 4773 dicam
860 4710 938 4792 quod
968 4728 1017 4772 res
1047 4716 1110 4770 estt
1143 4716 1246 4769 sectae
1275 4708 1371 4787 magis
1403 4730 1490 4792 quam
1522 4712 1648 4793 principi
1679 4720 1729 4776 est

355 4803 516 4865 'adversa
563 4799 612 4859 Da
635 4796 706 4860 mihi
729 4801 893 4863 redivivum
913 4798 1135 4878 Aristotelem,¹
1153 4797 1198 4858 ita
1219 4796 1291 4858 mihi
1313 4800 1457 4862 succedat
1478 4801 1564 4865 labor
1586 4810 1726 4865 astrono-

323 4946 326 4952 ,
371 4893 480 4961 micus,
504 4896 538 4953 ut
561 4906 617 4968 ego
641 4887 698 4967 ipsi
721 4890 903 4971 persuadere
926 4886 1119 4969 speraverim.
1155 4887 1207 4964 Ita
1225 4886 1288 4948 fieri
1307 4888 1395 4965 solet,
1419 4908 1523 4972 gypso,
1539 4892 1608 4953 dum
1622 4911 1726 4957 roccus

371 4990 424 5045 est
447 4980 526 5053 fusa,
551 4978 696 5062 quidlibet
724 4979 926 5060 impresseris;
958 4977 1064 5039 eadem
1087 4975 1135 5038 ubi
1164 4975 1296 5038 induruit
1323 4996 1439 5039 omnem
1467 4989 1571 5062 typum
1601 4982 1724 5063 respuit.

371 5071 428 5136 Sic
452 5068 632 5142 sententiae,
657 5068 725 5129 dum
749 5088 787 5130 ex
809 5089 860 5130 ore
884 5070 978 5130 fluunt
1001 5064 1252 5148 philosophorum,
1281 5066 1422 5129 facillime
1445 5068 1552 5149 corrigi
1583 5080 1724 5151 possunt:

371 5163 425 5226 ubi
449 5168 590 5244 receptae
614 5158 725 5221 luerint
748 5178 767 5220 a
789 5156 954 5239 discipulis,
979 5154 1083 5238 quovis
1106 5154 1207 5234 lapide
1230 5155 1325 5237 inagis
1348 5156 1555 5231 indurescunt,
1578 5180 1633 5222 nec
1656 5161 1725 5226 ullis
