4584 6192
1093 553 1226 624 298

2079 557 2429 609 Astrouemloe
2463 556 2587 609 Pu·
2624 555 2821 622 Optio...

1325 782 1386 847 2.
1437 785 1883 864 Παραδοξον
1928 786 2196 847 Lunam
2245 806 2378 848 non
2429 787 2805 849 obscurari
2852 787 2938 848 ab
2987 786 3232 848 umbra
3279 787 3575 850 Terrae.

1268 909 1382 971 His
1428 909 1634 988 itaque
1681 909 1770 970 sic
1833 929 1899 970 se
1956 911 2344 985 habentibus,
2410 931 2541 973 cum
2608 911 2745 972 inde
2795 933 2832 971 a
2877 919 3025 972 nata
3083 913 3455 973 astronomia
3510 912 3695 973 fuerit
3754 913 3815 974 in

1089 999 1385 1071 confesso,
1438 998 1701 1077 deliquia
1747 998 1955 1059 Lunae
2002 1001 2319 1079 provenire
2368 1021 2442 1061 ex
2490 1002 2730 1063 incursu
2779 999 2908 1079 ejus
2955 1000 3014 1061 in
3064 1001 3332 1062 umbram
3380 1002 3625 1076 Terrae,
3676 1002 3813 1063 cal-

1090 1089 1258 1151 culus
1305 1087 1488 1148 etiam
1536 1105 1716 1165 super
1761 1088 1855 1150 his
1904 1098 2212 1151 extructus
2247 1089 2651 1151 fundamentis
2696 1097 2935 1151 tantum
2982 1109 3098 1150 non
3130 1090 3523 1152 subtilissime
3554 1110 3814 1171 respon-

1665 1196 1956 1238 summam
2033 1178 2448 1240 difficultatem
2526 1178 2784 1256 objicere
2844 1178 2980 1240 huic
3049 1178 3291 1257 negotio
3348 1179 3630 1241 videntur
3683 1179 3815 1253 illa,

1090 1284 1246 1347 quae
1312 1264 1513 1345 capite
1559 1264 1674 1327 IV.
1742 1266 1817 1327 de
1865 1266 2327 1329 refractiouibus
2382 1268 2685 1330 radiorum
2734 1266 2895 1329 Solis
2944 1267 3002 1328 iu
3051 1274 3193 1329 aere
3256 1268 3436 1330 factis
3496 1269 3813 1348 disputata

1090 1363 1254 1419 suut.
1320 1354 1480 1417 Nam
1527 1353 1579 1414 si
1624 1354 1776 1415 radii
1825 1354 1989 1417 Solis
2038 1357 2286 1418 Terram
2334 1357 2645 1419 occidente
2692 1354 2836 1417 Sole
2884 1356 3305 1435 contingentes
3353 1358 3617 1420 refracte
3664 1375 3813 1437 per-

1088 1444 1337 1508 veniunt
1382 1444 1457 1504 ad
1506 1460 1633 1516 nos,
1683 1444 2025 1506 transibunt
2073 1445 2257 1524 igitur
2303 1446 2564 1508 refracte
2613 1453 2678 1506 et
2723 1444 2996 1507 umbram
3043 1445 3365 1508 curtabunt
3408 1447 3569 1508 infra
3614 1446 3813 1509 locum

1089 1532 1384 1596 transitus
1430 1531 1658 1593 Lunae.
1750 1532 1867 1594 Hic
1913 1533 2086 1596 nobis
2131 1534 2322 1595 nodus
2380 1533 2705 1596 solvendus
2753 1542 2877 1603 est,
2940 1542 3008 1595 ut
3052 1535 3381 1596 astronomi
3432 1535 3811 1597 dubitatione

1091 1176 1250 1242 derit
1305 1175 1542 1238 eventui
1569 1196 1583 1235 :

1420 1655 1527 1721 Fig.
1571 1650 1652 1703 93.

1583 1755 1680 1783 Ἧι

1992 1623 2335 1697 liberentur,
2387 1642 2500 1684 neu
2549 1622 2797 1695 existat,
2846 1623 2946 1701 qui
2993 1623 3088 1683 vel
3138 1622 3397 1701 eclipses
3446 1643 3521 1685 ex
3567 1623 3806 1686 refrac-

2000 1712 2262 1774 tionibus
2300 1713 2396 1773 vel
2426 1711 2822 1773 refractiones
2861 1728 2938 1771 ex
2975 1711 3297 1791 eclipsibus
3339 1713 3546 1774 Lunae
3586 1714 3815 1775 audeat

1999 1801 2295 1864 cavillari.
2889 1818 2894 1822 ·

2176 1888 2406 1952 Centro
2454 1911 2495 1949 α
2559 1887 2862 1950 scribatur
2906 1889 2976 1967 βγ
3038 1888 3295 1950 circulus
3362 1888 3557 1967 major
3604 1886 3812 1952 Solem

1997 1986 2493 2059 repraesentans,
2561 1984 2769 2039 centro
2817 1982 2852 2037 δ
2908 1976 3165 2039 circulus
3212 1974 3278 2049 εζ
3320 1978 3545 2040 Terrae
3594 1978 3809 2052 minor,

1909 2095 1957 2155 7*
1996 2080 2062 2131 et
2120 2069 2418 2130 ducantur
2474 2065 2895 2146 contingentes
2951 2067 3051 2141 βο,
3099 2062 3168 2146 γζ
3216 2085 3402 2147 usque
3461 2067 3599 2128 dum
3659 2066 3722 2127 in
3772 2088 3813 2127 σ

1996 2163 2359 2219 concurrant
2405 2174 2535 2217 cum
2584 2160 2662 2215 αδ
2700 2174 2834 2217 axe.
2896 2153 3290 2216 Manifestum
3337 2163 3451 2229 est,
3491 2150 3601 2229 εσζ
3637 2155 3807 2216 futu-

1995 2266 2123 2309 ram
2154 2246 2422 2307 umbram
2460 2244 2704 2318 Terrae,
2755 2243 2808 2305 si
2837 2245 2924 2320 βε,
2954 2239 3023 2323 γζ·
3049 2243 3348 2306 irrefracti
3401 2244 3807 2323 pervenirent.

1995 2339 2087 2397 At
2141 2336 2271 2415 jam
2339 2335 2560 2395 Terrae
2627 2332 2870 2413 globum
2934 2328 3003 2405 εζ
3069 2332 3471 2412 amplectatur
3548 2332 3813 2412 sphaera

1996 2424 2157 2485 aeris
2205 2443 2356 2490 ικοπ,
2406 2422 2578 2501 cujus
2617 2431 2714 2483 est
2761 2420 3018 2483 medium
3066 2421 3309 2483 densius
3343 2422 3539 2484 medio
3589 2420 3809 2483 aethe-

1997 2514 2102 2583 τῖε,
2153 2531 2337 2593 quare
2378 2513 2465 2587 βε,
2512 2506 2578 2588 γζ
2615 2510 2997 2588 ingressurae
3047 2517 3248 2571 aerem
3296 2511 3357 2571 in
3404 2510 3647 2591 punctis
3690 2535 3728 2585 ι,
3780 2533 3813 2571 κ

1996 2620 2111 2665 non
2161 2608 2420 2680 possunt
2464 2600 2775 2680 pervenire
2825 2600 2883 2660 in
2935 2622 2988 2673 ε,
3042 2595 3087 2673 ζ,
3140 2600 3247 2661 sed
3295 2600 3705 2679 refringuntur
3751 2599 3808 2659 in

1998 2714 2084 2769 ιη,
2143 2694 2227 2754 κθ
2287 2699 2349 2750 et
2414 2688 2753 2768 impingunt
2818 2687 2876 2748 in
2926 2688 3173 2750 Terram
3228 2687 3288 2750 in
3345 2711 3409 2766 η,
3467 2692 3548 2762 θ,
3610 2688 3809 2768 ibique

1998 2779 2403 2858 impediuntur
2450 2797 2564 2857 quo
2614 2777 2806 2838 minus
2854 2777 3335 2856 progrediantur.
3411 2778 3506 2840 Ac
3537 2796 3672 2838 cum
3702 2776 3811 2839 Sol

1995 2871 2262 2932 illustret
2328 2868 2670 2928 universam
2735 2866 3057 2945 sphaeram
3113 2866 3274 2927 aeris
3340 2874 3627 2946 quantum
3695 2865 3812 2928 sibi

1997 2960 2072 3019 de
2122 2978 2195 3017 ea
2242 2956 2544 3035 objicitur,
2594 2955 2797 3016 radios
2837 2955 3022 3033 igitur
3060 2955 3212 3016 alios
3246 2956 3408 3017 ultra
3444 2957 3519 3030 βι,
3551 2978 3616 3033 yn
3662 2972 3810 3034 pro-

1987 3047 2142 3127 jicit,
2193 3064 2440 3125 quorum
2479 3044 2679 3123 utique
2720 3043 2904 3123 aliqui
2952 3043 3303 3123 contingent
3339 3044 3565 3105 Terrae
3604 3044 3812 3105 orbem

1998 3144 2062 3197 et
2097 3134 2445 3197 transibunt
2485 3139 2729 3211 praeter
2759 3133 3007 3194 Terram
3037 3131 3095 3192 in
3144 3143 3379 3211 partem
3417 3134 3579 3195 aeris
3609 3151 3809 3213 oppo-

1998 3227 2202 3287 sitam.
2298 3221 2440 3284 Sint
2484 3223 2590 3298 βλ,
2639 3245 2713 3301 yn
2761 3220 2945 3294 radii,
2996 3222 3092 3299 qui
3146 3221 3555 3298 refringantur
3601 3224 3662 3283 in
3710 3224 3808 3296 λπ,

1996 3337 2105 3390 μο,
2157 3310 2578 3388 contingentes
2636 3311 2885 3370 Terram
2950 3308 3010 3369 in
3058 3333 3105 3385 e,
3154 3306 3202 3382 ζ.
3295 3310 3391 3371 Ex
3445 3311 3522 3373 iis
3584 3319 3807 3382 autem,

1999 3421 2149 3484 quae
2209 3400 2412 3481 Tycho
2476 3399 2675 3461 Brahe
2745 3398 3109 3478 experiundo
3177 3399 3521 3475 constituit,
3590 3402 3685 3473 ie,
3734 3397 3819 3475 μζ

1996 3490 2404 3552 horizontales
2455 3488 2822 3549 radiationes
2869 3486 3291 3549 refractionem
3328 3490 3638 3568 patiuntur
3677 3485 3807 3552 34‘.

1998 3578 2201 3650 Quare
2264 3578 2519 3657 angulus
2584 3579 2688 3655 βλε
2751 3585 2849 3638 est
2913 3573 3070 3640 179⁰
3115 3572 3245 3645 26¹,
3314 3585 3520 3639 tantus
3579 3589 3644 3641 et
3688 3577 3809 3658 γμζ.

1996 3670 2091 3730 Ac
2149 3687 2281 3728 cum
2338 3686 2445 3745 per
2491 3667 2569 3739 X,
2622 3662 2684 3729 9.
2735 3665 3083 3727 Vitellionis
3143 3667 3356 3728 eadem
3417 3668 3699 3729 accidunt
3747 3670 3806 3729 in

1998 3759 2272 3834 ingressu
2336 3775 2487 3836 quae
2535 3755 2598 3816 in
2659 3773 2941 3833 egressu,
3009 3755 3126 3816 erit
3190 3755 3375 3833 igitur
3418 3758 3534 3835 λπρ
3597 3757 3810 3819 itidem

2004 3843 2166 3910 179⁰
2195 3843 2324 3913 26⁴,
2367 3845 2454 3905 sic
2494 3852 2557 3904 et
2586 3864 2724 3921 μορ.
2796 3842 2999 3912 Quare
3043 3844 3252 3905 umbra
3285 3845 3505 3905 Terrae
3546 3847 3811 3924 genuina

1997 3936 2112 3996 erit
2157 3928 2354 4012 επροζ,
2407 3934 2524 3994 imo
2565 3932 2757 3994 adhuc
2798 3933 3051 4005 brevior,
3096 3942 3160 3992 ut
3200 3933 3352 3993 infra
3390 3936 3647 4014 patebit.
3706 3936 3809 3997 Ad

1997 4025 2191 4085 latera
2248 4042 2391 4083 vero
2449 4022 2637 4101 ipsius
2686 4043 2721 4099 ρ
2769 4021 3089 4098 interjecta
3160 4023 3261 4082 lux
3309 4019 3474 4083 Solis
3540 4025 3811 4086 refracta

1997 4113 2113 4173 erit
2161 4112 2405 4173 dimidio
2466 4111 2703 4190 quidem
2761 4110 3042 4182 debilior,
3101 4129 3278 4189 quam
3336 4118 3432 4172 est
3487 4112 3649 4191 apud
3696 4133 3808 4176 nos

1995 4201 2100 4262 lux
2129 4200 2292 4262 Solis
2333 4200 2684 4272 occidentiS,
2737 4218 2886 4278 quae
2921 4218 3064 4259 sane
3096 4200 3259 4260 nullo
3289 4201 3465 4262 modo
3515 4202 3809 4264 tenebrae

1996 4290 2114 4351 dici
2159 4298 2386 4368 potest,
2437 4288 2712 4369 quamvis
2741 4306 2848 4366 per
2886 4292 2970 4360 λε,
3002 4282 3085 4363 μζ
3123 4289 3597 4366 profunditatem
3644 4292 3808 4353 aeris

1996 4380 2073 4439 ad
2121 4397 2230 4440 nos
2278 4379 2576 4457 ingressa.
2653 4377 2831 4438 Diem
2878 4378 3033 4438 enim
3076 4377 3247 4438 nobis
3295 4387 3575 4458 praestat
3620 4381 3808 4441 nihilo

1993 4468 2185 4529 minus
2236 4475 2298 4529 et
2345 4467 2590 4528 umbras
2634 4486 2671 4526 a
2708 4466 3055 4545 corporibus
3102 4466 3366 4545 projicit.
3439 4467 3581 4529 Etsi
3624 4469 3810 4548 igitur

1995 4561 2096 4625 λπ,
2145 4578 2224 4633 μο
2289 4556 2492 4635 spatia
2558 4556 2741 4632 dupla
2806 4562 2947 4615 sunt
2993 4554 3070 4614 ad
3117 4557 3213 4628 λε,
3264 4552 3364 4630 μζ,
3435 4575 3556 4618 non
3602 4566 3805 4619 tannen

1994 4647 2119 4707 fieri
2168 4646 2410 4724 poterit,
2461 4653 2528 4706 ut
2573 4645 2813 4723 penitus
2863 4644 2964 4704 lux
3011 4642 3347 4705 aboleatur.

2171 4736 2360 4795 Porro
2409 4753 2484 4794 ex
2516 4734 2607 4793 his
2657 4731 2987 4812 suppositis
3019 4732 3196 4793 facile
3236 4733 3493 4793 habetur
3542 4734 3804 4797 altitudo

1993 4831 2063 4904 ὄρ
2130 4824 2376 4886 umbrae
2444 4822 2696 4893 Terrae,
2762 4840 2942 4901 quam
3011 4822 3282 4882 facerent
3343 4822 3498 4883 radii
3545 4824 3652 4897 λπ,
3704 4847 3803 4900 μο,

1995 4914 2265 4993 quamvis
2315 4910 2419 4972 alii
2467 4912 2660 4973 adhuc
2719 4909 3053 4971 breviorem
3119 4918 3466 4990 praestent,
3530 4919 3599 4972 ut
3649 4912 3805 4974 infra

1991 5003 2243 5064 dicetur.
2310 5000 2510 5080 Supra
2539 5019 2669 5079 cap.
2701 5000 2815 5073 VI,
2863 4999 3011 5061 Nr0.
3046 4995 3106 5062 3.
3157 5001 3411 5078 angulus
3441 4996 3554 5072 εσζ
3594 5002 3805 5064 deter-

1989 5091 2250 5152 minatus
2300 5098 2396 5152 est
2442 5107 2518 5151 ex
2564 5088 2894 5169 suppositis
2940 5088 3331 5151 Ptolemaicis
3378 5086 3458 5152 0⁰
3503 5086 3614 5154 25¹
3646 5086 3801 5154 36¹¹.
