4584 6192
1029 633 1111 685 use
1129 634 1244 683 mas..
1744 630 1810 699 829

464 809 524 873 rit3
545 827 599 864 uon
619 812 734 866 multum
754 812 825 866 euim
846 813 981 867 dissimilis
1007 821 1069 868 erat
1086 815 1303 883 Neapolitanae.
1344 814 1516 868 Flandricam
1543 814 1679 883 depictam
1705 814 1838 868 ridebis.

465 893 494 947 in
515 890 620 960 Opticis
641 894 692 945 sub
712 910 832 963 persona
851 895 1022 958 Jessenii,
1045 895 1139 948 addita
1158 911 1221 948 mea
1240 894 1441 963 explicatione,
1469 912 1547 965 quem
1569 896 1657 949 locum
1678 895 1731 965 ipsi
1751 914 1811 950 cum

465 971 621 1044 gratiarum
652 972 760 1027 actione
789 975 1021 1031 monstrabis...
1058 975 1214 1029 Stanislaus
1245 975 1298 1038 ait,
1330 976 1416 1030 risum
1446 975 1557 1029 limbum
1583 975 1654 1029 Solis
1683 979 1731 1045 1¹),
1754 976 1811 1048 dig.

462 1054 603 1124 Juxtaque
624 1052 735 1107 limbum
754 1054 849 1109 Lunae
870 1056 1036 1110 albicantem
1061 1060 1088 1125 ¹s,
1113 1056 1170 1127 dig.
1193 1063 1224 1109 et
1248 1055 1382 1126 reliquum
1408 1072 1506 1125 corpus
1534 1056 1648 1110 hiscum.
1690 1061 1729 1110 At
1749 1055 1814 1127 quia

465 1133 546 1189 nulla
574 1141 734 1197 causaest,
763 1152 811 1188 666
830 1136 929 1189 limbus
956 1137 1004 1189 ille
1024 1136 1119 1190 Lunae
1142 1133 1174 1201 (a
1193 1136 1257 1189 Sole
1283 1152 1397 1189 aversus
1419 1138 1503 1189 etad
1524 1153 1573 1189 nos
1596 1152 1655 1189 una
1674 1154 1734 1191 cum
1754 1144 1813 1191 tota

465 1213 573 1284 reliquo
594 1212 671 1267 fusco
691 1214 893 1283 hemisphaerio
908 1212 1069 1285 conversus)
1090 1217 1254 1271 albicaverit
1266 1233 1333 1285 prae
1355 1218 1460 1286 reliquo
1480 1216 1700 1285 hemisphaeria,
1723 1217 1812 1271 dicen·

467 1298 531 1350 dum
552 1294 660 1364 itaque,
682 1295 838 1349 albedinem
862 1296 939 1349 illam
960 1296 1029 1351 nihil
1050 1298 1125 1350 aliud
1151 1298 1251 1360 666666,
1279 1313 1358 1366 quam
1384 1297 1573 1350 dilatationem
1599 1312 1679 1349 arcus
1700 1297 1814 1361 Solaria,

467 1377 630 1445 impressam
660 1375 770 1428 tunicae
799 1375 931 1439 visurine,
963 1378 1102 1431 confusam
1129 1395 1188 1431 cum
1218 1377 1309 1446 specie
1339 1377 1458 1446 corporis
1486 1376 1593 1433 Lunae,
1631 1381 1700 1447 (Opt.
1723 1384 1756 1443 V,
1777 1383 1815 1446 5.)

468 1458 540 1511 Nam
560 1460 701 1524 spectator
722 1474 852 1510 converso
873 1465 973 1511 exortu
993 1458 1153 1520 retiforruis,
1182 1476 1235 1528 quo
1256 1459 1315 1510 solo
1335 1460 1366 1511 tit
1387 1458 1491 1510 directa
1511 1456 1588 1520 sisio,
1611 1459 1645 1510 ad
1667 1457 1815 1512 sectionem

467 1538 567 1592 Lunae
588 1547 617 1588 66
637 1536 718 1600 Solis,
740 1554 793 1590 non
814 1543 909 1607 potest
937 1538 1084 1609 prohibere
1106 1540 1169 1608 quin
1192 1545 1222 1591 et
1240 1538 1311 1592 Solis
1333 1555 1431 1601 cornu,
1461 1539 1531 1608 quod
1552 1537 1688 1591 lateribus
1709 1539 1816 1593 retiuae

469 1616 562 1685 excipi
582 1616 719 1680 debebat,
748 1617 836 1687 ipsum
857 1618 941 1671 etiam
970 1626 1097 1673 exortum
1123 1619 1248 1681 retinas,
1280 1619 1326 1689 qui
1347 1621 1381 1671 ad
1403 1618 1478 1671 aliud
1505 1617 1648 1672 ridendum
1678 1618 1815 1690 dirigitur,
1896 1665 1900 1673 .

469 1696 594 1752 irradiet.
638 1697 715 1758 Quae
737 1697 878 1751 irradiatio
898 1697 969 1752 Solis
998 1699 1133 1753 indirecta
1153 1706 1183 1752 et
1210 1699 1355 1761 lateralis,
1386 1716 1445 1752 cum
1472 1698 1508 1752 sit
1535 1697 1633 1752 fortior
1662 1698 1818 1760 radiatioue,

470 1779 568 1833 Lunae
598 1776 717 1840 directa,
746 1777 844 1832 visioni
872 1778 993 1833 directae
1015 1797 1092 1833 suam
1121 1780 1302 1833 radiationem
1327 1780 1494 1833 albicantem
1522 1778 1709 1835 communicat.
1741 1786 1818 1848 (Vide

471 1864 611 1928 exemplum
630 1863 687 1927 Opt.
700 1863 734 1922 V,
753 1864 790 1924 5.)
832 1860 877 1912 lta
897 1860 971 1913 subit
999 1860 1132 1924 animum,
1162 1876 1198 1913 an
1219 1861 1289 1913 haec
1316 1861 1412 1913 eadem
1432 1859 1469 1912 sit
1489 1876 1587 1928 passus
1609 1860 1720 1914 Clarius
1746 1877 1818 1915 anuo

474 1939 560 1994 1567.
582 1954 600 1991 a
620 1937 726 1991 clarore
748 1939 922 1993 substantiae
943 1940 1093 1994 aethereae
1108 1941 1184 1994 circa
1196 1941 1303 1993 Lunam
1323 1941 1412 2002 fusae,
1435 1956 1504 2009 quae
1519 1938 1674 1994 Stanislaus
1696 1957 1714 1994 a
1735 1959 1818 1995 cornu

473 2018 555 2076 Solis.
598 2018 747 2073 Confirmat
771 2019 927 2073 Stauislaus
955 2021 1066 2074 mirifice
1093 2020 1353 2074 demonstrationem
1375 2022 1438 2088 Opt.
1461 2021 1493 2082 V,
1516 2019 1543 2073 3.
1565 2012 1711 2089 props28.
1753 2022 1819 2077 Cum

472 2101 545 2155 euim
566 2104 615 2153 666
635 2116 689 2152 666
709 2099 746 2153 666
765 2099 845 2153 66666
866 2101 991 2154 milliaris
1013 2101 1174 2165 altitudinis,
1197 2101 1365 2169 impossibile
1385 2100 1446 2164 fuit,
1468 2106 1499 2153 ut
1520 2100 1542 2153 is
1564 2106 1626 2163 666,
1649 2102 1694 2171 qui
1716 2102 1818 2171 Hispa·

472 2181 536 2237 niae
557 2179 717 2249 superfusus
739 2189 790 2242 est,
812 2181 886 2233 visus
907 2180 944 2234 sit
965 2182 992 2234 iu
1009 2182 1147 2246 Flandria,
1171 2183 1241 2251 quod
1262 2181 1360 2235 fuisset
1380 2180 1573 2243 necessarium,
1595 2181 1618 2234 si
1638 2198 1703 2250 pars
1725 2183 1817 2251 splen·

473 2260 546 2316 doris
568 2261 638 2315 Solis
669 2260 742 2313 inira
761 2261 883 2324 Lunam,
915 2277 980 2329 pars
1011 2262 1103 2315 circuli
1126 2264 1161 2315 ad
1191 2269 1314 2315 austrum
1342 2261 1482 2314 haesisset
1502 2261 1529 2313 in
1550 2261 1602 2314 hoc
1623 2262 1718 2316 humili
1746 2269 1820 2319 aere.

472 2347 515 2398 Ac
535 2348 595 2395 esto
616 2358 691 2404 sane,
714 2348 745 2394 ut
766 2342 872 2412 aliquot
892 2344 994 2396 Terrae
1015 2344 1162 2396 diametros
1183 2349 1285 2411 aequet
1306 2348 1355 2395 666
1373 2348 1474 2405 noster,
1496 2348 1587 2395 tamen
1610 2342 1633 2395 si
1654 2360 1707 2396 nou
1729 2344 1817 2413 ipsam
1904 2358 1907 2364 ·

473 2425 579 2479 Lunam
600 2420 723 2492 attingit,
745 2422 838 2475 hiatus
859 2424 1021 2476 tenebrosus
1042 2425 1129 2477 multo
1154 2423 1290 2476 ridebitur
1315 2421 1431 2493 amplior
1459 2439 1572 2491 corpore
1592 2422 1688 2477 Lunae
1710 2417 1818 2493 (posita

473 2505 555 2559 Luna
574 2502 678 2571 majore
700 2519 780 2572 quarn
802 2498 888 2570 Sele).
931 2503 1068 2558 Concludo
1094 2522 1175 2576 ergo,
1202 2504 1386 2557 substantiam
1408 2503 1580 2565 aetheream,
1608 2502 1637 2557 in
1658 2520 1713 2574 qua
1731 2504 1820 2569 Luna,

475 2582 639 2639 crassiorem
659 2599 720 2635 esse
741 2583 876 2637 interdum
896 2592 927 2638 ut
949 2600 1019 2637 anuo
1045 2585 1129 2639 1605.
1152 2614 1191 2623 -
1229 2590 1350 2640 Adductis
1369 2590 1424 2639 dein
1449 2591 1535 2641 iisdem
1554 2591 1689 2656 exemplis,
1714 2606 1777 2657 qnae
1795 2594 1822 2643 iu

476 2677 555 2728 textu,
575 2670 715 2720 concludit:
743 2665 815 2717 Tota
841 2666 895 2718 hac
922 2681 982 2717 cum
1008 2665 1181 2735 supellectile
1208 2666 1242 2718 ad
1263 2664 1441 2718 Aristotelem
1462 2672 1491 2718 te
1520 2666 1614 2718 confer
1639 2671 1668 2718 et
1688 2666 1820 2729 delibera,

475 2763 513 2800 an
535 2744 668 2798 aetherea
688 2745 845 2799 substantia
865 2744 992 2815 patiatur
1013 2746 1215 2800 alterationem.
1257 2750 1306 2813 (Ex
1325 2766 1362 2814 ep.
1385 2750 1426 2801 14.
1446 2752 1505 2801 Feb.
1527 2749 1603 2800 1666.
1623 2752 1722 2818 Pragae
1741 2750 1822 2814 data.)

565 2819 611 2884 64)
629 2839 654 2888 p.
673 2820 733 2871 699.
771 2822 826 2880 Vir,
854 2839 926 2888 quem
954 2823 1012 2874 dicit
1030 2824 1152 2888 Keplerus
1180 2838 1280 2888 gravem
1304 2830 1330 2873 66
1355 2823 1562 2882 literatissimum,
1590 2825 1636 2873 tuit
1653 2823 1678 2874 J.
1698 2824 1728 2874 G.
1747 2824 1821 2875 Her·

474 2900 611 2952 vastus,
631 2898 700 2957 culus
717 2895 862 2945 relationem
880 2910 955 2957 supra
973 2896 1008 2960 (p.
1028 2893 1074 2956 84)
1092 2897 1267 2959 proposuimus.

564 2965 604 3015 De
623 2966 706 3030 eclipsi
727 2963 759 3027 Θ
780 2967 839 3015 anni
858 2963 935 3015 1665.
954 2968 1077 3032 Keplerns
1095 2967 1191 3015 monuit
1209 2974 1359 3016 astronomos
1384 2966 1502 3030 peculiari
1527 2966 1623 3023 libelle,
1652 2982 1724 3031 quem
1743 2974 1821 3017 astro·

473 3037 554 3090 nomia
572 3044 598 3087 66
622 3037 676 3086 aliis
705 3052 883 3103 quoquoversus
912 3040 1063 3095 transmisit,
1091 3039 1236 3102 petitionem
1263 3038 1420 3101 adjungens,
1448 3044 1476 3087 ut
1493 3039 1675 3088 observationes
1701 3054 1759 3093 suas
1777 3041 1823 3103 ipsi

422 3105 426 3118 '
474 3110 664 3161 communicent
702 3108 757 3170 Quo
776 3117 856 3157 motus
874 3111 984 3160 mediam
1002 3110 1101 3174 quidam
1117 3109 1140 3160 J.
1157 3109 1186 3157 G.
1201 3109 1278 3172 aspel
1297 3123 1336 3165 ea,
1355 3123 1420 3173 quae
1438 3110 1503 3159 inter
1519 3108 1656 3159 vehendum
1677 3125 1723 3168 „ex
1746 3110 1824 3161 rheda

472 3196 559 3233 versus
576 3180 697 3238 6666666,
726 3196 787 3245 qnae
805 3180 883 3229 Plinio
901 3180 1038 3232 Mattiacas
1062 3181 1141 3231 dictas
1169 3180 1274 3245 putaut“
1295 3182 1478 3237 observaverat,
1498 3180 1605 3245 Keplero
1633 3182 1824 3233 transmittenda

472 3251 581 3305 nicolao
600 3252 712 3311 Serarie,
741 3253 820 3316 presb.
841 3250 898 3302 Soc.
916 3252 989 3312 Jesn,
1007 3252 1163 3318 Moguntiam
1190 3253 1282 3301 scribit.
1317 3251 1347 3302 Iu
1365 3252 1403 3301 his
1430 3253 1507 3303 literis
1535 3252 1735 3316 deprehendimus
1756 3253 1822 3312 „chi-

472 3324 600 3390 6666666.ιι
621 3339 694 3388 quem
723 3324 783 3374 dicit
800 3322 940 3387 Keplerus,
969 3326 1017 3390 qui,
1043 3324 1167 3373 referente
1186 3323 1302 3374 Goebelio
1331 3324 1393 3387 „ipsi
1419 3325 1543 3389 oppositus
1569 3325 1673 3374 sedebat
1699 3326 1724 3373 in
1751 3339 1824 3387 prora

473 3395 590 3451 vehiculi,
610 3402 636 3445 at
654 3396 804 3451 affirmabat,
818 3394 899 3444 Solem
919 3397 964 3446 sibi
977 3413 1025 3446 non
1038 3402 1180 3445 contectum
1199 3408 1326 3459 apparere,
1345 3395 1389 3444 sed
1408 3396 1489 3445 orbem
1508 3396 1638 3459 puniceum
1655 3396 1719 3444 intra
1732 3394 1822 3445 Solem.

472 3468 546 3519 Idem
562 3466 634 3516 homa
650 3467 762 3516 stellulas
781 3482 807 3515 66
827 3468 968 3518 observasse
987 3467 1097 3531 ajebat.“
1135 3466 1166 3515 In
1184 3467 1271 3516 iisdem
1293 3467 1370 3515 literis
1397 3468 1502 3516 occurrit
1526 3482 1617 3524 ,senex
1636 3458 1821 3522 discuteres*

473 3538 607 3590 Goabelius
625 3538 717 3588 retert:
739 3539 873 3597 ,narrabat
891 3540 948 3589 mihi
967 3541 1047 3590 senior
1065 3538 1164 3602 qnidam
1179 3537 1318 3587 Canonicns
1332 3537 1524 3593 Confluentiuus,
1544 3552 1609 3587 anuo
1627 3537 1699 3586 1666.
1721 3553 1752 3588 66
1769 3541 1824 3603 ipsa
1923 3593 1926 3598 ,

473 3612 546 3668 hora,
564 3623 614 3673 qua
631 3610 725 3660 electus
743 3611 838 3659 uoriter
856 3610 1058 3675 Archiepiscopus
1076 3624 1106 3659 ex
1124 3624 1191 3658 more
1211 3609 1377 3659 collocabatur
1395 3625 1469 3673 supra
1486 3609 1574 3666 altare,
1594 3609 1712 3659 deiecisse
1731 3609 1822 3668 Solem,

473 3690 505 3733 ut
520 3682 547 3732 in
573 3694 670 3730 summa
697 3681 759 3730 aede
785 3681 888 3731 Treviris
916 3698 946 3732 ex
973 3690 1076 3746 utraque
1102 3689 1174 3745 parte
1201 3682 1267 3730 chori
1294 3681 1432 3744 psaltantes
1459 3681 1603 3731 sacerdotes
1621 3696 1647 3729 se
1666 3689 1750 3729 mutuo
1774 3698 1824 3731 nou

475 3753 641 3819 agnoverint;
661 3754 803 3816 apparuisse
821 3754 881 3801 item
899 3754 983 3804 stellas
1001 3752 1142 3818 plurimas.“

566 3820 611 3885 st)
630 3839 654 3887 p.
675 3822 736 3873 sot.
772 3824 974 3889 Brenggerus
1001 3825 1144 3874 medicus
1163 3823 1193 3873 de
1212 3822 1259 3872 hac
1278 3821 1380 3885 Kepleri
1405 3823 1519 3885 opinione
1536 3822 1600 3873 haec
1618 3823 1726 3887 profert:
1754 3823 1825 3884 Quod

474 3895 646 3961 crystallinum
665 3894 789 3945 humorem
809 3896 872 3946 oculi
891 3898 980 3947 tunicis
1000 3911 1122 3946 annexum
1136 3909 1222 3960 negas,
1242 3909 1345 3957 eumque
1363 3908 1453 3957 vapore
1472 3894 1505 3942 ali
1519 3896 1615 3947 asseris.
1636 3910 1724 3944 norum
1737 3895 1828 3960 dogma

474 3967 611 4019 introducis
630 3968 731 4016 medicis
753 3967 898 4016 inauditum.
938 3967 1010 4018 Certe
1038 3977 1127 4016 natura
1145 3967 1210 4015 male
1238 3967 1402 4028 prospexisset
1425 3965 1499 4022 risui,
1528 3967 1549 4014 si
1572 3981 1627 4015 enm
1650 3967 1702 4016 siue
1730 3967 1827 4017 viuculo

476 4038 545 4091 oculi
562 4038 703 4087 humoribus
722 4039 836 4087 innatare
854 4041 1019 4102 permisisset;
1045 4040 1080 4088 sic
1101 4039 1166 4088 enim
1185 4038 1216 4086 ad
1236 4038 1344 4100 quemvis
1362 4037 1452 4085 saltum
1471 4036 1508 4086 rel
1527 4038 1603 4086 ictum
1621 4037 1826 4088 vehementiorem

476 4110 643 4162 descenderet
661 4116 686 4159 et
704 4111 788 4160 sedem
807 4124 878 4159 suam
896 4110 1052 4175 relinqueret.
1088 4109 1177 4173 ltaque
1197 4109 1329 4159 anatomici
1348 4108 1569 4172 deprehenderunt,
1589 4110 1668 4171 ipsum
1686 4116 1738 4158 tnm
1757 4111 1826 4159 cilia·

474 4182 545 4235 ribus
564 4182 716 4244 processibus
736 4182 767 4230 ab
785 4196 849 4230 urea
867 4183 954 4231 tunica
977 4182 1106 4238 demissis,
1135 4189 1188 4229 tum
1206 4181 1306 4237 tunica,
1335 4194 1399 4244 qnae
1423 4181 1526 4229 vitreum
1552 4180 1678 4248 humorem
1705 4183 1784 4246 cingit
1803 4189 1828 4230 66

477 4253 621 4317 crystallino
641 4253 673 4302 66
691 4253 772 4301 166666
790 4253 942 4302 circulariter
959 4255 1081 4308 inseritur,
1100 4267 1146 4301 ceu
1160 4252 1299 4317 ligamentis
1318 4251 1434 4315 suspendi
1452 4252 1621 4320 etyimmotum
1641 4254 1726 4302 teneri.
1756 4252 1829 4314 Quod

478 4331 566 4390 aperto
585 4324 655 4373 oculo
674 4324 829 4387 crystallinus
848 4323 947 4379 excidit,
966 4325 990 4374 id
1009 4325 1037 4373 66
1056 4325 1114 4388 quia
1132 4324 1249 4373 effluente
1267 4322 1367 4373 humore
1386 4337 1464 4386 aquea
1482 4323 1613 4385 hyaloidis,
1630 4325 1670 4388 qui
1689 4325 1713 4373 ei
1731 4325 1826 4375 aduite-

479 4399 564 4453 hatur‚
583 4397 668 4444 statim
686 4396 797 4445 succedit
815 4402 841 4444 et
858 4396 999 4459 prolabitur.
1036 4396 1101 4445 Nam
1120 4398 1207 4445 tunica
1229 4394 1295 4443 illum
1324 4396 1426 4460 cingens
1445 4401 1470 4443 66
1488 4409 1615 4459 processus
1643 4395 1738 4445 ciliares
1756 4411 1827 4460 prae·

481 4467 549 4519 tensi
567 4467 691 4517 tenuiores
709 4475 768 4515 suut
786 4473 812 4517 et
829 4467 980 4525 infirmiores,
1000 4482 1073 4533 qnam
1091 4474 1120 4515 ut
1132 4482 1188 4516 eum
1201 4467 1253 4515 sina
1272 4466 1362 4514 anxilio
1382 4467 1453 4529 aquei
1470 4464 1577 4515 humoris
1596 4466 1708 4516 cohibere
1726 4469 1828 4531 possint,

478 4541 567 4603 itaque
584 4545 729 4601 rumpuntur
746 4546 772 4594 66
784 4538 952 4601 crystallinum
971 4538 1024 4604 (qni
1038 4540 1069 4588 ab
1081 4538 1196 4601 hyaloide
1214 4534 1373 4601 protruditur)
1392 4544 1532 4587 sustentare
1550 4537 1673 4587 desinunt
1698 4537 1738 4588 De
1751 4540 1828 4588 nutri·

477 4619 564 4661 mento
582 4610 748 4660 assentiunt
766 4610 870 4668 medici,
899 4611 963 4675 quod
981 4611 1050 4660 nulla
1067 4625 1124 4674 pars
1143 4609 1249 4672 corporis
1271 4608 1373 4658 humani
1391 4609 1513 4657 nutriatur
1540 4623 1642 4673 vapore,
1670 4609 1713 4659 sed
1732 4616 1829 4659 tantum

478 4681 621 4733 humoribus
640 4695 700 4731 snae
718 4688 825 4731 naturae
843 4685 1039 4746 proportionatis.
1065 4681 1153 4746 ltaque
1173 4680 1311 4741 crystallino
1330 4680 1395 4729 idem
1415 4681 1557 4745 contingere
1576 4681 1704 4730 verisimile
1724 4689 1770 4737 est,
1789 4682 1829 4745 qui

480 4753 581 4818 quidem
599 4767 685 4816 pamm
704 4755 846 4802 nutrimenti
864 4755 985 4817 postulat,
1010 4753 1074 4818 quod
1092 4755 1114 4802 ei
1132 4752 1300 4802 subministrat
1317 4751 1403 4800 humor
1421 4752 1526 4809 ritrcm,
1545 4758 1574 4800 66
1592 4752 1684 4815 placuit
1702 4750 1734 4801 D.
1755 4751 1828 4816 Capi·

479 4824 717 4960 &ioquindm
745 4827 898 4958 praqqeqrtori
915 4840 971 4875 meo
990 4832 1015 4875 et
1037 4824 1132 4875 medico
1151 4824 1270 4873 Patarico
1296 4823 1438 4872 clanssimo.
1476 4820 1525 4885 (Ex
1548 4823 1653 4886 epistola
1669 4823 1711 4872 Br.
1730 4823 1754 4872 d.
1774 4822 1827 4874 Cal.

545 4929 551 4943 .
643 4913 690 4945 .r.
709 4912 728 4945 s.
746 4912 770 4960 p.
828 4934 833 4945 .

571 4977 737 5041 Keplerus
757 4978 882 5042 explicans
901 4992 939 5039 ea,
959 4990 1022 5042 quae
1040 4978 1066 5028 iu
1083 4976 1145 5026 libro
1164 4977 1268 5034 dixerat,
1290 4976 1417 5041 respondit
1435 4973 1470 5035 (6.
1490 4975 1534 5024 ult.
1554 4974 1616 5024 Nor.
1638 4971 1734 5036 6607)ε
1758 4970 1827 5022 Con·

481 5051 572 5107 firndis
597 5049 630 5108 66
654 5058 763 5106 nectere
785 5058 814 5105 et
833 5052 980 5105 includere.
1021 5051 1145 5105 Inclusus
1167 5058 1211 5104 est
1230 5051 1327 5104 humor
1348 5050 1396 5104 ille
1418 5049 1524 5112 tunica,
1553 5049 1727 5111 sed‘libere,
1751 5056 1827 5103 arcte

483 5133 599 5204 quidem,
620 5139 653 5186 ut
672 5132 739 5186 nihil
761 5132 876 5187 intersit.
917 5133 1025 5186 Nexum
1047 5133 1082 5184 ab
1104 5149 1136 5184 ec
1158 5149 1230 5204 nego
1251 5131 1303 5184 hoc
1329 5148 1428 5195 seusu,
1450 5146 1502 5201 quo
1524 5129 1664 5183 Fernelius
1690 5129 1759 5183 scite
1780 5132 1827 5183 ad·

482 5215 590 5269 modum
619 5213 664 5268 ani
693 5212 813 5267 tunicam
843 5212 997 5288 intericrem
1026 5214 1063 5266 ab
1088 5211 1141 5265 oris
1164 5211 1258 5266 tunica
1287 5211 1415 5266 continuo
1442 5211 1488 5263 filo
1509 5228 1559 5280 per
1580 5208 1669 5264 omnia
1696 5209 1829 5265 intestina
