4584 6192
572 592 639 666 m
1048 593 1087 645 De
1106 589 1441 659 moerentem&

572 774 651 836 latit.
668 769 716 837 ’10
737 769 769 836 50
791 772 872 848 bon,
903 770 987 835 visus
1009 780 1057 835 est
1086 775 1186 836 medio
1216 773 1278 835 lere
1307 772 1375 834 loco
1402 770 1481 832 inter
1507 769 1753 834 borealissimam
1775 770 1925 853 miangnli

572 863 604 926 in
633 862 732 925 fronte
761 860 881 941 Scorpii
910 870 942 923 et
964 861 1074 937 talum,
1103 863 1260 944 proximus
1288 861 1366 923 imae
1396 858 1509 934 cruris,
1538 858 1658 922 distans
1688 858 1819 924 dimidio
1848 862 1926 941 ejus,

572 951 652 1034 qnod
674 968 814 1031 suprema
835 949 943 1013 frontis
965 972 985 1013 a
1007 952 1129 1032 duplici,
1153 960 1185 1015 et
1206 951 1335 1014 nondum
1358 950 1389 1012 in
1411 948 1492 1011 linea
1512 950 1618 1011 cruris

659 1058 718 1121 Die
746 1075 819 1118 vero
845 1052 894 1121 16.
918 1057 1039 1132 Martii,
1068 1077 1126 1138 quo
1156 1060 1244 1121 Mars
1271 1057 1330 1119 luit
1358 1056 1388 1118 in
1411 1050 1451 1117 30
1472 1052 1527 1119 510
1550 1062 1580 1128 ‚l
1608 1055 1688 1119 latit.
1711 1052 1743 1120 (1
1769 1051 1925 1130 5901111,

574 1146 720 1209 diametro
742 1147 846 1208 Lunae
868 1163 960 1225 supra
981 1146 1076 1208 talum
1103 1149 1192 1228 pedis
1222 1147 1337 1208 sinistri
1364 1145 1483 1219 stabat,
1515 1144 1545 1206 in
1569 1143 1651 1206 linea
1679 1164 1719 1207 ex
1740 1144 1809 1208 talo
1831 1165 1925 1226 snpra

569 1236 705 1298 'mediam
731 1235 836 1298 cruris.
881 1233 1026 1315 Sequenti
1052 1235 1101 1298 l'i.
1126 1236 1248 1310 Martii,
1277 1235 1396 1316 quando
1425 1233 1456 1295 in
1478 1229 1518 1296 40
1545 1232 1594 1296 110
1616 1240 1648 1307 ,2¹
1668 1235 1744 1309 luit,
1775 1253 1847 1296 cum
1871 1236 1924 1297 lat

575 1323 607 1389 1).
630 1321 684 1389 580
705 1324 789 1398 bon,
815 1323 880 1403 jam
902 1334 1100 1403 superaverat
1122 1326 1232 1387 lineam
1262 1343 1300 1386 ex
1322 1324 1412 1385 corde
1436 1321 1556 1403 Scorpii
1577 1322 1610 1384 in
1630 1323 1728 1386 talum
1748 1342 1923 1404 parumper.

576 1412 653 1477 Qum
673 1431 746 1491 ergo
768 1412 810 1474 sit
831 1431 884 1473 cor
905 1412 1025 1493 Scorpii
1052 1410 1145 1477 11110
1170 1415 1283 1488 17010,
1315 1412 1397 1474 talus
1426 1412 1518 1493 igitur
1547 1412 1630 1474 cadit
1658 1421 1730 1474 ante
1754 1408 1796 1475 l·
1823 1412 1927 1485 1101Ι

573 1521 678 1584 parum
701 1501 874 1563 admodum:
900 1502 966 1563 scil.
990 1522 1067 1564 anno
1096 1498 1186 1567 1604.
1210 1503 1243 1564 in
1263 1497 1305 1565 10
1327 1501 1358 1563 70
1384 1507 1422 1573 ,A
1468 1502 1511 1563 Et
1538 1500 1609 1583 quia
1631 1501 1782 1564 diametro
1809 1502 1926 1575 Lunae,

573 1589 647 1654 lte.
671 1590 792 1653 circiter
807 1586 861 1653 320
883 1589 1008 1652 inferior
1029 1593 1145 1654 Marte:
1171 1592 1298 1654 latitudo
1321 1591 1412 1670 igitur
1429 1590 1458 1651 ei
1472 1590 1719 1670 septentrionalis
1736 1590 1798 1652 erit
1812 1587 1847 1655 0.
1865 1588 1925 1654 260.

577 1680 620 1742 Ε1
643 1679 715 1760 quia
736 1679 785 1741 die
811 1677 859 1740 17.
883 1679 989 1741 Martii
1010 1682 1095 1742 Mare
1118 1700 1185 1743 oum
1207 1681 1271 1742 talo
1295 1680 1365 1754 fuit,
1388 1688 1421 1741 et
1441 1680 1473 1741 in
1494 1676 1534 1742 l·
1558 1677 1609 1741 110
1632 1685 1671 1754 s,
1700 1678 1751 1740 die
1775 1698 1854 1741 vero
1880 1678 1926 1743 111

576 1768 610 1830 in
636 1764 755 1843 10120,
777 1768 928 1848 prooessit
949 1767 1041 1848 igitur
1062 1788 1117 1849 per
1139 1765 1178 1833 20
1199 1765 1264 1832 2110.
1302 1770 1346 1832 Et
1366 1768 1502 1831 distabat
1524 1767 1590 1848 ejus
1603 1770 1687 1849 prior
1709 1769 1799 1831 locus
1824 1790 1846 1830 a
1868 1769 1927 1832 talo

574 1875 630 1938 per
655 1852 692 1919 10
714 1853 767 1920 320
791 1857 841 1918 via
862 1863 1046 1919 transversa
1084 1859 1127 1921 Et
1148 1859 1219 1940 quia
1232 1857 1444 1920 borealissima
1467 1857 1498 1920 in
1512 1858 1664 1937 triangulo
1679 1858 1792 1920 frontis
1809 1858 1928 1939 scorpii

579 1954 628 2008 est
650 1946 680 2007 in
704 1942 764 2010 290
781 1941 813 2008 80
830 1955 883 2023 111:
907 1945 977 2007 hinc
999 1946 1038 2008 ad
1064 1942 1175 2010 101120
1199 1954 1229 2019 ,ἰ
1252 1956 1322 2010 sunt
1343 1943 1383 2010 20
1404 1942 1469 2021 340,
1492 1948 1572 2028 quod
1593 1947 1678 2008 vides
1693 1946 1790 2026 priori
1809 1947 1927 2011 diman-

576 2035 638 2096 tiae
661 2029 701 2097 20
722 2031 776 2097 320
798 2053 867 2098 ease
889 2036 1126 2118 quamproxime
1143 2038 1283 2119 aequale,
1306 2037 1395 2117 plane
1418 2044 1452 2098 ut
1474 2055 1565 2116 supra
1587 2043 1775 2097 annotatum.
1818 2036 1927 2119 Sequi·

578 2132 628 2186 111
649 2122 735 2198 hinc,
766 2123 856 2186 imam
877 2118 1504 2197 11111111111111111111111104201.
1549 2124 1690 2188 Proxime
1717 2124 1817 2203 igitur
1841 2126 1874 2187 in
1897 2122 1929 2188 10

578 2208 862 2288 1111111111.
890 2207 1100 2296 1038011111
1145 2215 1225 2277 Hinc
1247 2233 1319 2277 vero
1348 2222 1437 2295 atque
1465 2232 1502 2275 ex
1534 2207 1581 2276 16.
1606 2212 1711 2275 Martii
1736 2215 1927 2277 foeneremur

581 2300 673 2363 etiam
695 2301 792 2364 locum
813 2301 929 2364 mediae
952 2301 1064 2378 cruris,
1094 2302 1215 2378 addito,
1238 2303 1318 2384 quod
1339 2303 1421 2365 linea
1442 2303 1533 2366 trium
1555 2301 1650 2364 cruris
1673 2301 1834 2385 relinquat
1856 2323 1926 2385 genu

578 2390 735 2452 sinistrum
756 2409 915 2472 parumper
942 2390 974 2453 in
996 2392 1150 2454 occidente
1173 2400 1231 2454 etc.
1276 2393 1409 2455 Rursum
1441 2392 1489 2452 die
1519 2389 1571 2454 25.
1594 2390 1671 2454 Maii
1699 2393 1829 2474 vesperi
1858 2393 1926 2456 bora

583 2478 633 2542 11.
656 2479 743 2542 Mars
765 2487 849 2544 motu
870 2480 1047 2560 retrogrado
1065 2481 1131 2561 jam
1154 2484 1350 2561 superaverat
1371 2482 1466 2543 talum
1489 2489 1521 2542 et
1542 2500 1594 2542 cor
1608 2480 1740 2561 Scorpii.
1780 2482 1925 2546 Nimim·

578 2569 712 2631 calculus
726 2568 845 2648 reponit
866 2587 934 2630 eum
956 2570 986 2631 in
1009 2564 1049 2632 30
1064 2567 1118 2633 570
1132 2576 1171 2644 s,
1196 2589 1262 2632 cunr
1284 2570 1338 2632 lat
1358 2567 1461 2633 10300
1483 2578 1577 2648 austr.
1616 2569 1713 2632 Vides
1736 2589 1924 2634 consensum

578 2656 656 2720 Erat
676 2658 796 2732 Martis,
820 2658 919 2720 cordis
942 2667 974 2719 et
995 2677 1047 2720 cor
1067 2660 1279 2740 praecedentis
1301 2660 1484 2739 triangulum
1497 2659 1633 2741 proxime
1651 2659 1877 2741 aequiorum,
1897 2669 1924 2720 et

577 2746 730 2808 minimum
758 2745 841 2808 latus
872 2746 970 2809 cordis
1001 2756 1033 2808 et
1061 2746 1280 2828 praecedentia.
1326 2750 1412 2811 Mars
1440 2756 1542 2810 tamen
1572 2748 1655 2810 cordi
1683 2749 1779 2829 paulo
1810 2750 1924 2831 propior

579 2855 667 2916 quam
690 2835 891 2917 praecedenti,
915 2836 994 2917 quod
1017 2839 1173 2899 confirmat
1191 2838 1256 2917 ejus
1281 2838 1387 2899 locum.
1426 2839 1521 2900 Porro
1544 2838 1624 2900 linea
1640 2857 1678 2899 ex
1693 2839 1800 2900 media
1824 2838 1923 2901 frontis

578 2943 632 3006 per
654 2943 729 2999 eam,
753 2943 828 3006 quae
851 2924 906 2988 sub
929 2926 999 2988 vola
1019 2926 1116 3007 pedis,
1139 2928 1291 2989 transibat
1313 2927 1368 2989 sub
1391 2929 1501 2989 Marte.
1538 2926 1672 3007 Cumque
1693 2927 1801 2989 media
1824 2927 1924 2990 frontis

578 3014 620 3076 sit
644 3011 680 3076 10
701 3009 754 3077 510
777 3020 871 3077 austr.
895 3022 927 3076 et
948 3015 1033 3077 Mars
1058 3012 1096 3079 10
1117 3011 1171 3079 300
1194 3024 1299 3091 austr,
1321 3015 1392 3080 hinc
1414 3015 1601 3095 intelligitur,
1624 3016 1713 3079 volae
1738 3016 1923 3080 latitudinem

578 3122 647 3165 esse
676 3103 819 3182 majorem
851 3097 888 3166 10
910 3099 963 3167 300
997 3111 1090 3166 austr.
1134 3105 1193 3168 Die
1224 3102 1275 3168 28.
1300 3105 1376 3167 Maii
1405 3105 1524 3185 vesperi
1554 3104 1649 3167 videri
1678 3124 1733 3181 ea,
1765 3126 1845 3190 quae
1874 3104 1922 3167 sub

576 3191 647 3254 vola
674 3191 777 3273 pedis,
806 3211 865 3254 non
893 3200 1014 3272 poterat
1043 3194 1080 3258 ob
1109 3192 1220 3257 Martis
1249 3194 1512 3276 propinquitatem.
1556 3196 1605 3258 Ao
1634 3214 1703 3258 curn
1733 3194 1830 3259 fuerit
1856 3204 1920 3258 tunc

401 3262 405 3271 ⁹
537 3317 540 3322 -
577 3281 663 3344 Mars
687 3274 1089 3357 112156’1,111111111
1115 3279 1921 3364 1051011111.,ἰ11111111111111111111113000,1

578 3369 676 3444 cadit,
708 3369 786 3431 latit
814 3366 1025 3433 1050011111
1070 3372 1186 3434 Harum
1215 3372 1315 3453 itaque
1337 3375 1463 3436 lixarum
1492 3373 1560 3436 loca
1582 3382 1632 3435 sat
1653 3382 1738 3436 certa
1763 3383 1846 3438 sunt
1888 3374 1919 3436 lr

578 3459 704 3534 ceteris,
737 3460 762 3520 ai
785 3478 832 3521 me
855 3460 1012 3540 multiplex
1040 3462 1200 3539 figurarum
1231 3471 1436 3543 rectorumque
1467 3462 1632 3544 pensitatio
1656 3471 1687 3523 et
1710 3465 1922 3545 qualiscunque

580 3548 811 3610 meridianarum
834 3548 1024 3611 altitudinum
1040 3549 1212 3612 obseruatio
1236 3571 1296 3613 non
1318 3552 1357 3612 ad
1379 3552 1501 3614 minima
1517 3553 1657 3634 scrupula
1673 3552 1773 3629 duxit,
1797 3560 1922 3615 atcerte

580 3658 640 3700 non
664 3637 782 3717 longius
805 3638 952 3700 aberrare
967 3659 1060 3719 passa
1083 3646 1140 3699 est

665 3745 735 3807 Jam
767 3764 856 3825 porro
889 3745 1036 3808 exhibebo
1068 3755 1100 3807 et
1128 3746 1300 3826 catalogum
1329 3746 1524 3828 longitudinis
1555 3756 1586 3809 et
1614 3746 1788 3809 latitudinis
1817 3765 1922 3819 earum,

579 3852 654 3916 quae
677 3835 725 3894 vel
749 3854 768 3895 a
790 3834 909 3897 Braheo
932 3836 1062 3897 nondum
1085 3836 1208 3897 suntin
1231 3834 1402 3915 catalogum
1424 3838 1549 3898 fixarum
1571 3837 1702 3910 relatae,
1734 3838 1786 3901 vel
1809 3846 1923 3919 praeter

576 3923 779 3987 Ptolemaicas
803 3924 834 3986 in
857 3924 904 3986 his
929 3924 1077 3986 sideribus
1100 3924 1245 3987 visuntur.

662 4082 795 4149 Primum
827 4102 971 4168 perversa
1001 4095 1049 4150 eat
1080 4086 1282 4150 denominatio
1314 4087 1444 4167 priorum
1471 4086 1499 4148 in
1529 4084 1689 4165 Serpente.
1737 4085 1821 4149 Nam
1855 4102 1919 4169 quae

577 4181 627 4241 est
648 4172 781 4237 Braheo:
910 4169 916 4178 ’
1388 4176 1496 4238 dicitur
1523 4175 1720 4238 Ptolemaeo:

606 4267 633 4330 1.
665 4266 853 4328 Praecedens
876 4263 906 4327 in
930 4282 990 4328 ore.
1185 4263 1283 4344 Supra
1307 4273 1472 4327 extremum
1495 4265 1635 4325 maxillae
1658 4263 1688 4324 iu
1708 4265 1921 4344 quadrilatera.

586 4356 634 4427 ss.
665 4352 751 4426 Quae
774 4354 805 4417 in
828 4374 888 4417 ore.
1184 4353 1298 4415 b'aeum
1323 4355 1509 4434 contingens.

591 4445 633 4508 V.
664 4442 749 4516 Quae
775 4445 813 4505 ad
836 4443 991 4506 sinistrum
1014 4443 1139 4505 oeulom.
1182 4442 1216 4503 Iu
1240 4445 1337 4504 medio
1362 4442 1555 4523 quadrilateri
1579 4441 1607 4502 iu
1631 4440 1720 4502 rictu.

576 4535 633 4598 VI.
665 4532 751 4604 Quae
775 4533 814 4594 ad
837 4552 935 4597 nares.
1181 4530 1349 4611 Egrediens
1362 4532 1490 4611 aeapite
1508 4532 1546 4593 ad
1561 4537 1680 4611 partem
1690 4527 1922 4610 Septentrionis.

663 4695 709 4758 De
733 4693 782 4756 his
798 4692 933 4755 consului
949 4690 1112 4755 distantias
1128 4691 1316 4773 Tychonicas
1341 4692 1518 4755 observatas
1534 4709 1644 4772 easque
1660 4689 1697 4753 de
1714 4710 1798 4754 novo
1817 4688 1922 4772 subjeci

577 4783 702 4848 calculo.
748 4783 866 4846 Primae
890 4783 974 4844 locus
996 4782 1075 4843 idem
1096 4782 1237 4862 provenit
1259 4782 1308 4863 qui
1331 4782 1412 4862 apud
1434 4782 1615 4863 Tychonem.
1659 4778 1750 4851 Quae
1775 4802 1852 4845 vero
1875 4781 1923 4843 ob

576 4873 765 4936 cervatioues
778 4870 984 4935 tribuebantur
1000 4871 1158 4945 secundae,
1181 4872 1377 4951 prodiderunt
1399 4872 1497 4934 locum
1511 4889 1587 4945 eum,
1611 4888 1699 4950 quem
1717 4870 1822 4949 prima
1840 4870 1923 4933 habet

577 4963 657 5044 apud
679 4963 858 5046 lychonem.
892 4962 951 5023 Pro
976 4961 1107 5022 secunda
1129 4979 1200 5021 vero
1224 4961 1354 5023 nondum
1376 4960 1476 5023 inveni
1498 4961 1665 5041 quicquam.
1714 4960 1799 5022 Nam
1822 4959 1923 5023 munde

578 5052 761 5134 exemplaria
783 5051 1024 5113 observationum
1047 5050 1120 5112 mihi
1142 5069 1202 5112 non
1224 5051 1352 5130 contigit
1366 5052 1458 5113 adire.
1497 5051 1602 5129 Neque
1618 5047 1714 5127 recipi
1730 5051 1835 5128 potuit
1856 5050 1921 5113 haec

577 5142 709 5205 secunda
730 5140 883 5223 multoque
904 5141 1001 5203 minus
1025 5147 1113 5201 sexta
1135 5138 1271 5201 informis
1293 5141 1374 5204 intra
1396 5140 1552 5220 angustias
1575 5156 1661 5200 meae
1683 5136 1822 5202 tabulae.
