4584 6192
479 585 544 652 128
1068 583 1229 635 ersom

481 762 707 823 adamantinum
729 760 861 821 restituti
884 778 939 839 per
961 760 1133 841 Tychonem
1155 761 1257 822 Brahe
1279 771 1379 823 motus
1395 760 1477 823 Solis
1501 762 1685 845 fimumque
1708 768 1835 831 ordina.

477 861 578 912 tarum
611 849 775 921 extructis)
806 848 1004 929 complectar,
1041 868 1129 929 quam
1163 850 1303 912 clarem
1335 853 1598 913 astronomiae
1629 855 1837 934 penitioris

477 938 578 1000 dicere
600 958 693 1019 posse
715 937 788 999 mihi
809 936 921 998 videor.

565 1025 664 1089 Vides
687 1025 783 1087 amice
805 1025 914 1098 lector,
943 1044 1001 1105 quo
1025 1024 1090 1085 loco
1114 1025 1300 1087 astronomia
1322 1026 1496 1105 Tychonica
1518 1027 1576 1089 hoc
1599 1038 1649 1091 est
1672 1032 1836 1098 verissima

478 1125 511 1177 et
534 1116 770 1195 exquisitissima
791 1124 938 1175 versetur.
976 1113 1137 1175 Materiam
1160 1115 1200 1175 ad
1215 1113 1382 1175 aedilicium
1405 1115 1538 1177 futurum
1562 1117 1834 1198 locupletissimam

475 1205 632 1283 congessit
655 1204 683 1265 in
708 1203 801 1264 libros
824 1201 1081 1264 observationum:
1115 1204 1180 1281 ejus
1203 1202 1347 1263 materiae
1381 1204 1567 1283 probitatem
1590 1207 1620 1267 in
1645 1210 1835 1274 mechanicis

478 1294 715 1355 demonstravit:
740 1291 935 1352 fundamenta
949 1291 1053 1350 domus
1077 1291 1134 1352 duo
1156 1292 1325 1352 firmissima
1344 1292 1435 1369 jecit,
1459 1305 1492 1352 ut
1511 1294 1578 1371 jam
1602 1295 1679 1371 dixi,
1704 1298 1834 1364 fixarum

476 1383 617 1462 catalogo
640 1380 835 1442 subtilissime
859 1389 891 1440 et
915 1378 1069 1441 serissime
1102 1380 1272 1458 descripto,
1306 1379 1355 1459 qui
1376 1383 1526 1441 caementi
1550 1383 1655 1461 optimi
1680 1386 1748 1448 loco
1773 1390 1834 1453 fuit

477 1470 593 1551 eritque
617 1470 656 1531 ad
680 1469 836 1529 materiam
860 1466 1102 1529 observationum
1126 1468 1407 1546 conglutinandam:
1442 1479 1473 1530 et
1505 1470 1624 1532 theoria
1647 1472 1731 1536 Solis
1755 1496 1833 1539 con-

477 1558 603 1632 stituta,
627 1576 704 1639 quae
728 1558 824 1635 ipsum
849 1557 1033 1617 fundamenti
1058 1557 1146 1619 robur
1168 1556 1262 1617 habet
1284 1557 1441 1637 mediaque
1456 1558 1594 1619 columna
1609 1569 1673 1636 est,
1699 1563 1833 1629 lomices

476 1666 580 1708 omnes
604 1647 643 1707 ad
667 1645 821 1724 fastigium
845 1665 939 1725 usque
963 1646 1119 1725 complexa
1142 1647 1253 1705 ostium
1276 1645 1367 1705 etiam
1397 1665 1465 1707 cum
1488 1649 1641 1710 testudine
1665 1653 1704 1711 ad
1730 1656 1832 1717 omnia

475 1735 630 1798 conclavia
652 1734 833 1814 pertinente.
880 1735 1021 1795 Frontem
1054 1753 1124 1795 vero
1157 1734 1262 1794 domus
1295 1734 1334 1794 ad
1366 1734 1453 1796 linem
1486 1736 1644 1814 perduxit,
1678 1740 1832 1805 theoriam

474 1824 543 1886 dico
565 1822 687 1895 Lunae,
715 1822 890 1901 primarium
921 1823 1067 1901 palatium
1095 1834 1126 1883 et
1149 1821 1314 1902 porticum;
1346 1832 1379 1883 ut
1406 1822 1472 1902 jam
1506 1824 1612 1886 domus
1644 1827 1831 1895 habitationi

473 1922 548 1994 apta
570 1912 626 1987 sit,
651 1911 699 1972 cui
723 1909 753 1971 in
777 1912 853 1972 hunc
877 1930 962 1971 usum
984 1912 1040 1972 hoc
1064 1911 1165 1973 libello
1181 1912 1331 1972 fenestrae
1350 1920 1382 1971 et
1405 1912 1507 1973 scalae
1531 1914 1642 1992 partim
1666 1918 1829 1991 accedunt,

474 2000 586 2083 partim
609 2001 753 2062 effractae
776 2009 968 2080 reponuntur.
1015 2001 1185 2061 Armarium
1208 2019 1263 2061 seu
1286 1998 1414 2059 Theoria
1438 2000 1549 2061 Martis
1572 2013 1746 2068 extructum
1768 2019 1830 2083 est,

474 2091 584 2152 valvae
607 2109 661 2151 seu
676 2087 770 2150 editio
784 2087 957 2169 propediem
970 2089 1125 2150 accedent.
1161 2088 1274 2150 Restat
1287 2088 1415 2160 officina,
1436 2089 1610 2163 oratorium,
1632 2097 1832 2160 coenaculum

474 2197 541 2242 cum
564 2178 713 2252 thalamo,
738 2196 888 2239 museum:
913 2178 1019 2257 quibus
1043 2178 1179 2239 omnibus
1203 2177 1294 2238 altius
1317 2177 1487 2238 tabulatum
1510 2191 1738 2257 superstmetnr
1761 2188 1829 2249 loco

473 2268 629 2348 speculae,
653 2266 694 2328 ad
722 2264 898 2346 capiendum
931 2268 1098 2328 seculorum
1127 2274 1334 2345 prospectum,
1359 2265 1477 2326 theoria
1500 2277 1610 2330 octava
1633 2278 1665 2332 et
1689 2291 1830 2354 apogaea

474 2357 677 2438 planetarnm3
710 2353 833 2417 rudibus
856 2355 911 2416 illa
933 2356 1051 2435 quidem
1075 2354 1225 2435 aliquibus
1247 2365 1280 2415 et
1307 2354 1388 2415 carie
1411 2355 1557 2418 confectis
1581 2358 1720 2422 trabibus
1744 2364 1830 2426 anti-

472 2465 598 2526 quamm
620 2444 863 2506 observationum
887 2444 1077 2518 intermixta;
1110 2444 1166 2506 sed
1193 2454 1295 2504 tamen
1324 2453 1355 2504 et
1377 2444 1434 2504 bae
1458 2453 1601 2524 quantum
1632 2448 1699 2511 lieri
1722 2461 1829 2535 potest

476 2533 627 2614 poliantur
650 2541 681 2594 et
704 2531 932 2594 solidabuntur:
958 2542 991 2595 ut
1014 2533 1140 2612 denique
1156 2542 1270 2594 tectum
1284 2550 1337 2593 seu
1361 2551 1494 2593 summus
1509 2553 1589 2614 apex
1602 2535 1843 2604 Tabularum.

472 2622 665 2701 Rndolphi
688 2620 798 2699 imponi
821 2630 921 2700 queat
968 2620 1055 2693 Quod
1080 2632 1114 2682 ut
1136 2621 1233 2701 primo
1257 2638 1373 2701 quoqne
1397 2631 1531 2701 tempore
1555 2624 1622 2685 lieri
1650 2628 1769 2705 possit,
1801 2630 1828 2692 si

474 2709 594 2792 quidem
618 2710 833 2772 astronomiam
856 2710 1057 2790 Tycbonicam
1081 2730 1184 2785 amas,
1208 2728 1324 2771 mecum
1347 2709 1444 2770 Deum
1469 2707 1543 2790 Opt.
1558 2711 1643 2775 Max.
1664 2733 1770 2794 exora,
1793 2728 1829 2782 ut

416 2793 421 2804 '
472 2798 625 2880 Rndolphi
649 2797 792 2861 Caesaris
816 2799 908 2859 armis
930 2800 1059 2879 juratum
1088 2799 1171 2860 illum
1195 2797 1362 2860 Christiani
1385 2798 1513 2860 nominis
1535 2800 1656 2863 hostem
1678 2806 1827 2885 reprimat

472 2888 689 2968 victoriamque
721 2886 830 2967 populo
863 2906 917 2950 suo
951 2889 1106 2968 largiatur.
1153 2888 1188 2949 ld
1212 2887 1291 2948 enim
1314 2886 1341 2947 si
1364 2887 1418 2947 fiat
1440 2887 1560 2949 dubium
1584 2909 1643 2952 non
1667 2904 1726 2968 est,
1752 2896 1824 2977 quin

472 2978 641 3057 Imperator
655 2975 906 3057 Sapientissimus
930 2986 1045 3039 sumtus
1069 2977 1208 3049 idoneos,
1232 2975 1309 3055 qnod
1333 2995 1387 3036 nec
1411 2976 1458 3037 his
1482 2976 1628 3041 bellorum
1653 2982 1752 3045 turbis
1776 2985 1827 3047 iu·

474 3067 630 3141 termittit,
655 3074 725 3129 tunc
749 3066 985 3127 cumulatissime
1009 3065 1253 3145 suppeditaturus
1277 3063 1327 3125 ait

563 3153 649 3227 Quae
667 3156 698 3217 in
722 3156 907 3217 astronomia
929 3155 1027 3234 optice
1051 3153 1269 3216 consideranda
1299 3152 1439 3228 veniunt,
1472 3154 1520 3214 rel
1553 3163 1624 3217 sunt
1656 3175 1717 3224 res¹
1739 3158 1827 3240 ipsae

473 3244 551 3308 visui
574 3244 765 3324 propositae,
800 3244 848 3306 ubi
872 3244 1100 3306 considerantur
1124 3262 1221 3305 rerum
1244 3240 1377 3321 species,
1410 3261 1463 3302 seu
1486 3242 1538 3304 lux
1561 3252 1594 3304 et
1620 3244 1742 3321 umbra,
1777 3250 1828 3312 vel

472 3333 617 3407 medinm,
640 3351 696 3412 per
718 3332 796 3412 quod
821 3333 870 3393 lux
894 3332 1060 3413 speciemm
1084 3332 1251 3393 vehiculum
1274 3329 1402 3402 transit,
1425 3331 1509 3410 cnjus
1533 3351 1626 3394 causa
1649 3334 1701 3396 lux
1724 3337 1829 3419 aliqua

472 3422 607 3484 refracta
629 3420 669 3482 ad
692 3440 747 3483 nos
770 3423 922 3500 pervenit3
945 3422 994 3483 vel
1018 3423 1144 3502 denique
1169 3422 1396 3482 instrumentum
1419 3418 1561 3482 visorium
1584 3440 1637 3483 seu
1661 3424 1780 3488 oculus.

560 3510 691 3573 Rursum
714 3528 763 3572 res
787 3511 871 3590 ipsae
895 3511 944 3572 rel
967 3519 1038 3572 sunt
1050 3529 1178 3589 corpora
1191 3509 1345 3579 coelestia,
1369 3506 1460 3579 Solis,
1482 3509 1587 3572 Lunae
1600 3520 1632 3572 et
1656 3512 1827 3592 stellarum,

471 3599 521 3662 vel
543 3607 642 3661 motus
665 3599 714 3660 vel
739 3598 816 3661 situs
839 3618 1006 3680 corporum.
1052 3600 1099 3660 De
1124 3598 1297 3676 corporibus
1320 3597 1384 3676 jure
1408 3597 1576 3677 incipimus.
1623 3600 1658 3662 In
1683 3606 1826 3683 corpori-

471 3689 528 3752 bus
552 3697 652 3750 autem
675 3689 873 3750 astronomiae
897 3690 970 3749 nihil
989 3689 1056 3767 jam
1080 3688 1317 3759 consideramus,
1343 3685 1400 3746 nisi
1423 3706 1524 3748 eorum
1548 3688 1696 3767 speciem,
1732 3711 1827 3773 quam

472 3779 510 3841 ad
534 3796 589 3839 nos
613 3777 756 3840 beneficio
781 3777 856 3838 lucis
880 3797 938 3857 qua
969 3777 1109 3857 praedita
1139 3784 1210 3838 sunt
1233 3776 1407 3848 demittunt,
1441 3776 1565 3857 ejusque
1589 3779 1718 3858 speciei,
1744 3780 1830 3845 Solia

470 3866 650 3949 praesertim
673 3876 705 3927 et
727 3867 846 3941 Lunae,
871 3867 908 3928 de
932 3867 1026 3928 Terra
1048 3885 1119 3927 vero
1144 3865 1281 3938 umbrae,
1307 3865 1431 3942 figuram
1455 3874 1487 3926 et
1510 3868 1727 3946 quantitatem.

559 3955 759 4019 Nobilissima
783 3956 860 4017 enim
885 3964 918 4017 et
941 3956 1151 4036 antiquissima
1165 3973 1236 4033 pars
1261 3961 1309 4014 est
1332 3956 1534 4016 astronomiae
1564 3953 1646 4017 Solis
1667 3965 1701 4017 et
1719 3956 1826 4021 Lunae

471 4047 624 4119 delectus,
648 4063 712 4120 res,
737 4053 770 4105 nt
792 4044 908 4107 Plinius
932 4045 994 4118 ait,
1025 4045 1054 4105 in
1079 4052 1146 4105 tota
1170 4052 1294 4104 naturae
1319 4045 1572 4122 contemplatione
1595 4045 1726 4108 maxime
1749 4048 1829 4111 mira

470 4146 502 4199 et
524 4143 645 4197 ostento
669 4134 785 4197 similis.
824 4131 922 4204 Quam
944 4134 994 4214 qui
1018 4133 1178 4212 diligenter
1191 4131 1385 4212 perpenderit
1408 4131 1555 4205 inveniet,
1579 4134 1606 4194 si
1619 4135 1717 4197 sacris
1740 4135 1827 4201 libris

469 4225 558 4286 fidem
582 4223 726 4285 adhibere
750 4223 893 4297 noluerit,
925 4230 957 4283 et
979 4223 1077 4283 Deum
1100 4241 1168 4282 esse
1191 4229 1318 4283 naturae
1341 4220 1435 4281 totius
1459 4221 1644 4284 conditorem
1669 4233 1702 4286 et
1723 4225 1826 4289 homi-

470 4331 541 4375 num
565 4312 729 4375 futurorum
754 4313 782 4373 in
807 4313 875 4393 ipsa
888 4310 1109 4373 machinatione
1133 4330 1234 4372 curam
1257 4308 1409 4382 habuisse,
1433 4311 1476 4372 sic
1492 4312 1630 4372 ordinato
1654 4312 1712 4376 hoc
1735 4333 1825 4378 mun-

472 4402 551 4463 dano
575 4401 710 4476 theatro,
746 4410 779 4463 ut
809 4403 977 4463 existerent
999 4402 1029 4462 in
1054 4419 1088 4460 eo
1113 4400 1200 4479 signa
1230 4399 1352 4470 idonea,
1385 4399 1490 4477 quibus
1523 4400 1673 4462 hominum
1696 4413 1826 4478 mentae,

474 4490 532 4553 Dei
558 4490 752 4567 simulachra,
776 4510 835 4552 non
859 4496 976 4551 tantum
1001 4490 1201 4551 invitarentur
1224 4488 1262 4548 ad
1277 4489 1509 4567 contemplanda
1532 4489 1635 4550 divina
1658 4511 1761 4571 opera,
1787 4511 1826 4555 es

472 4579 578 4663 quibus
602 4580 768 4642 conditoris
793 4580 959 4642 bonitatem
983 4578 1191 4652 aestimarent,
1217 4576 1270 4638 sed
1294 4576 1387 4637 etiam
1411 4578 1624 4655 adjuvarentur
1641 4581 1682 4642 ad
1705 4582 1827 4662 penitus

467 4669 713 4752 pervestiganda.

559 4757 695 4837 Obsecro
721 4758 800 4822 enirn
823 4777 900 4840 qnae
923 4778 1017 4821 causa
1040 4764 1101 4831 est,
1127 4756 1153 4818 si
1176 4755 1252 4816 haec
1275 4773 1334 4815 non
1359 4763 1421 4830 est,
1453 4757 1531 4835 quod
1555 4765 1665 4821 natura
1688 4758 1717 4820 in
1741 4758 1825 4824 Solis

468 4857 501 4912 et
522 4850 628 4911 Lunae
652 4848 827 4929 corporibus
851 4847 930 4910 tales
955 4855 1075 4909 exercet
1099 4844 1201 4907 lusus?
1235 4844 1341 4924 quibus
1374 4863 1431 4905 non
1455 4854 1572 4909 tantum
1606 4846 1760 4919 homines,
1792 4858 1827 4913 ut

470 4938 615 5001 historiae
640 4944 809 5012 testantur,
844 4937 873 4997 in
907 4936 1136 4998 admirationem
1160 4942 1192 4994 et
1215 4942 1368 5011 stuporem
1395 4943 1553 4998 vertuntur
1575 4937 1717 5015 quamdiu
1749 4957 1824 5001 cau-

468 5047 520 5091 sas
558 5026 718 5109 ignorant,
756 5026 810 5089 sed
848 5025 934 5106 ipsae
971 5025 1063 5088 etiam
1101 5023 1325 5106 quadrupedes,
1363 5022 1460 5088 Plinio
1494 5032 1588 5101 teste,
1627 5028 1826 5091 communiter

467 5115 657 5201 pavescunt?
