4584 6192
890 615 977 667 literae
994 616 1096 681 Koplsri
1114 618 1267 684 aliorumque
1278 623 1390 694 'mutuae
1630 583 1635 604 Ι
1745 612 1805 679 781

468 792 567 873 gimur
588 793 647 874 ipsi
670 792 835 871 superficiei
858 792 1057 857 inhaerentes.
1104 795 1186 860 Tunc
1208 815 1281 855 sane
1305 816 1364 859 non
1387 812 1545 873 negavero,
1569 799 1601 855 et
1623 794 1717 858 densa
1739 813 1807 857 esse

468 883 649 962 strigmenta
670 892 703 944 et
724 883 781 944 luci
805 882 886 945 Solis
918 904 974 946 nou
1006 884 1157 945 minimum
1186 886 1318 959 obicere,
1351 893 1385 945 ut
1401 891 1516 944 tamen
1548 882 1620 944 nihil
1652 883 1824 963 impediat,¹

468 971 540 1052 quin
561 972 629 1051 ipsa
650 990 704 1051 per
727 992 759 1040 se
783 980 850 1034 tota
881 973 946 1034 luce
978 972 1040 1034 sint
1061 975 1166 1053 peruia
1195 983 1227 1035 et
1250 974 1343 1036 veluti
1375 972 1534 1034 candentia
1566 990 1658 1052 eoque
1689 974 1808 1036 nomino

468 1080 528 1124 nou
551 1060 651 1124 aliena
673 1082 693 1122 a
715 1058 797 1124 Solis
819 1063 980 1124 consortio:
1026 1063 1097 1124 Dixi
1120 1063 1198 1125 euim
1221 1082 1325 1143 supra,
1354 1061 1499 1144 quomodo
1521 1061 1596 1124 baec
1619 1070 1702 1124 stent
1719 1063 1809 1143 juxta
1836 1117 1840 1125 .

468 1143 623 1213 invicem'
641 1151 802 1230 ,Agnoscit
824 1152 955 1232 Apelles
973 1171 1076 1214 casses
1098 1152 1129 1214 in
1153 1173 1227 1231 quae
1251 1152 1369 1227 incidit,
1394 1152 1507 1220 lassus,
1539 1169 1598 1212 non
1631 1169 1721 1230 posse
1745 1153 1809 1216 solo
1856 1180 1858 1182 ·
1950 1169 1953 1174 ·

449 1248 552 1302 motu
582 1239 719 1302 circulari
747 1240 879 1324 defendi⁴
898 1242 1122 1319 phaenomenon
1150 1242 1240 1316 illud,
1273 1243 1350 1321 quod
1382 1241 1515 1302 maculae
1548 1241 1749 1319 gracilescant
1779 1242 1810 1305 in

468 1329 601 1408 margine
625 1328 716 1391 Solis.
763 1329 863 1392 Aliam
887 1330 977 1408 igitur
999 1340 1122 1392 causam
1153 1332 1289 1406 molitur,
1312 1339 1448 1393 statuens
1471 1348 1597 1410 corpora
1626 1332 1755 1395 rotunda
1777 1339 1811 1395 st

469 1419 566 1481 instar
588 1419 719 1481 Veneris
751 1427 783 1480 et
813 1419 917 1481 Lunae
948 1420 1140 1482 illustrabilia
1172 1441 1191 1482 a
1223 1420 1302 1483 Sole.
1348 1421 1477 1483 Rursum
1509 1427 1609 1481 autem
1641 1428 1725 1496 sutor
1753 1437 1810 1498 ego
1851 1481 1853 1485 Α

468 1507 608 1589 Apellam
632 1527 671 1568 ex
693 1528 748 1569 sua
770 1507 864 1587 ipsius
886 1509 1032 1587 redarguo
1055 1509 1179 1583 tabula;
1211 1531 1266 1571 nec
1288 1509 1410 1584 mimm,
1435 1508 1488 1571 illa
1510 1508 1617 1590 quippe
1641 1509 1810 1572 fabrefacta

469 1606 518 1660 est
540 1598 577 1658 de
600 1616 667 1658 mea
690 1597 825 1676 crepida:
849 1597 1036 1671 illuminatio,
1060 1598 1165 1679 inquit,
1189 1608 1306 1679 partem
1328 1618 1453 1679 opacam
1476 1600 1514 1659 ad
1537 1618 1591 1660 uos
1609 1597 1756 1662 imminuit
1778 1606 1810 1661 et

465 1686 514 1750 sic
536 1686 707 1750 umbrosum
729 1687 842 1766 grande
866 1688 950 1750 lacit.
994 1688 1063 1750 Non
1084 1690 1191 1761 omnis,
1216 1689 1345 1770 inquam,
1368 1690 1423 1750 boc
1442 1687 1517 1750 lacit
1534 1686 1727 1749 illuminatio:
1751 1707 1811 1751 nou

469 1775 578 1856 quippe
602 1794 653 1849 ea,
686 1796 761 1857 qnae
793 1776 962 1839 umbrosum
994 1776 1122 1857 undique
1155 1779 1258 1840 ambit.
1303 1778 1398 1852 Esto,
1431 1777 1493 1840 sint
1524 1796 1649 1857 corpora
1670 1778 1810 1851 rotunda,

469 1865 628 1927 dummodo
652 1866 708 1927 sub
731 1864 813 1927 Sole.
859 1867 904 1928 At
926 1885 1015 1946 quam
1039 1867 1089 1928 diu
1112 1868 1167 1930 snb
1191 1868 1273 1930 disco
1296 1867 1377 1930 Solis
1408 1866 1566 1946 cinguntur
1589 1886 1608 1928 a
1630 1864 1710 1930 Solis
1738 1867 1809 1929 illu-

469 1954 642 2028 minatione,
667 1955 752 2033 cujns
775 1954 928 2017 circularis
951 1958 1126 2017 extremitas
1150 1958 1189 2019 ad
1212 1976 1267 2019 nos
1285 1956 1466 2037 porrigitur?
1503 1956 1568 2017 Nec
1591 1956 1703 2025 obstat,
1727 1956 1810 2022 illam

468 2064 507 2107 ex
529 2043 623 2125 plaga
645 2063 750 2106 versus
774 2043 855 2124 Solis
878 2054 1012 2106 centrum
1035 2045 1126 2107 latins
1148 2046 1179 2108 in
1204 2048 1306 2109 oculos
1336 2054 1457 2107 nostros
1488 2044 1654 2120 incurrere,
1687 2064 1811 2127 corporo

469 2134 510 2196 ed
532 2132 682 2211 margines
705 2132 788 2194 Solis
812 2142 933 2214 stante.¹
969 2133 1153 2205 Quantulum
1177 2137 1254 2197 enim
1277 2136 1333 2197 hoc
1356 2144 1411 2197 est·
1427 2134 1464 2195 da
1488 2152 1611 2213 corpore
1638 2134 1808 2197 illustrato?

471 2240 568 2288 nonne
592 2221 729 2283 dimidius
752 2223 860 2284 saltem
884 2223 920 2284 de
944 2243 979 2283 eo
1003 2225 1114 2303 gradus
1143 2224 1233 2305 isque·
1260 2225 1461 2305 obliquiasime
1491 2224 1547 2285 snb
1568 2224 1672 2304 puncti
1694 2224 1810 2286 ratione

470 2309 644 2391 inspectus?
679 2312 721 2373 Et
744 2321 1000 2394 quantumcunque
1024 2314 1079 2375 boc
1103 2313 1144 2376 sit
1167 2336 1185 2376 a
1207 2315 1423 2394 plaga-versus
1447 2320 1580 2375 centrum
1601 2311 1812 2389 Solis,.totum
1845 2333 1848 2341 ·
1887 2325 1903 2340 ”

470 2420 509 2464 ex
522 2400 619 2462 altera
632 2400 723 2479 plaga
745 2420 851 2463 versus
873 2403 1164 2481 marginemiterum
1183 2404 1311 2466 decedit.
1350 2402 1444 2467 Simul
1466 2401 1545 2464 enim
1569 2402 1722 2480 margines¹
1737 2404 1810 2483 jun·

468 2499 580 2570 guntur
603 2489 782 2551 illustrantis
806 2499 838 2551 et
860 2491 1016 2553 illustrati:
1050 2492 1138 2555 simul
1169 2491 1198 2553 in
1229 2500 1339 2574 puncto
1371 2500 1528 2554 contactus
1560 2491 1671 2554 desinit
1697 2492 1810 2558 nostris

468 2578 564 2641 oculis
596 2579 711 2650 obverti
741 2580 917 2641 extremitas
949 2581 1102 2643 circularis
1134 2580 1353 2645 illustrationis.
1412 2580 1510 2643 Extra
1538 2581 1687 2659 margines
1720 2581 1812 2660 igitur

471 2666 553 2731 Solis
577 2668 626 2736 fit,
659 2669 737 2749 quod
759 2670 886 2748 Apelles
919 2679 1069 2732 causatur.
1115 2672 1161 2731 At
1193 2681 1277 2733 extra
1308 2672 1420 2732 discum
1445 2668 1524 2731 Solis
1548 2681 1697 2750 uunquam
1720 2671 1811 2732 ullum

470 2757 577 2819 talium
600 2776 756 2836 corporum
780 2753 822 2819 illi
845 2758 941 2821 visum
966 2768 1023 2821 est.
1065 2760 1147 2822 Nihil
1172 2759 1262 2840 igitur
1285 2761 1323 2821 ad
1346 2780 1407 2822 rem
1429 2760 1509 2821 intra
1532 2759 1646 2820 discum
1659 2758 1741 2822 Solis
1764 2780 1810 2834 ea,

471 2843 747 2927 quae'contingunt
769 2853 856 2909 extra
879 2848 969 2909 illum.
1006 2849 1140 2928 Denique
1161 2858 1193 2910 ut
1212 2850 1310 2910 omnia
1332 2850 1393 2910 sint
1412 2867 1564 2923 concessa,
1587 2867 1689 2929 margo
1710 2857 1811 2912 tamen

470 2935 640 3015 corpusculi
672 2935 842 2997 illustratus
875 2936 900 2996 si
932 2936 997 2999 Soli
1027 2946 1209 3018 opponatur,
1241 2939 1426 3001 nibilominus
1457 2938 1590 3001 umbram
1621 2933 1710 3010 iacit,
1744 2940 1812 3021 quia

470 3044 612 3105 magnum
641 3024 721 3086 Solis
751 3027 896 3105 fulgorem
921 3034 992 3104 post
1023 3035 1141 3088 tenuem
1179 3048 1264 3089 suam
1306 3028 1434 3091 lunulam
1475 3019 1653 3107 opacitatis
1672 3047 1744 3092 suae
1781 3026 1810 3087 vi

470 3115 621 3188 occultat,
646 3116 892 3194 quemadmodum
916 3125 947 3177 et
970 3115 1008 3176 ab
1031 3116 1116 3177 initio
1140 3116 1262 3178 dictum.

561 3203 710 3287 Venerem
734 3205 788 3264 hoc
812 3206 912 3265 seculo
936 3205 1072 3285 cuiquam
1096 3206 1150 3267 sub
1174 3205 1245 3268 Sole
1277 3205 1373 3267 visam
1406 3206 1503 3268 nullus
1534 3205 1652 3279 dixero;
1685 3206 1749 3268 dies
1780 3212 1811 3267 et

469 3294 546 3356 bora
569 3302 601 3354 et
623 3312 717 3354 annus
741 3293 917 3355 iudicentur.
965 3292 1120 3356 Sectiones
1142 3296 1297 3375 planorum
1320 3302 1390 3357 sunt
1412 3289 1470 3357 nisi
1493 3296 1581 3360 fallor
1604 3296 1684 3357 circa
1700 3289 1818 3368 10⁰fl.

468 3389 510 3457 ,a
554 3381 666 3461 Anguli
690 3382 854 3444 sectionum
876 3383 988 3446 habent
1010 3383 1048 3444 ad
1074 3379 1131 3446 10⁰
1155 3385 1361 3466 apparentiam
1384 3384 1415 3446 in
1437 3383 1540 3446 citima
1563 3385 1683 3465 apside,
1707 3383 1812 3465 quodsi
1876 3457 1881 3464 Ι

468 3472 640 3553 conjunctio
664 3472 862 3552 sesquigradu
884 3472 1061 3535 inciderit'a
1085 3474 1232 3549 sectione,
1261 3476 1325 3554 jam
1356 3491 1503 3556 apparens
1526 3473 1652 3535 latitudo
1677 3479 1724 3534 est
1748 3469 1811 3547 15‘,

468 3569 584 3643 quanta
605 3569 654 3623 est
668 3559 750 3623 Solis
773 3561 1004 3625 semidiameter.
1034 3562 1137 3642 Atqui
1160 3560 1351 3628 ann01591.
1372 3571 1438 3625 erat
1459 3557 1625 3642 conjunctio
1648 3562 1677 3623 in
1698 3555 1758 3625 29⁰
1771 3555 1811 3638 l,
1900 3592 1904 3610 ‹

468 3670 549 3714 anno
572 3646 623 3714 93.
649 3651 680 3712 iu
705 3646 741 3712 1⁰
764 3656 799 3726 tl,
823 3669 900 3712 anno
924 3646 975 3718 95.
1000 3652 1031 3713 in
1057 3649 1115 3715 14ο
1136 3659 1174 3726 34,
1200 3672 1277 3715 anno
1301 3648 1352 3717 96.
1378 3653 1407 3714 in
1433 3647 1575 3726 10⁰2,
1603 3670 1680 3712 anno
1704 3646 1756 3714 98.
1780 3650 1810 3712 in

467 3736 532 3803 23⁰-
554 3739 591 3815 ὅ.
616 3740 745 3802 omnium
768 3742 824 3802 hac
848 3749 949 3802 aetate
972 3741 1132 3821 proxima.
1165 3742 1255 3803 Anno
1279 3738 1331 3806 99.
1364 3760 1479 3803 rursum
1510 3741 1540 3802 iu
1570 3736 1681 3812 27⁰,ei
1714 3750 1746 3801 et
1767 3739 1811 3800 sic

468 3837 582 3893 cetera.
611 3860 652 3871 -

528 3992 530 3995 y
559 3919 691 3982 Restant
721 3915 840 3997 Apellis
872 3918 1040 3996 corollaria.
1099 3920 1134 3980 In
1167 3918 1260 3999 primo
1293 3917 1367 3979 certi
1399 3936 1500 3979 snmus
1532 3918 1726 3996 effectumque
1756 3916 1812 3980 hac

467 4009 616 4091 epistola,
639 4017 674 4070 nt
695 4016 781 4069 tauto
805 4026 938 4069 essemus
961 4008 1121 4076 certiores:
1154 4007 1287 4088 proxime
1311 4008 1389 4069 enim
1413 4003 1514 4069 Solem
1538 4015 1614 4069 sunt
1659 4007 1702 4069 11.
1727 4004 1812 4070 Satis

466 4116 580 4178 magna
602 4118 679 4172 esse,
705 4117 761 4158 non
786 4097 978 4176 absorptione
1001 4097 1119 4160 illamm
1142 4098 1170 4159 in
1195 4097 1302 4159 lumine
1326 4095 1418 4174 Solis,
1442 4098 1496 4158 sed
1518 4096 1582 4158 visu
1608 4096 1725 4157 illarum
1748 4096 1812 4158 solo

466 4188 655 4270 probandum
678 4195 735 4248 est.
781 4187 859 4248 Nam
883 4195 916 4248 et
936 4186 991 4248 illa
1012 4187 1042 4247 in
1065 4185 1137 4253 Sole
1160 4187 1311 4260 videmus,
1341 4206 1416 4266 quae
1447 4184 1501 4247 Sol
1533 4185 1659 4248 irradiat
1688 4185 1746 4260 ita,
1779 4193 1813 4247 ut

465 4278 577 4341 umbra
599 4296 699 4338 eorum
721 4294 812 4355 penes
836 4294 890 4336 nos
913 4277 1033 4354 penitus
1057 4275 1200 4357 absorpta
1222 4278 1281 4350 sit3
1305 4276 1404 4338 omnia
1426 4275 1556 4349 scilicet,
1591 4294 1666 4355 quae
1691 4275 1812 4336 suntin

466 4368 554 4429 disco
577 4364 659 4428 Solis
681 4366 796 4427 minora
817 4364 869 4425 illo
893 4367 993 4439 disco,
1018 4383 1070 4425 seu
1093 4364 1159 4427 alta
1181 4366 1243 4426 sint
1265 4385 1318 4426 seu
1340 4364 1479 4438 humilia,
1502 4364 1600 4426 vicina
1623 4362 1687 4427 Soli
1711 4383 1749 4424 an
1773 4363 1811 4424 ab
1836 4406 1840 4420 .

469 4475 510 4519 eo
532 4463 657 4518 remota.
704 4456 761 4517 III.
786 4452 886 4533 Saepe
905 4455 970 4534 jam
993 4455 1105 4516 dictum
1128 4455 1164 4516 de
1188 4455 1317 4527 ratione,
1349 4473 1401 4516 cur
1423 4462 1487 4515 tam
1508 4453 1610 4534 nigrae
1634 4443 1810 4534 appareant.

467 4545 604 4608 Videtur
625 4545 750 4625 Apelles
773 4544 907 4606 umbram
930 4544 1028 4617 lacero
1050 4536 1170 4607 damano
1186 4565 1213 4606 u
1235 4563 1294 4606 non
1318 4564 1491 4625 osepmmor.
1529 4544 1594 4606 Neo
1617 4542 1672 4604 sub
1695 4540 1811 4604 ratione

468 4635 595 4697 umbrae
618 4635 657 4696 ad
680 4654 734 4695 nos
757 4652 849 4714 usque
872 4634 1046 4715 pertingunt
1061 4629 1127 4700 ,hae'
1148 4634 1279 4713 species,
1308 4633 1361 4695 sed
1384 4632 1438 4698 sub
1460 4631 1578 4706 ratione
1600 4628 1811 4711 ἀηιφραξιως.

470 4744 549 4805 quae
573 4731 621 4786 ast
643 4724 734 4786 etiam
757 4723 807 4785 ubi
829 4724 934 4785 umbra
957 4723 1109 4803 absorpta.
1150 4723 1238 4794 Quod
1260 4741 1330 4784 vero
1354 4740 1392 4799 en
1414 4722 1619 4785 attenuatione
1642 4721 1757 4786 illarum
1780 4720 1811 4782 in

471 4812 564 4876 Solis·
589 4813 771 4891 marginibus
803 4812 997 4874 ratiocinatur
1030 4813 1066 4874 de
1098 4812 1270 4873 fortitudine
1301 4812 1513 4874 illustrationis
1546 4810 1646 4891 (quasi
1678 4809 1716 4871 ob
1734 4808 1813 4871 *eain

470 4910 561 4984 parte
583 4902 737 4964 illustrata
759 4900 822 4963 Soli
847 4902 1075 4982 aequiparentur
1099 4922 1118 4963 a
1140 4901 1256 4975 nobis),
1280 4893 1324 4962 'ex
1338 4901 1520 4963 vfortitudine
1543 4897 1751 4963 illustrationis
1773 4899 1811 4961 do

468 4992 676 5073 profunditate
694 4992 918 5073 opacitateqne:
939 4990 1052 5052 dictum
1068 4999 1120 5053 est.
1133 4991 1392 5071 saepehactenus,
1408 5009 1495 5068 quam
1509 4992 1579 5054 laxs
1597 4989 1638 5050 sit
1656 4986 1810 5050 connexio.

469 5082 520 5144 IV
522 5129 529 5145 .
553 5081 807 5146 Lunulnsuullas
830 5080 1011 5153 videremns;
1045 5080 1183 5159 quamdiu
1215 5080 1270 5142 sub
1298 5081 1380 5143 disco
1404 5077 1485 5142 Solis
1514 5087 1597 5155 sunt,
1628 5084 1698 5140 sunt
1728 5096 1812 5139 mera

470 5189 600 5252 corpora
621 5172 775 5243 rotunda„
795 5168 941 5250 siquidem
970 5169 1097 5250 globosa
1128 5177 1240 5246 essent.
1285 5170 1334 5232 Au
1367 5188 1437 5231 vero
1469 5169 1563 5242 etiam
1586 5175 1675 5232 extra
1696 5163 1810 5231 ᾶίιοιιιιι
1860 5193 1867 5213 ·
