4584 6192
893 1460 1396 1560 ottocarum

1083 1743 1213 1752 ----——-

556 1894 785 2018 Argumentum
819 1942 918 2021 operis
953 1962 1041 2021 quum
1074 1943 1224 2021 Keplerus
1264 1943 1328 2023 ipse
1361 1943 1550 2006 dedicatione
1588 1944 1627 2005 ad
1660 1940 1824 2006 Caesarem

465 2028 661 2107 Rudolphum
695 2037 726 2089 et
756 2032 853 2092 literis
886 2051 961 2111 quas
993 2032 1184 2111 adjunximus
1215 2033 1254 2093 ad
1285 2035 1397 2095 anticos
1429 2035 1621 2111 lautoresque
1648 2031 1825 2112 perscriptis

468 2117 599 2190 referat,
632 2116 720 2195 plura
751 2119 787 2179 de
817 2119 869 2180 illo
901 2120 999 2181 dicere
1025 2122 1205 2199 superfluum
1229 2122 1356 2183 videtur.
1404 2119 1520 2191 Quibus
1548 2138 1619 2181 uero
1643 2120 1744 2181 causis
1767 2120 1824 2180 ad-

470 2206 578 2265 ductus
604 2214 635 2265 et
658 2222 716 2283 quo
740 2215 874 2289 tempore
898 2227 972 2287 opus
997 2227 1081 2269 suum
1106 2209 1255 2289 inceperit
1277 2220 1383 2271 auctor
1397 2210 1528 2289 illudque
1543 2208 1726 2282 absolverit,
1750 2208 1825 2268 haec

470 2293 620 2368 indicare,
652 2303 796 2373 quantum
825 2304 990 2376 apparete
1015 2296 1197 2358 testimoniis
1220 2299 1488 2377 manuscriptorum
1516 2316 1592 2378 qnae
1623 2299 1743 2357 fortuna
1772 2314 1825 2357 se·

470 2382 570 2442 cunda
599 2383 812 2457 conservarit,
846 2385 963 2463 gratius
995 2386 1054 2447 erit
1085 2385 1258 2448 lectoribus.
1284 2415 1324 2429 -
1350 2388 1423 2448 lude
1447 2386 1486 2448 ab
1511 2405 1547 2447 eo
1578 2393 1728 2464 tempore,
1767 2402 1825 2463 quo

470 2469 620 2549 Keplems
637 2470 768 2550 Pragam
784 2474 821 2533 ad
838 2473 1009 2555 Tychonem
1032 2482 1159 2534 venerat
1181 2472 1477 2548 (Jan.anui1600),
1501 2474 1596 2536 multo
1619 2472 1717 2552 magis
1736 2490 1825 2551 quam

471 2567 562 2619 antea
586 2555 703 2620 Gratiis
734 2560 944 2623 astronomicis
975 2581 1008 2622 se
1038 2562 1154 2623 dedidit
1181 2564 1298 2625 studiis.
1345 2562 1432 2633 Quae
1461 2571 1552 2624 antea
1574 2569 1696 2642 praeter
1719 2579 1825 2621 munus
1912 2594 1918 2604 ·

471 2647 526 2708 sibi
550 2646 685 2707 oblatum
709 2648 735 2709 si
759 2651 877 2711 occasio
901 2649 1024 2712 tulisset
1046 2651 1250 2712 astronomica
1264 2652 1432 2723 tractabat,
1456 2652 1485 2712 in
1509 2651 1546 2712 iis
1565 2652 1630 2729 jam
1645 2649 1731 2710 unice
1754 2666 1825 2708 ver-

473 2736 606 2796 sabatur.
655 2733 771 2798 Calculi
796 2738 989 2799 astronomici
1013 2739 1176 2800 secundum
1199 2739 1349 2819 Tycbonis
1373 2740 1610 2810 observationes,
1633 2737 1824 2799 observatio-

472 2842 524 2884 nes
548 2825 769 2886 astronomicae
792 2827 888 2908 omnis
912 2828 1044 2905 generis,
1068 2827 1228 2906 praecipue
1246 2825 1407 2908 eclipsim]
1432 2828 1593 2889 Lunarium
1617 2825 1826 2904 Solariumqoe

471 2912 631 2972 mandatae
663 2913 721 2992 ipsi
752 2923 838 2976 erant
860 2916 900 2977 ab
925 2915 1108 2995 Imperatore
1136 2914 1297 2997 Rudolpbo
1334 2934 1446 2996 eaeque
1480 2916 1597 2997 quidem
1631 2912 1827 2992 astrologiam

474 3001 605 3061 maxime
638 3009 814 3080 spectantes
842 3004 1003 3065 adomiuo
1034 3004 1087 3065 illo
1119 3005 1326 3082 superstitioni
1356 3005 1515 3066 admodum
1547 3003 1660 3065 dedito.
1708 3000 1826 3072 Quibus

474 3088 626 3150 mandatis
650 3098 777 3152 naturae
800 3090 926 3172 Kepleri
955 3091 1200 3153 convenientibus
1233 3102 1442 3167 ,astronomus
1467 3091 1657 3154 Caesareus“
1686 3109 1746 3171 qua
1767 3107 1826 3169 po·

474 3177 531 3237 tuit
563 3176 722 3256 diligentia
754 3186 786 3240 et
813 3180 913 3241 studio
944 3181 1110 3253 satisfecit,
1152 3182 1352 3261 astrologica,
1386 3181 1492 3262 quibus
1530 3199 1567 3242 ea
1597 3187 1678 3242 certe
1708 3178 1825 3241 rationo

475 3284 560 3344 quarn
584 3266 753 3345 Imperator
774 3268 895 3329 colebat
917 3287 1023 3348 parum
1055 3268 1162 3330 tribuit
1183 3267 1349 3349 Keplcms,
1384 3279 1419 3330 ut
1447 3269 1515 3330 aliis
1546 3269 1621 3329 locis
1645 3268 1824 3347 comproba-

474 3354 583 3428 vimus,
608 3363 750 3434 quantum
773 3355 873 3436 potuit
896 3357 1132 3436 subterfugiens,
1157 3358 1359 3420 astronomica
1381 3376 1453 3419 vero
1468 3355 1603 3418 omnibus
1619 3357 1717 3417 modis
1731 3374 1826 3419 exco-

475 3441 546 3503 lens.
569 3473 612 3484 -
633 3443 718 3504 luter
741 3463 858 3519 omnes,
892 3446 940 3524 qui
967 3444 1176 3507 astronomicis
1201 3445 1462 3508 observationibus
1485 3454 1517 3506 ot
1549 3445 1673 3506 calculis
1703 3462 1826 3525 operam

475 3530 562 3605 dant,
588 3539 724 3604 constat,
752 3533 855 3612 quanti
880 3535 942 3595 siut
964 3534 1106 3595 momenti
1125 3536 1228 3614 optica
1250 3536 1399 3615 quaedam
1422 3534 1612 3615 problemata
1635 3534 1664 3595 in
1688 3534 1745 3595 hoo
1768 3551 1826 3611 ge·

446 3617 449 3624 ’
474 3637 540 3680 uere
564 3619 748 3699 studiorum3
771 3622 985 3692 retractiones,
1010 3623 1149 3684 diametri
1169 3623 1265 3699 Solis,
1289 3624 1394 3685 Lunae
1416 3623 1677 3703 planetarumque,
1702 3620 1825 3701 quanti-

474 3713 553 3768 tates
588 3708 760 3771 umbrarum
790 3710 821 3771 in
855 3711 1040 3772 luminarium
1065 3710 1203 3791 deliquiis
1227 3713 1282 3773 bc.
1307 3712 1381 3774 haec
1412 3712 1512 3773 omnia
1535 3711 1710 3772 desiderant
1730 3726 1824 3788 pecu-

475 3794 577 3857 liarem
601 3796 841 3877 inquisitionem,
872 3799 1050 3861 innitentem
1074 3797 1202 3878 Opticae
1233 3800 1445 3862 fundamentis.
1493 3797 1731 3861 Observationes
1754 3796 1825 3877 Ty-

475 3884 605 3945 cbonis
629 3886 785 3961 Brahci,
810 3887 890 3949 inter
911 3907 1014 3960 omnes
1037 3888 1155 3949 illorum
1172 3896 1338 3969 temporum
1363 3889 1451 3967 longe
1474 3885 1763 3967 praestantissimae,
1789 3903 1825 3943 eo

477 3989 588 4052 quoque
612 3973 738 4035 aliorum
763 3976 992 4037 observationes
1016 3978 1251 4052 antecedebant,
1285 3977 1363 4057 quod
1388 3976 1655 4039 refractiouum
1678 3973 1825 4035 rationem

477 4059 627 4123 habebant
641 4062 680 4123 ab
696 4062 757 4124 illis
772 4070 825 4125 aut
838 4066 928 4144 plane
941 4065 1146 4145 neglectarum
1162 4073 1216 4126 aut
1230 4074 1312 4126 certe
1327 4085 1385 4126 non
1400 4065 1457 4127 rite
1472 4064 1685 4126 adhibitamm.
1710 4060 1826 4133 (Dubia

476 4157 554 4211 certe
569 4169 608 4211 ea
624 4159 709 4226 sunt,
735 4169 811 4232 quae
835 4152 872 4214 de
887 4153 1102 4214 Ptolemaeo
1127 4155 1247 4235 quidam
1262 4156 1405 4229 referunt,
1431 4154 1516 4233 quasi
1539 4153 1590 4214 ille
1613 4150 1826 4213 retractionum

476 4237 741 4301 astronomicarum
780 4241 927 4304 rationem
945 4241 1113 4305 ‘habuerit
1166 4239 1252 4311 Quae
1284 4261 1356 4305 vcro
1397 4243 1434 4304 dc
1466 4240 1598 4302 Beruh.
1630 4238 1826 4301 Walthero

475 4324 577 4389 Norib.
604 4336 765 4391 narrantur
788 4330 961 4391 adhibuisse
984 4330 1069 4391 illum
1092 4330 1303 4392 refractionem
1319 4331 1348 4392 in
1364 4328 1625 4392 observationibus
1640 4324 1825 4404 astronomi-

475 4415 524 4488 cis,
548 4434 586 4476 ca
610 4424 696 4478 certa
714 4417 834 4496 quidem
847 4426 926 4493 suut,
951 4426 1163 4498 nequeuntem
1184 4418 1374 4481 excedebant
1386 4417 1584 4479 retractiones
1598 4414 1826 4485 horisontales.)

476 4501 564 4566 Pauci
582 4504 639 4585 ‘qui
663 4512 734 4567 ante
750 4505 912 4587 Keplerum
936 4506 973 4568 de
992 4504 1112 4587 Opticis
1135 4507 1254 4588 publice
1277 4512 1413 4585 egerunt,
1436 4506 1467 4567 in
1491 4504 1576 4567 libris
1599 4503 1662 4565 suis
1685 4510 1826 4564 astrono-

477 4592 560 4655 miam
593 4612 702 4673 parum
732 4594 948 4673 respiciebant,
982 4596 1115 4657 maxima
1144 4604 1294 4675 exparte
1319 4592 1580 4675 „perspectivam“
1608 4593 1674 4653 loco
1698 4588 1827 4669 Optioat

477 4679 687 4755 discutientes,
718 4683 932 4745 refractionem
961 4690 1045 4746 certa
1076 4683 1311 4745 astronomicam
1334 4702 1371 4744 ue
1398 4682 1491 4744 verbo
1514 4682 1633 4763 quidem
1657 4684 1827 4757 tangentes,

480 4780 604 4851 excepto
618 4770 813 4834 Alhazeuo
830 4769 856 4847 ¹)
868 4772 973 4834 Arabe
988 4780 1020 4834 et
1042 4772 1103 4848 illo,
1128 4771 1178 4852 qui
1193 4772 1270 4833 huuc
1284 4778 1405 4833 secutus
1419 4777 1468 4831 est
1482 4771 1598 4844 ducem,
1613 4767 1829 4830 Vitelliouai

477 4857 590 4939 Tycho,
624 4867 659 4920 nt
691 4878 784 4939 supra
815 4860 959 4934 diximus,
991 4859 1076 4922 illam
1104 4860 1300 4944 respiciebat,
1334 4860 1513 4938 quamquam
1539 4875 1662 4939 prorsus
1685 4857 1827 4936 ignoraus

477 4963 572 5010 veram
597 4950 663 5029 ejus
693 4967 832 5023 causam,
868 4949 911 5011 ita
941 4958 975 5010 ut
997 4950 1208 5011 refractionem
1242 4949 1332 5010 aliam
1355 4946 1436 5020 Soli,
1468 4948 1559 5009 aliam
1581 4946 1703 5021 Lunae,
1736 4946 1827 5009 aliam
1934 5001 1936 5006 ,

477 5037 569 5100 stallis
591 5036 661 5100 lixis
684 5036 843 5101 tribueret.
880 5036 1030 5119 Keplems
1053 5037 1268 5120 superveniens
1282 5036 1434 5119 'lyoboms
1455 5035 1582 5109 studiis,
1606 5036 1678 5115 quid
1700 5035 1748 5099 bis
1771 5035 1827 5097 de·

1576 5138 1614 5192 μ
