4584 6192
964 563 1047 630 capue
1063 565 1108 616 IV.
1128 562 1153 617 3.
1677 562 1739 632 185

389 739 583 803 densioribus.
630 742 665 802 ln
689 742 831 803 convexis
855 741 974 822 quidem
997 752 1100 822 partes
1123 743 1240 804 mediae
1269 742 1407 822 imaginis
1432 742 1685 824 appropinquant,
1711 743 1740 804 in

388 830 521 891 concavis
545 831 693 892 recedunt
717 832 842 911 longius,
869 851 958 910 quarn
982 833 1230 893 circumstantes:
1256 832 1334 893 idem
1359 834 1392 893 fit
1415 832 1443 893 iu
1468 832 1573 893 mediis
1596 832 1740 894 differen-

388 919 475 992 tibus,
507 919 587 980 adeo
621 928 655 980 ut
686 920 715 981 iu
748 939 826 999 aqua
855 922 962 982 fundus
994 922 1169 1001 depressus,
1203 921 1433 983 circumstantes
1466 931 1569 1000 partes
1602 921 1739 982 elevatae

387 1016 560 1091 appareant.
600 1008 678 1070 Hine
698 1010 865 1088 apparebat
884 1028 1034 1071 concavae
1054 1010 1219 1090 superficiei
1241 1010 1390 1089 speculari
1415 1011 1595 1089 respondere
1610 1010 1741 1072 medium

386 1096 519 1170 densius,
551 1115 704 1158 convenae
732 1098 846 1160 rarius:
877 1099 964 1159 simul
992 1099 1103 1178 patuit,
1134 1100 1257 1177 planam
1285 1118 1381 1179 aquae
1410 1098 1596 1178 superficiem
1619 1099 1740 1160 induere

385 1185 532 1265 qnondam
557 1186 717 1247 curvitatis
742 1187 909 1249 rationem:
935 1206 1026 1265 quare
1051 1189 1211 1249 decausis
1242 1188 1435 1268 cogitandum
1460 1195 1540 1261 erat,
1566 1207 1642 1269 quae
1666 1205 1740 1248 con-

385 1273 522 1336 ciliarent
545 1273 589 1335 illi
614 1274 691 1336 hunc
724 1275 881 1337 curvitatis
913 1277 1066 1346 effectum,
1099 1285 1133 1338 ut
1156 1277 1183 1336 si
1210 1297 1303 1339 causa
1336 1278 1524 1350 redderetur,
1559 1295 1611 1337 cur
1638 1284 1741 1356 partes

385 1382 476 1444 aquae
511 1363 743 1424 circumstantes
775 1365 954 1426 incidentem
991 1366 1269 1444 perpendicularem
1301 1366 1444 1445 majorem
1477 1373 1742 1445 repraesentarent

385 1452 576 1525 densitatem,
601 1471 690 1531 quam
714 1463 797 1514 esset
821 1453 915 1533 ipsius
939 1473 1034 1533 aquae
1055 1455 1110 1515 sub
1134 1455 1356 1534 perpendiculo.
1395 1454 1443 1515 Ita
1457 1473 1506 1515 res
1529 1453 1742 1516 revolvebatur

386 1542 421 1603 ad
442 1541 617 1621 superiores
650 1541 838 1602 molitiones:
872 1561 1037 1621 quaecum
1066 1544 1127 1603 sint
1161 1544 1277 1605 ratione
1301 1553 1333 1603 et
1362 1543 1549 1622 experientia
1577 1543 1741 1616 refutatae,

386 1629 637 1709 supersedendum
662 1630 719 1690 fuit
742 1651 760 1691 a
783 1650 892 1692 causae
918 1631 1011 1713 ipsius
1036 1632 1237 1710 inquisitione.
1284 1631 1450 1709 Pergebam
1474 1631 1565 1710 igitur
1589 1630 1628 1691 ad
1652 1649 1739 1692 men·

387 1738 495 1782 summ.
556 1716 632 1779 Cum
665 1719 756 1797 igitur
788 1720 849 1780 sint
882 1720 993 1781 multae
1026 1721 1190 1781 mediorum
1222 1722 1340 1800 species
1373 1720 1523 1782 densitate
1557 1720 1739 1792 differentes,

387 1807 516 1886 oportuit
538 1806 607 1867 hnic
631 1807 813 1869 multitudini
837 1827 954 1889 quoqne
973 1817 1107 1870 statuere
1128 1809 1197 1889 quid
1222 1811 1371 1888 analogon
1386 1810 1416 1870 in
1436 1809 1565 1887 speculis
1590 1807 1740 1869 concavis.

386 1895 480 1975 Igitur
502 1903 537 1956 ut
560 1896 589 1956 in
614 1913 745 1957 concavo
769 1898 866 1977 major
889 1898 941 1958 fiat
964 1898 1077 1976 imago,
1106 1908 1227 1977 oportet
1255 1898 1372 1960 oculum
1394 1898 1474 1959 intra
1497 1905 1630 1958 centrum
1654 1916 1740 1957 esse:

387 1985 432 2063 qui
466 2003 524 2064 quo
553 1985 676 2063 propior
699 1994 748 2047 est
775 1996 893 2054 centro,
927 1987 1068 2047 remotior
1092 2006 1111 2047 a
1134 1988 1307 2065 superficie,
1342 1987 1398 2048 hoc
1431 1986 1527 2065 major
1550 1987 1608 2047 erit
1629 1985 1740 2065 imago.

391 2073 494 2154 ltaque
528 2091 595 2134 cum
629 2074 770 2135 densiora
810 2076 908 2135 media
950 2077 1093 2154 majorem
1130 2076 1234 2137 itidem
1267 2076 1380 2137 saciant
1411 2074 1591 2154 imaginem,
1624 2074 1745 2135 diversa

390 2162 486 2224 media
509 2161 638 2223 diversis
662 2163 691 2223 in
716 2164 863 2225 diametro
887 2165 1035 2242 speculari
1059 2164 1168 2226 sitibus
1192 2165 1269 2226 oculi
1292 2163 1524 2243 respondebant.

472 2251 719 2313 Accomodabam
742 2252 833 2331 igitur
862 2260 1013 2325 extrema3
1042 2255 1071 2313 in
1096 2271 1228 2315 concavo
1253 2254 1374 2332 speculo
1404 2253 1486 2314 locus
1510 2251 1604 2323 oculi,
1634 2268 1742 2329 super·

387 2338 466 2401 ficies
490 2347 522 2401 ct
545 2349 701 2401 centrum:
728 2341 755 2401 in
772 2341 877 2402 mediis
901 2341 1029 2402 medium
1051 2342 1270 2416 densissimum,
1292 2350 1324 2403 et
1343 2342 1482 2413 medium,
1506 2342 1595 2419 plane
1619 2340 1743 2418 aequale

387 2428 428 2490 illi
450 2428 559 2502 medio,
586 2429 614 2489 in
639 2448 696 2508 quo
720 2439 768 2491 est
792 2431 904 2491 oculus.
952 2429 985 2491 Si
1010 2432 1208 2492 collocaretur
1237 2432 1339 2492 oculus
1362 2431 1393 2491 in
1417 2438 1535 2504 centro,
1559 2429 1622 2490 fieri
1651 2446 1742 2507 opor·

388 2518 471 2578 tebat
492 2518 610 2589 eadem,
635 2537 710 2597 quae
735 2519 913 2598 contingunt
935 2537 967 2579 re
991 2520 1020 2579 in
1045 2520 1141 2580 medio
1165 2520 1300 2581 infinitae
1325 2519 1485 2598 densitatis
1509 2519 1679 2600 inspecta„

471 2606 531 2667 Hic
555 2607 656 2687 itaque
681 2626 758 2667 nova
782 2607 955 2667 existebant
971 2609 1061 2671 bivia.
1099 2609 1178 2671 Nam
1194 2609 1218 2668 si
1244 2610 1422 2688 perpendas,
1448 2608 1517 2687 qnid
1533 2608 1597 2668 fieri
1620 2605 1742 2676 debeat,

387 2695 481 2757 medio
506 2695 658 2756 existente
682 2696 771 2773 plane
796 2696 975 2757 densissimo
1001 2699 1068 2768 (seu
1100 2698 1234 2758 infinitae
1263 2698 1450 2768 densitatis),
1475 2695 1682 2774 deprehendes
1706 2714 1744 2755 ex

387 2784 523 2860 analogia
547 2784 711 2845 mediorum
737 2793 912 2859 ceterorum,
938 2796 1085 2863 oportere,
1112 2787 1136 2846 si
1157 2788 1234 2866 qnod
1255 2796 1347 2856 esset,
1371 2805 1474 2846 omnes
1498 2785 1616 2845 omnino
1642 2784 1742 2846 radios

387 2871 422 2932 ab
444 2891 503 2933 nuo
528 2882 639 2951 puncto
664 2873 692 2933 in
717 2873 903 2951 superficiem
936 2874 1105 2953 hujusmodi
1133 2876 1259 2954 illapsos
1282 2875 1403 2952 refringi
1434 2873 1584 2952 plenarie,
1616 2873 1671 2934 hoc
1696 2880 1743 2931 est

387 2960 552 3023 coincidere
576 2970 648 3040 post
672 2962 884 3023 refractionem
909 2982 973 3024 cnm
998 2963 1071 3042 ipsis
1095 2963 1409 3043 perpendicularibus:
1436 2973 1466 3024 et
1486 2961 1529 3023 sic
1550 2962 1612 3022 fieri
1637 2961 1742 3039 paral-

388 3049 469 3112 lelos.
507 3050 541 3110 ln
567 3050 677 3111 ceteris
702 3052 780 3111 enirn
804 3051 920 3124 mediis,
947 3071 1004 3130 quo
1030 3053 1151 3114 densius
1170 3062 1219 3113 est
1238 3052 1401 3132 quodlibet,
1427 3053 1482 3112 hoc
1507 3050 1627 3130 propius
1652 3068 1760 3117 acce-¹

387 3138 457 3200 dunt
479 3139 603 3200 refracti
629 3139 667 3199 ad
690 3140 953 3217 perpendiculares
977 3160 1056 3202 suos.

471 3228 568 3307 Atqui
597 3229 626 3289 in
655 3228 813 3306 sphaerica
844 3247 977 3290 concava
1010 3230 1165 3308 superficie
1194 3229 1269 3290 radii
1299 3249 1336 3290 ex
1367 3235 1470 3289 centro
1499 3227 1527 3287 in
1556 3226 1741 3306 superficiem

387 3316 512 3395 undique
542 3316 645 3395 illapsi
673 3324 743 3396 post
770 3336 978 3395 repercussum
1007 3337 1064 3379 non
1093 3319 1169 3378 fiunt
1195 3319 1348 3396 paralleli,
1377 3317 1431 3377 sed
1460 3316 1673 3395 recolliguntur
1703 3316 1742 3376 ad

387 3422 467 3467 suam
492 3404 650 3483 originem.
698 3403 1001 3483 Circumspiciendum
1031 3407 1121 3484 igitur
1150 3407 1204 3468 suit
1230 3408 1266 3467 de
1291 3408 1346 3468 tali
1374 3424 1506 3467 concavo
1536 3405 1649 3484 talique
1678 3406 1743 3483 ejus

388 3501 492 3571 puncto
517 3494 669 3569 diametri,
695 3513 785 3573 aquo
801 3495 829 3554 in
847 3495 1033 3573 superficiem
1053 3496 1169 3574 egressi
1184 3514 1287 3556 omnes
1312 3502 1573 3574 repercuterentur
1590 3495 1619 3554 in
1643 3513 1742 3555 meros

387 3582 557 3659 parallelos.
605 3581 691 3668 Quod
717 3583 773 3644 nisi
797 3583 864 3660 jam
894 3585 1117 3664 praecepissem
1145 3594 1264 3662 gustum
1295 3586 1422 3663 aliquem
1451 3584 1632 3654 canicorum,
1664 3602 1740 3642 nuu-

387 3689 470 3749 qnam
493 3691 530 3733 eo
554 3673 760 3750 pervenissem
785 3691 842 3751 quo
872 3673 1100 3733 contendebam.
1147 3674 1264 3734 Memor
1293 3682 1392 3734 autem
1417 3692 1498 3732 eram
1526 3690 1640 3739 eorum,
1666 3689 1741 3748 quae

389 3758 510 3822 Vitellio
540 3760 577 3820 de
602 3761 724 3839 speculo
748 3760 922 3839 parabolice
947 3762 1091 3822 adurente
1117 3762 1297 3840 scripserat,
1323 3762 1375 3822 lib.
1401 3762 1457 3821 IX.
1486 3779 1571 3840 prop.
1597 3754 1739 3822 39-44.

389 3846 502 3910 Etenim
523 3867 599 3927 quae
619 3850 763 3928 Apollon.
789 3849 841 3912 lib.
858 3851 916 3911 Ill.
936 3869 1021 3929 prop.
1038 3848 1090 3913 48.
1108 3860 1139 3911 et
1154 3851 1268 3929 aliquot
1293 3850 1556 3911 circumstantibus
1576 3849 1612 3909 de
1632 3848 1742 3928 hyper-

391 3934 453 3998 bola
475 3947 507 3999 et
535 3938 634 4017 ellipsi
667 3939 948 4011 demonstraverat,
982 3959 1019 3999 ea
1050 3940 1131 4000 circa
1163 3939 1327 4017 parabolen
1362 3938 1474 3999 omissa
1498 3937 1624 3998 Vitellio
1654 3936 1744 3996 dictis

393 4023 457 4086 locis
481 4045 520 4088 ex
544 4035 632 4105 parte
656 4027 778 4106 supplet
800 4028 1046 4107 demonstratque
1071 4029 1099 4088 in
1125 4049 1162 4089 ea
1184 4035 1325 4107 punctum
1350 4028 1481 4106 aliquod,
1506 4047 1525 4086 a
1544 4044 1601 4105 qun
1622 4024 1650 4085 in
1675 4043 1743 4086 sec-

394 4112 492 4177 tionem
519 4133 573 4176 sen
602 4135 724 4178 curvam
755 4116 863 4176 lineam
894 4135 1035 4195 egressae
1067 4126 1255 4197 quotcunque
1284 4117 1425 4196 aequales
1457 4135 1522 4177 cum
1551 4114 1744 4193 contingente

398 4204 510 4281 angulus
541 4204 677 4267 facerent
704 4204 742 4265 iis
771 4205 905 4282 angulis,
937 4225 1012 4285 qnos
1041 4225 1106 4267 cum
1137 4206 1243 4266 eadem
1274 4203 1465 4283 contingente
1496 4204 1684 4265 coristituunt
1708 4222 1745 4263 ex

398 4286 490 4354 iisdem
516 4293 637 4372 punctis
666 4294 795 4355 eductae
824 4293 872 4353 axi
900 4295 1076 4372 parallelae.
1127 4295 1229 4373 Atque
1260 4294 1376 4367 idest,
1412 4294 1489 4373 quod
1515 4293 1743 4371 quaerebamus.

402 4372 526 4442 Cetemm
556 4382 626 4461 quia
655 4381 788 4443 difficilis
819 4391 867 4442 est
898 4384 1098 4444 consideratio
1128 4384 1311 4455 sectionum,
1340 4393 1503 4462 propterea
1534 4382 1612 4461 qnod
1640 4400 1744 4460 parum

402 4467 505 4544 teritur,
539 4469 616 4531 libet
645 4471 748 4551 aliqua
777 4469 967 4545 mechaniee,
1001 4473 1159 4552 analogice
1184 4482 1214 4533 et
1237 4472 1424 4554 populariter
1448 4472 1485 4531 de
1510 4472 1546 4531 iis
1575 4470 1742 4531 disserere:

404 4550 597 4621 deveniam
619 4569 806 4639 geometrae.

808 4695 838 4761 4.
875 4701 925 4760 De
955 4700 1035 4760 coni
1067 4702 1317 4763 sectionibus.

473 4819 546 4884 Cani
576 4823 650 4885 varii
680 4832 763 4898 sunt,
798 4825 983 4904 rectangnli,
1016 4827 1201 4904 acutanguli,
1236 4826 1449 4905 obtusanguli:
1484 4825 1554 4886 item
1579 4824 1645 4885 coni
1669 4824 1745 4884 recti

405 4918 443 4965 ⁸011
466 4913 631 4990 regulares,
662 4921 695 4975 et
725 4914 839 4974 scaleni
867 4933 920 4974 seu
953 4914 1134 4994 irregulares
1165 4924 1218 4975 aut
1251 4914 1435 4993 compressi:
1467 4915 1503 4974 de
1538 4913 1645 4993 quibus
1676 4912 1743 4973 vide

406 4990 574 5071 Apollonium
599 5011 630 5064 st
652 5003 811 5065 Eutocium
834 5004 863 5064 in
888 5004 1122 5064 commentariis.
1172 5003 1311 5065 Omnium
1341 5002 1508 5083 promiscue
1538 5002 1690 5063 sectiones
1714 5002 1743 5062 in
1808 5073 1810 5081 Ι

406 5082 511 5167 quinque
534 5090 647 5152 cadunt
670 5092 797 5172 species.
836 5091 957 5152 Etenim
984 5093 1063 5153 linea
1082 5092 1110 5153 in
1135 5092 1292 5171 superficie
1316 5092 1382 5153 cuni
1402 5110 1456 5170 per
1479 5091 1646 5153 sectionem
1669 5109 1743 5153 con-
