4584 6192
562 623 629 691 184
1035 621 1226 685 Paralipomsna
1242 622 1268 671 in
1286 619 1453 670 Vitellionena

647 800 775 875 Quinto,
804 820 842 861 an
866 800 1034 861 ascendant
1066 799 1213 877 imagines
1236 799 1264 858 in
1289 797 1483 876 proportione
1517 797 1634 858 sinuum
1666 794 1918 858 inclinationum?

557 891 691 955 Minime.
737 890 816 951 Nam
840 890 944 950 eadem
968 888 1047 949 ratio
1070 895 1156 947 esset
1179 906 1323 947 ascensus
1346 889 1376 947 in
1400 886 1537 947 omnibus
1561 885 1680 946 mediis.

647 980 696 1041 An
727 997 797 1058 ergo
832 987 918 1038 sexto
950 977 1075 1056 primum
1100 977 1185 1037 etin
1219 975 1459 1055 perpendiculari
1491 973 1661 1036 radiatione
1694 973 1867 1034 exaltentur
1888 965 1931 1032 in'

558 1068 750 1148 proportione
775 1066 947 1137 mediorum,
972 1066 1042 1126 inde
1058 1066 1154 1145 magis
1169 1066 1325 1144 magisque
1350 1064 1516 1125 ascendant
1532 1064 1559 1125 in
1583 1062 1777 1142 proportione
1802 1060 1918 1121 sinuum

460 1185 466 1193 ·
559 1156 808 1219 inclinationum?
832 1154 953 1216 Etenim
973 1154 1015 1215 sic
1030 1154 1185 1233 proportio
1201 1172 1377 1215 ascensuum
1392 1160 1621 1230 componeretur
1634 1153 1778 1230 fieretque
1798 1148 1919 1210 diversa

559 1264 613 1326 per
636 1232 889 1306 media'diverse.
934 1242 1028 1304 Nihil.
1075 1244 1154 1305 Nam
1184 1243 1318 1303 calculus
1342 1242 1380 1303 ab
1409 1241 1597 1320 experientia
1625 1238 1830 1319 discrepabat.
1878 1238 1920 1299 Et

558 1335 589 1395 iu
621 1350 730 1413 genere
764 1333 876 1394 frustra
906 1332 1089 1392 consulimus
1121 1332 1280 1410 imaginem
1305 1339 1359 1391 aut
1390 1331 1487 1391 locum
1520 1328 1675 1407 imaginis,
1711 1335 1836 1407 propter
1863 1326 1919 1387 hoc

559 1423 669 1502 ipsum,
695 1420 772 1500 quod
796 1420 894 1499 imago
919 1427 978 1498 est.
1024 1421 1108 1482 Nihil
1132 1420 1210 1481 enirn
1242 1419 1353 1480 attinet
1376 1418 1467 1480 medii
1497 1417 1694 1491 densitatem,
1724 1416 1798 1478 nihil
1822 1415 1919 1495 ipsum

539 1511 641 1572 .reale
663 1509 738 1571 lucis
762 1513 863 1579 παθος
888 1528 941 1569 seu
965 1507 1142 1577 circuloso,
1173 1508 1243 1587 quid
1266 1508 1342 1569 visui
1367 1508 1499 1581 accidat,
1526 1526 1564 1567 ex
1586 1506 1672 1585 cujus
1696 1523 1796 1566 erroro
1819 1504 1919 1583 imago

558 1599 697 1660 resultat.
769 1645 777 1656 .

682 1735 712 1800 3.
743 1737 993 1817 Praeparatio
1017 1738 1060 1797 ad
1085 1736 1346 1797 dimensionem
1371 1755 1490 1796 veram
1515 1733 1794 1796 refractionum.

647 1862 804 1923 Hactenus
828 1880 901 1940 ergo
926 1862 988 1922 lere
1012 1879 1134 1922 caecam
1158 1860 1323 1939 inquirendi
1349 1860 1496 1921 rationem
1521 1858 1616 1921 secuti
1640 1878 1741 1921 sumus
1765 1867 1797 1919 et
1822 1859 1919 1920 fortu-

559 1970 629 2011 nam
653 1950 871 2011 iuvocavimus.
917 1950 987 2011 Janr
1011 1951 1039 2011 in
1064 1957 1218 2028 posterum
1242 1948 1368 2009 alterurn
1402 1947 1612 2027 aperiebamus
1640 1948 1772 2022 oculum,
1806 1953 1920 2008 certam

560 2039 740 2101 insistentes
764 2037 946 2099 methodum.
1810 2101 1819 2122 f

646 2127 768 2189 Etenim
791 2146 859 2189 cum
882 2128 1112 2207 perpenderem,
1143 2125 1306 2203 imaginem
1330 2123 1372 2184 rei
1396 2124 1451 2185 sub
1481 2143 1559 2203 aqua
1580 2123 1665 2185 visae
1695 2124 1770 2184 adeo
1794 2121 1920 2201 propin·

559 2235 650 2297 quam
673 2236 741 2278 esse
766 2216 942 2277 dimensioni
968 2216 1119 2294 legitimae
1143 2215 1367 2285 refractionem,
1392 2221 1425 2272 ut
1448 2231 1524 2290 pene
1548 2213 1745 2274 retractiones
1769 2211 1920 2282 metiatur,

561 2303 681 2370 humilis
711 2305 765 2379 sit,
798 2305 823 2365 si
852 2323 901 2365 res
930 2326 948 2365 a
976 2303 1188 2384 perpendiculo
1221 2302 1406 2381 inspiciatur,
1438 2300 1583 2380 paulatim
1610 2302 1665 2362 fiat
1696 2301 1799 2372 altior,
1835 2299 1921 2362 oculo

491 2437 492 2440 ,
560 2412 667 2454 versus
692 2392 876 2454 horizontem
896 2412 991 2472 aquae
1015 2391 1247 2471 procumbente:
1273 2392 1428 2451 exaltem
1451 2409 1523 2451 vero
1542 2398 1629 2469 parte
1648 2390 1725 2452 ratio
1744 2390 1810 2469 jam
1833 2388 1922 2450 modo

559 2482 641 2544 dicta
664 2488 807 2560 negaret,
843 2482 870 2541 in
895 2482 1025 2560 imagine
1059 2480 1261 2560 quaerendam
1291 2498 1359 2540 esse
1388 2479 1620 2554 dimensionem,
1653 2486 1818 2558 propterea
1843 2477 1922 2558 quod

558 2570 658 2648 imago
682 2569 797 2630 existat
820 2588 876 2630 non
900 2570 989 2647 plane
1014 2589 1051 2629 ex
1070 2570 1112 2629 rei
1137 2575 1254 2641 natura,
1281 2569 1333 2629 sed
1359 2568 1446 2628 simul
1466 2587 1503 2628 ex
1528 2568 1703 2647 deceptione
1725 2566 1820 2640 visus,
1846 2584 1922 2647 qnae

560 2657 699 2720 accidens
729 2666 776 2718 est
804 2658 847 2718 rei
875 2657 989 2736 ipsius:
1019 2677 1055 2717 ex
1081 2658 1185 2718 harum
1214 2657 1335 2736 inquam
1364 2656 1558 2735 pugnantium
1586 2657 1736 2718 rationum
1760 2655 1922 2717 collatione

561 2747 685 2808 tandem
708 2745 803 2806 subiit
826 2745 964 2819 animum,
990 2765 1099 2807 causas
1118 2747 1203 2825 ipsas
1222 2745 1362 2824 imaginis
1378 2746 1407 2805 in
1427 2764 1506 2825 aqua
1530 2745 1713 2806 constitutae
1736 2744 1922 2823 investigare

560 2842 592 2895 et
613 2835 643 2896 in
671 2834 719 2895 his
753 2834 853 2895 causis
886 2835 1102 2895 dimensionem
1135 2835 1355 2896 refractionum.
1404 2831 1513 2913 Opinio
1547 2834 1621 2894 haec
1655 2841 1741 2894 tanto
1770 2833 1869 2912 magis
1892 2831 1923 2893 in

560 2942 608 2984 me
637 2923 693 2984 luit
721 2923 910 2996 confirmata,
945 2924 1022 3003 quod
1056 2923 1203 2996 viderem,
1238 2942 1361 2984 causam
1391 2921 1531 3000 imaginis
1562 2931 1593 2983 et
1621 2922 1649 2983 in
1680 2921 1812 3003 speculis
1837 2930 1870 2983 et
1890 2921 1923 2982 in

561 3011 646 3088 aquis
680 3012 855 3090 apparentis
880 3013 918 3072 ab
953 3012 1061 3090 opticis
1086 3030 1143 3072 non
1177 3031 1244 3071 esse
1279 3012 1412 3090 legitime
1445 3011 1618 3072 indicatam.
1665 3010 1707 3071 Et
1736 3010 1805 3071 hinc
1839 3008 1923 3089 origo
1971 3023 1978 3036 ·

560 3099 673 3161 laboris
697 3101 787 3174 illius,
821 3119 908 3179 quem
933 3120 1025 3180 supra
1048 3120 1114 3179 cap.
1141 3101 1197 3160 lll.
1229 3101 1424 3180 suscepimus.
1471 3101 1577 3179 Neque
1607 3119 1681 3160 saue
1713 3098 1874 3162 mediocris
1897 3097 1924 3158 is

560 3198 635 3260 erat,
659 3189 728 3249 dum
753 3189 831 3249 inter
854 3189 1003 3268 principia
1027 3190 1055 3249 in
1081 3209 1111 3251 re
1138 3198 1200 3249 tam
1228 3190 1371 3268 perplexa
1395 3208 1448 3268 pro
1474 3189 1559 3249 talsis
1589 3186 1754 3268 opticorum
1778 3187 1924 3249 traditio·

559 3276 647 3338 uibus
676 3277 753 3337 alias
784 3277 879 3337 falsas
913 3278 1069 3357 opiniones
1097 3296 1226 3357 sequor:
1259 3279 1327 3339 dum
1357 3287 1404 3339 ter
1434 3286 1542 3356 quater
1574 3278 1667 3338 aliam
1695 3277 1802 3337 insisto
1832 3276 1923 3350 viam,

560 3372 656 3425 totum
684 3365 836 3443 negotium
866 3366 901 3425 de
931 3385 1007 3426 novo
1038 3375 1162 3445 repeto;
1195 3367 1362 3446 totiesque,
1388 3373 1421 3426 ut
1449 3367 1496 3438 lit,
1522 3367 1552 3427 id
1581 3366 1692 3445 ipsum,
1728 3365 1805 3445 quod
1836 3373 1923 3426 tanto

563 3453 670 3513 ardore
690 3455 899 3530 quaerebatur,
925 3456 1085 3516 temeraria
1103 3456 1299 3535 persuasione
1318 3474 1371 3534 pro
1383 3456 1448 3533 jam
1464 3455 1586 3515 invento
1606 3455 1704 3515 animo
1729 3455 1925 3533 complector.

649 3540 691 3600 Et
714 3541 791 3602 hunc
816 3543 933 3621 quidem
963 3544 1147 3623 catoptrices
1181 3544 1290 3603 nodum
1314 3541 1428 3604 Gordio
1464 3543 1661 3604 difficiliorem
1690 3544 1758 3603 sola
1780 3544 1926 3622 analogia

559 3629 681 3690 tandem
707 3630 805 3703 secui,
839 3632 877 3691 ad
902 3652 966 3692 enm
992 3634 1110 3693 modum
1135 3651 1222 3712 quem
1246 3650 1337 3711 supra
1362 3632 1523 3711 descripsi:
1554 3633 1622 3693 dum
1646 3632 1813 3711 perpendo,
1844 3650 1924 3711 quse

559 3718 589 3779 in
613 3718 743 3796 speculis
767 3718 976 3797 contingerent
991 3728 1022 3781 et
1041 3741 1118 3800 quae
1138 3722 1168 3780 in
1192 3720 1277 3800 aquis
1293 3721 1331 3780 ad
1357 3721 1473 3782 illorum
1498 3720 1722 3782 similitudinem
1747 3720 1924 3800 contingere

559 3814 794 3868 consentaneum
827 3817 919 3869 esset.
972 3809 1095 3869 Etenim
1124 3808 1153 3869 in
1183 3808 1312 3888 speculis
1346 3809 1493 3887 imagines
1521 3818 1609 3870 extra
1637 3810 1735 3871 locnrn
1763 3809 1807 3870 rei
1839 3810 1924 3870 visae

559 3896 690 3956 collocat
715 3914 771 3955 non
797 3897 925 3956 materia
949 3897 1023 3970 ulla,
1054 3898 1107 3959 sed
1131 3898 1198 3958 sola
1227 3899 1414 3976 repercussio
1438 3919 1457 3957 a
1480 3899 1577 3977 polita
1605 3899 1770 3977 superficie.
1819 3896 1924 3968 Quare

559 3984 742 4063 sequebatur
765 3992 796 4045 et
819 3984 848 4044 in
874 3985 968 4063 aquis,
994 3985 1139 4065 imagines
1164 3988 1328 4047 ascendere
1353 3996 1385 4048 et
1407 3987 1573 4065 superficiei
1599 3988 1840 4066 appropinquare
1866 4005 1925 4048 non

559 4072 597 4133 ad
621 4072 705 4150 leges
731 4071 893 4134 densitatis
916 4075 946 4133 in
972 4094 1050 4154 aqua
1073 4075 1196 4154 majoris
1220 4076 1267 4135 vel
1292 4075 1427 4148 minoris,
1453 4084 1541 4153 prout
1570 4077 1680 4136 rectior
1702 4078 1751 4136 vel
1774 4076 1924 4155 obliquior

559 4166 644 4220 esset
674 4161 813 4232 intuitus,
848 4162 902 4221 sed
935 4172 1058 4241 propter
1091 4164 1186 4223 solam
1222 4164 1433 4225 refractionem
1467 4164 1584 4224 luculae
1614 4184 1651 4224 ex
1679 4184 1711 4225 re
1739 4165 1770 4225 in
1804 4165 1924 4226 oculum

560 4248 706 4324 allapsae.
746 4247 813 4318 Quo
838 4249 881 4310 sic
905 4250 1014 4328 posito,
1040 4251 1179 4330 quicquid
1204 4271 1296 4330 supra
1314 4271 1368 4331 per
1386 4252 1546 4331 imaginem
1572 4254 1698 4333 ejusque
1721 4253 1923 4315 elevationem

560 4334 589 4395 in
621 4334 805 4397 dimensione
841 4338 1052 4400 refractionem
1091 4350 1295 4414 tentaveram,
1332 4341 1420 4419 plane
1459 4342 1647 4403 concidebat.
1704 4343 1799 4422 ldque
1835 4351 1924 4402 tanto

560 4422 670 4501 tnagis,
695 4435 855 4504 postquam
879 4446 1001 4488 causam
1025 4428 1184 4505 genuinam
1208 4428 1324 4502 inveni,
1356 4449 1407 4491 cnr
1435 4441 1517 4490 esset
1546 4431 1646 4509 imago
1671 4431 1699 4491 in
1725 4430 1831 4492 eadem
1856 4449 1924 4491 curn

560 4530 591 4572 rc
615 4512 683 4590 ipsa
705 4515 945 4592 perpendiculari
971 4525 1032 4576 tarn
1057 4517 1084 4576 in
1111 4518 1243 4596 speculis
1268 4536 1357 4597 quarn
1380 4519 1408 4578 in
1433 4519 1540 4580 mediis
1566 4519 1767 4581 densioribus.

650 4598 725 4662 Cum
741 4620 811 4679 ergo
832 4621 884 4680 per
908 4605 1078 4683 analogiam
1104 4606 1272 4684 hujusmodi
1297 4606 1426 4667 feliciter
1449 4608 1595 4669 cessisset
1610 4609 1638 4668 in
1663 4608 1923 4670 demonstratione

559 4688 736 4750 difficillima
775 4691 812 4750 de
844 4692 908 4751 loeo
943 4693 1100 4769 imaginis:
1145 4696 1229 4771 coepi
1263 4696 1341 4755 lranc
1375 4696 1562 4774 analogiam,
1597 4696 1717 4758 illectus
1754 4696 1923 4777 cupiditate

559 4776 735 4838 dimetiendi
760 4777 966 4855 retractiones,
993 4782 1117 4843 ulterius
1141 4784 1291 4862 persequi.
1340 4781 1493 4862 Optabam
1519 4785 1597 4845 onim
1623 4794 1726 4846 tenere
1750 4803 1924 4845 mensuram

560 4865 790 4937 remotionum,
824 4869 1013 4945 quantumvis
1046 4889 1185 4945 caecam,
1221 4872 1378 4932 dummodo
1410 4872 1560 4952 aliquant:
1592 4882 1678 4934 certa
1701 4893 1772 4952 spe,
1799 4875 1863 4934 lore
1891 4881 1926 4933 nt

559 4970 709 5039 mensura·
724 4953 855 5033 legitime
880 4957 1002 5034 cognita
1025 4978 1119 5019 causa
1143 4978 1259 5039 (quoqne
1283 4970 1465 5039 patesceret.
1514 4960 1566 5023 Sic
1590 4981 1663 5041 ergo
1687 4963 1817 5041 perrexi.

649 5042 908 5113 Quemadmodum
931 5046 961 5105 in
994 5047 1124 5125 speculis
1158 5050 1300 5109 convexis
1330 5050 1426 5110 minor
1448 5050 1482 5111 fit
1504 5051 1549 5112 rei
1573 5052 1681 5130 imago,
1708 5052 1757 5112 sic
1777 5051 1870 5113 etiarn
1895 5050 1924 5112 iu

561 5129 667 5192 mediis
698 5128 881 5193 rarioribus:
915 5141 946 5193 et
974 5142 1007 5195 ut
1029 5135 1059 5196 in
1088 5137 1220 5214 speculis
1253 5137 1394 5199 concavis
1425 5138 1525 5217 imago
1554 5141 1588 5201 fit
1617 5142 1729 5220 maj0r,
1764 5139 1810 5201 sio
1838 5150 1873 5201 et
1894 5139 1926 5201 in
