4584 6192
977 494 1058 615 capus
1076 549 1121 600 ιν.
1141 549 1165 600 l.
1688 547 1750 622 177

391 725 529 788 contulit.
576 701 787 788 Rothmannns
816 736 940 806 arrepta
967 727 1124 790 occasione
1149 747 1184 790 eo
1208 728 1273 807 ipso
1302 730 1425 809 negavit
1455 732 1548 794 ullum
1576 752 1644 794 esse
1668 734 1750 796 ae'ris

391 825 425 877 et
447 814 584 876 aetheris
607 814 781 889 discrimen,
807 818 884 895 qnod
908 817 991 877 nulla
1013 816 1170 895 contingat
1193 817 1350 892 refractio,
1376 838 1452 897 quae
1476 821 1595 898 quidem
1618 823 1647 883 in
1672 824 1749 885 hanc
1846 809 1850 817 ¹

391 922 515 965 causam
540 904 672 965 conferri
695 914 810 985 posset.
849 904 1002 985 Sphaeras
1024 906 1103 966 enirn
1127 906 1237 967 circulo
1262 906 1417 981 committi,
1443 908 1589 987 siquidem
1614 911 1751 973 diversae

393 994 476 1055 sint:
501 992 700 1054 refractiones
715 1012 783 1066 non,
810 994 852 1054 nti
872 1003 1017 1072 parerat,
1042 1013 1227 1072 peromnem
1248 995 1350 1057 circuli
1375 998 1530 1070 ambitum,
1556 999 1610 1059 sed
1635 1007 1751 1061 tantum

392 1100 486 1161 prope
510 1081 699 1143 horizontem
722 1083 906 1161 contingere.
944 1083 1022 1143 Esse
1042 1102 1113 1162 ergo
1137 1083 1335 1145 refractiores
1350 1103 1407 1146 non
1424 1087 1462 1146 ab
1478 1085 1534 1148 hoc
1557 1086 1752 1166 sphaerarum

394 1170 589 1239 discrimine,
623 1171 677 1231 sed
701 1192 720 1231 a
748 1191 840 1234 causa
873 1171 1039 1247 humiliori,
1074 1190 1150 1250 quae
1179 1172 1286 1250 viginti
1318 1174 1462 1252 graduum
1497 1176 1688 1237 altitudinem
1712 1177 1750 1238 ab

395 1259 551 1320 horizonte
575 1278 634 1320 non
659 1269 790 1337 superet.
829 1261 957 1339 Adjuvit
976 1261 1178 1339 inquisitionis
1201 1264 1440 1339 crepusculorum
1465 1265 1553 1336 ratio,
1578 1284 1654 1344 quae
1670 1263 1752 1326 Solis

395 1348 567 1410 occnbitnm
591 1366 685 1426 nsque
709 1349 748 1409 ad
775 1347 833 1412 18υ
852 1359 882 1410 et
907 1346 967 1410 24⁰
989 1349 1225 1428 profunditatem
1250 1350 1439 1413 comitantur.
1487 1350 1644 1413 Conclusit
1668 1371 1749 1431 ergo,

395 1436 516 1515 infringi
540 1437 698 1497 stellarum
723 1437 824 1498 radios
839 1438 868 1497 in
884 1458 921 1498 ea
936 1439 1071 1510 materia,
1098 1456 1174 1516 qnae
1195 1441 1377 1517 crepusculis
1401 1440 1527 1520 praebet
1551 1442 1751 1515 occasionem,

394 1544 482 1605 quarn
502 1534 570 1587 arte
590 1525 774 1604 geometrica
798 1526 1007 1587 demonstrant
1029 1526 1146 1607 physici
1166 1546 1222 1587 non
1244 1546 1385 1606 superare
1405 1528 1560 1590 duodecim
1581 1530 1751 1591 milliarium

396 1612 645 1676 Germanicorum
670 1614 869 1675 altitudinem.

481 1703 552 1766 Non
576 1702 674 1763 defuit
706 1722 816 1764 causae
840 1724 913 1765 snas
937 1703 1058 1783 Tych03
1092 1704 1217 1781 primum
1242 1704 1337 1776 cavit,
1372 1705 1430 1765 sibi
1458 1724 1573 1785 qnoque
1601 1706 1752 1785 geminam

395 1791 488 1853 videri
512 1811 636 1853 cansam
660 1791 891 1854 refractionnm:
917 1792 1043 1870 primam
1068 1813 1087 1852 a
1110 1792 1280 1853 discrimine
1309 1793 1473 1855 mediorum
1497 1794 1576 1855 atris
1605 1795 1752 1856 densioris

396 1890 427 1941 et
449 1881 584 1941 aetheris
609 1881 748 1953 rarioris3
773 1882 917 1955 alteram,
942 1900 1017 1959 quae
1043 1881 1238 1942 refractiones
1262 1901 1354 1961 prope
1383 1882 1565 1943 horizontem
1591 1889 1750 1962 tantopere

396 1969 591 2049 praecipitet,
626 1969 757 2030 residere
787 1990 860 2031 sane
884 1971 913 2030 in
938 1970 1099 2049 vaporibus
1128 1969 1208 2030 circa
1241 1970 1436 2031 horizontem.
1484 1971 1588 2050 Neque
1614 1972 1751 2033 sufficere

396 2059 433 2119 ad
456 2058 631 2119 discrimina
650 2058 729 2119 a'o'ris
750 2068 781 2119 et
805 2060 936 2120 aetheris
961 2058 1180 2129 confundenda,
1205 2069 1237 2118 ut
1261 2059 1491 2133 demonstretur,
1517 2060 1614 2120 nullas
1634 2060 1751 2122 refrac-

396 2147 494 2207 tionts
518 2147 672 2208 radiorum
687 2148 748 2208 fieri
765 2166 857 2226 prope
878 2147 1030 2219 verticem,
1056 2166 1131 2225 qnae
1147 2147 1266 2225 quidem
1291 2148 1445 2208 incurrant
1460 2149 1488 2208 in
1509 2167 1635 2209 sensns:
1661 2167 1751 2227 posse

398 2237 475 2298 enirn
511 2255 580 2297 esse
614 2236 731 2315 aliquas
756 2239 808 2297 sed
843 2236 1051 2303 insensibiles,
1086 2255 1161 2314 qnae
1186 2244 1217 2296 et
1244 2236 1274 2296 in
1308 2237 1372 2314 ipso
1406 2236 1561 2297 horizonte
1592 2236 1751 2298 admodum

395 2344 507 2404 parvae
531 2324 594 2385 sint
623 2325 755 2393 futurae,
791 2326 847 2386 nisi
880 2326 1060 2404 adjuventur
1084 2325 1145 2385 alia
1169 2344 1271 2386 eausa.
1319 2325 1431 2402 Augeri
1461 2344 1531 2386 vero
1563 2325 1662 2386 subito
1686 2345 1752 2387 cnm

396 2414 547 2475 horizonti
580 2414 783 2494 propinquant
813 2415 928 2485 sidera,
962 2414 1000 2474 ob
1030 2432 1177 2493 vapores,
1212 2433 1286 2491 quus
1321 2433 1414 2491 penes
1447 2414 1488 2475 sit
1520 2414 1607 2493 hujus
1641 2433 1751 2476 causae

395 2502 590 2582 principatus.
639 2502 698 2563 Vel
723 2504 800 2563 enirn
826 2522 861 2563 ex
887 2523 921 2563 eo
945 2503 1024 2581 ipsu,
1050 2502 1130 2582 qnod
1152 2501 1363 2562 Rothmannus
1379 2509 1561 2573 monuerat,
1589 2520 1745 2582 apparere,

397 2591 558 2653 transitum
583 2591 676 2652 radiis
705 2592 943 2653 occumbentium
972 2592 1101 2652 siderum
1126 2609 1178 2668 per
1206 2598 1304 2650 abram
1333 2588 1371 2651 12
1397 2591 1538 2652 milliaria
1565 2592 1659 2653 altum
1683 2610 1751 2653 esse

396 2681 534 2759 sextuplo
565 2680 730 2758 longiorem
755 2700 806 2755 eo,
837 2681 886 2759 qni
910 2691 959 2742 est
987 2680 1135 2740 sideribus
1160 2679 1188 2739 in
1218 2679 1378 2740 altitudine
1403 2674 1473 2741 30⁰.
1520 2680 1569 2741 lta
1597 2680 1653 2741 huc
1677 2699 1751 2742 con-

397 2769 506 2843 cessit,
542 2770 582 2829 ad
616 2769 783 2830 metiendos
816 2769 943 2849 angulos
983 2768 1195 2829 refractionum
1235 2787 1410 2829 concurrere
1447 2768 1683 2846 profunditatem
1722 2776 1753 2830 et

396 2857 688 2936 conduplicationem
720 2876 864 2936 vaporum
888 2877 925 2918 ex
954 2857 1073 2936 obliquo
1106 2855 1255 2916 sideribus
1289 2856 1485 2935 objectorum,
1519 2857 1596 2937 quod
1620 2857 1648 2918 in
1673 2857 1751 2918 Pro·

397 2946 616 3028 gymnasmatis
652 2947 702 3007 fol.
735 2943 787 3009 92.
817 2943 869 3007 95.
905 2945 1031 3024 repetit,
1067 2945 1173 3005 addita
1205 2954 1304 3005 tamen
1339 2945 1542 3018 correctione;
1576 2946 1625 3006 ubi
1660 2945 1752 3007 etiam

398 3035 565 3109 existimat,
602 3035 693 3096 nimia
721 3035 796 3096 coeli
831 3035 977 3097 distantia
1009 3035 1171 3095 minutulas
1205 3032 1400 3094 refractiones
1434 3034 1570 3113 aspectui
1603 3034 1750 3108 subtrahi,

398 3125 474 3203 qnod
499 3144 518 3184 a
541 3124 755 3185 refractionnm
788 3123 909 3201 negotio
941 3123 1030 3200 paulo
1060 3131 1108 3182 est
1136 3121 1272 3183 alienius.
1320 3122 1530 3183 Rothmannus
1555 3131 1677 3197 contra,
1711 3140 1749 3183 ne

401 3231 528 3292 vapores
561 3212 678 3292 quidem
703 3213 758 3272 hoc
786 3212 874 3273 rnodo
905 3211 1133 3272 retractionibus
1158 3210 1220 3270 fieri
1246 3229 1377 3272 causam.
1423 3210 1501 3271 Esse
1525 3211 1603 3272 enim
1627 3210 1656 3272 in
1679 3230 1750 3290 per·

400 3302 558 3381 pendiculo
595 3299 634 3362 12
665 3300 836 3362 milliarium
869 3300 1092 3379 profunditate,
1127 3300 1155 3359 in
1187 3298 1340 3360 horizonte
1365 3318 1402 3359 ex
1436 3300 1530 3360 latere
1568 3300 1752 3380 duodecuplo

401 3390 626 3469 profundiores,
658 3390 686 3449 in
716 3388 873 3449 altitudine
900 3385 959 3449 30⁰
991 3388 1139 3466 sextuplo.
1187 3388 1330 3449 Futurum
1364 3388 1469 3466 igitur,
1500 3397 1533 3448 nt
1562 3388 1753 3451 refractionis

402 3480 528 3557 angulus
552 3479 581 3539 in
607 3478 765 3539 altitudine
790 3474 851 3539 30⁰
874 3477 1035 3538 etiamnum
1060 3486 1150 3537 sexte
1173 3495 1243 3554 pars
1268 3476 1308 3536 sit
1331 3477 1526 3538 horizontalis
1550 3478 1751 3551 refractionis,
1822 3499 1828 3507 ·

401 3568 476 3648 qnod
500 3567 549 3627 vel
583 3567 647 3645 ipse
677 3566 778 3646 Tycho
810 3566 945 3640 damnet,
979 3565 1029 3644 qni
1061 3565 1116 3626 hos
1151 3566 1276 3642 angulos
1310 3565 1399 3626 aliter
1430 3566 1467 3626 ab
1501 3566 1688 3644 experientia
1712 3566 1752 3627 sit

402 3655 570 3717 dimensus:
596 3655 730 3734 adeoque
750 3654 866 3733 aliquas
886 3655 1083 3715 refractiones
1102 3672 1194 3732 prope
1217 3654 1312 3732 ipsum
1333 3654 1423 3715 etiam
1437 3654 1580 3715 verticem
1598 3663 1750 3716 venturas.

402 3745 503 3824 ltaque
528 3744 565 3805 de
590 3762 646 3803 sua
669 3743 821 3804 sententia
845 3743 935 3804 alium
959 3742 1085 3804 tradidit
1107 3742 1236 3814 modum,
1263 3742 1312 3822 qui
1336 3761 1462 3820 vapores
1487 3762 1609 3803 causam
1633 3750 1752 3804 statuat

403 3831 650 3906 refractionibus;
684 3839 797 3892 certum
822 3851 889 3892 esse
913 3832 1042 3910 spatium
1073 3830 1204 3891 siderum
1226 3830 1332 3905 radiis,
1366 3830 1444 3910 quod
1468 3831 1675 3907 imperturbati
1697 3848 1752 3912 per

403 3940 528 4001 vapores
553 3921 683 3982 transire
707 3921 843 4000 possint:
869 3922 969 3999 itaque
994 3919 1018 3980 si
1043 3938 1130 3999 quem
1153 3919 1183 3979 in
1208 3920 1304 3980 locum
1328 3918 1494 3998 superficiei
1509 3919 1657 3980 Terrenae
1680 3935 1751 3997 per·

404 4012 522 4072 veniant
543 4009 675 4071 breviori
698 4028 752 4088 per
774 4028 901 4089 vapores
925 4008 1041 4077 itinere,
1066 4027 1154 4088 quam
1174 4017 1223 4068 est
1236 4008 1291 4068 hoc
1308 4009 1447 4089 spatium,
1472 4006 1595 4086 refringi
1618 4006 1749 4069 minime.

405 4096 470 4169 Qua
490 4118 563 4160 vero
589 4118 608 4158 a
631 4099 726 4160 latere
757 4099 905 4160 transitus
934 4097 1063 4176 spatium
1095 4096 1291 4157 constitutum
1325 4105 1460 4176 superet,
1496 4095 1613 4156 omnino
1643 4095 1749 4174 frangi.

404 4187 466 4249 Hoc
496 4196 588 4269 pacto
622 4186 757 4266 speravit
781 4206 813 4247 se
846 4187 967 4267 negotio
1001 4185 1199 4247 satisfecisse.
1246 4184 1346 4246 Multa
1377 4203 1431 4263 pro
1460 4192 1491 4245 et
1523 4192 1627 4245 contra
1660 4183 1751 4257 dicta,

404 4276 566 4356 disputatio
591 4277 668 4337 adeo
696 4276 831 4336 involuta
855 4283 914 4348 est,
941 4283 1044 4336 utine
1069 4274 1120 4335 vix
1149 4272 1316 4352 expediam.
1364 4272 1432 4343 Qua
1455 4272 1484 4333 in
1508 4273 1659 4334 sententia
1681 4281 1753 4353 post

405 4364 477 4426 banc
508 4384 576 4426 cum
599 4363 793 4426 Rothmanno
826 4364 1070 4425 dissertationem
1094 4362 1197 4443 Tychc
1230 4362 1389 4430 manserit,
1423 4361 1517 4422 habes
1550 4361 1579 4421 in
1609 4362 1750 4441 Progym.

405 4460 483 4516 tomo
505 4453 602 4532 primo
626 4453 677 4514 fol.
693 4449 746 4517 92.
794 4451 950 4524 Ceterum,
982 4452 1059 4533 quod
1083 4452 1163 4511 inter
1185 4449 1332 4529 principia
1355 4468 1451 4511 rernm
1475 4449 1751 4511 constituendarum

405 4541 464 4605 lieri
486 4542 575 4611 solet,
600 4541 718 4621 utrique
742 4561 820 4621 aqua
849 4540 957 4602 haesit.
1003 4541 1083 4602 Nam
1107 4540 1133 4601 ei
1158 4538 1316 4618 genuinam
1344 4537 1556 4600 refractionem
1584 4555 1750 4599 mensuram

406 4629 628 4704 adhibuissent,
661 4647 756 4710 neque
781 4630 914 4711 Tychoni
942 4649 1016 4709 opus
1050 4628 1159 4689 fnisset
1191 4627 1323 4705 allegare
1357 4626 1505 4705 geminam
1537 4624 1751 4688 refractionem

406 4738 537 4794 cansam,
567 4718 724 4799 geminata
747 4718 866 4797 inquam
891 4737 1030 4797 corpora,
1056 4718 1185 4778 alterum
1209 4715 1304 4790 aeris,
1329 4716 1456 4776 alterum
1478 4732 1631 4793 vaporum,
1655 4731 1751 4792 neque

406 4804 614 4871 Rothmannns
646 4818 793 4885 negasset
829 4806 1002 4869 insensibile
1039 4804 1191 4884 quippiam
1224 4799 1351 4882 re'fringi
1384 4804 1480 4864 lucem
1518 4802 1609 4863 etiam
1647 4820 1751 4863 versus

407 4896 556 4960 verticem.
608 4895 746 4976 Denique
783 4894 992 4974 apparuisset,
1032 4892 1217 4972 superficiem
1253 4910 1328 4972 quae
1368 4891 1482 4969 frangit
1518 4890 1620 4952 radios
1656 4907 1751 4969 neque
1845 4894 1851 4905 “

408 5002 631 5065 rapornmesse
655 4992 767 5046 temere
791 4982 993 5044 oberrantium
1007 5000 1102 5062 neque
1126 4980 1260 5060 corporis
1284 4980 1411 5058 alicujus
1434 4977 1570 5040 sublimis
1594 4978 1633 5039 ad
1647 4978 1752 5040 Lunae

405 5073 539 5148 confinia,
563 5072 620 5136 sed
640 5074 731 5153 plane
754 5071 833 5135 aeris
857 5071 933 5152 ejus,
958 5070 987 5132 in
1012 5088 1069 5150 qno
1092 5088 1148 5132 nos
1172 5067 1306 5132 homines
1329 5067 1465 5148 spiritum
1490 5085 1557 5128 eum
1581 5066 1609 5127 in
1635 5066 1753 5130 urodnm

456 5174 681 5229 morian.
1507 5167 1541 5222 12
