<?xml version="1.0" encoding="UTF-8"?>
<!DOCTYPE html PUBLIC "-//W3C//DTD XHTML 1.0 Transitional//EN"
    "http://www.w3.org/TR/xhtml1/DTD/xhtml1-transitional.dtd">
<html xmlns="http://www.w3.org/1999/xhtml" xml:lang="en" lang="en">
 <head>
  <title>
</title>
<meta http-equiv="Content-Type" content="text/html;charset=utf-8" />
  <meta name='ocr-system' content='tesseract 3.04.00' />
  <meta name='ocr-capabilities' content='ocr_page ocr_carea ocr_par ocr_line ocrx_word'/>
</head>
<body>
  <div class='ocr_page' id='page_1' title='image "./joanniskepleria02frisgoog_0022.png"; bbox 0 0 4584 6192; ppageno 0'>
   <div class='ocr_carea' id='block_1_1' title="bbox 969 571 1213 638">
    <p class='ocr_par' dir='ltr' id='par_1_1' title="bbox 969 571 1213 638">
     <span class='ocr_line' id='line_1_1' title="bbox 969 571 1213 638; baseline -0.012 -12"><span class='ocrx_word' id='word_1_1' title='bbox 969 574 1091 626; x_wconf 81' lang='lat' dir='ltr'><strong>derebus</strong></span> <span class='ocrx_word' id='word_1_2' title='bbox 1109 571 1213 638; x_wconf 72' lang='lat' dir='ltr'><strong>Opb&#39;aia.</strong></span> 
     </span>
    </p>
   </div>
   <div class='ocr_carea' id='block_1_2' title="bbox 409 747 1411 1186">
    <p class='ocr_par' dir='ltr' id='par_1_2' title="bbox 409 747 1411 1186">
     <span class='ocr_line' id='line_1_2' title="bbox 412 747 1266 838; baseline -0.011 -21"><span class='ocrx_word' id='word_1_3' title='bbox 412 755 440 818; x_wconf 92' lang='lat' dir='ltr'><strong>iu</strong></span> <span class='ocrx_word' id='word_1_4' title='bbox 453 763 587 835; x_wconf 87' lang='lat' dir='ltr'><strong>puncto,</strong></span> <span class='ocrx_word' id='word_1_5' title='bbox 612 757 694 838; x_wconf 89' lang='lat' dir='ltr'><strong>quod</strong></span> <span class='ocrx_word' id='word_1_6' title='bbox 716 764 765 819; x_wconf 87' lang='lat' dir='ltr'><strong>est</strong></span> <span class='ocrx_word' id='word_1_7' title='bbox 778 776 798 817; x_wconf 89' lang='lat' dir='ltr'><strong>a</strong></span> <span class='ocrx_word' id='word_1_8' title='bbox 811 756 905 818; x_wconf 90' lang='lat' dir='ltr'><strong>Terra</strong></span> <span class='ocrx_word' id='word_1_9' title='bbox 919 750 1160 815; x_wconf 87' lang='lat' dir='ltr'><strong>remotissimum.</strong></span> <span class='ocrx_word' id='word_1_10' title='bbox 1190 747 1266 809; x_wconf 89' lang='lat' dir='ltr'><strong>Dico</strong></span> 
     </span>
     <span class='ocr_line' id='line_1_3' title="bbox 411 836 1373 923; baseline -0.012 -17"><span class='ocrx_word' id='word_1_11' title='bbox 411 846 566 923; x_wconf 89' lang='lat' dir='ltr'><strong>planetam</strong></span> <span class='ocrx_word' id='word_1_12' title='bbox 591 846 633 909; x_wconf 93' lang='lat' dir='ltr'><strong>ibi</strong></span> <span class='ocrx_word' id='word_1_13' title='bbox 659 854 721 907; x_wconf 90' lang='lat' dir='ltr'><strong>tam</strong></span> <span class='ocrx_word' id='word_1_14' title='bbox 737 845 849 905; x_wconf 90' lang='lat' dir='ltr'><strong>lentum</strong></span> <span class='ocrx_word' id='word_1_15' title='bbox 872 843 1024 913; x_wconf 81' lang='lat' dir='ltr'>incedere,</span> <span class='ocrx_word' id='word_1_16' title='bbox 1049 859 1084 901; x_wconf 90' lang='lat' dir='ltr'><strong>nc</strong></span> <span class='ocrx_word' id='word_1_17' title='bbox 1100 839 1126 900; x_wconf 90' lang='lat' dir='ltr'><strong>si</strong></span> <span class='ocrx_word' id='word_1_18' title='bbox 1141 836 1266 898; x_wconf 89' lang='lat' dir='ltr'><strong>celerior</strong></span> <span class='ocrx_word' id='word_1_19' title='bbox 1369 861 1373 870; x_wconf 69' lang='lat'><strong><em>¹</em></strong></span> 
     </span>
     <span class='ocr_line' id='line_1_4' title="bbox 412 925 1379 1024; baseline -0.009 -31"><span class='ocrx_word' id='word_1_20' title='bbox 412 934 548 995; x_wconf 78' lang='lat' dir='ltr'><strong>existens</strong></span> <span class='ocrx_word' id='word_1_21' title='bbox 572 934 690 1014; x_wconf 87' lang='lat' dir='ltr'><strong>(qualia</strong></span> <span class='ocrx_word' id='word_1_22' title='bbox 713 932 743 994; x_wconf 90' lang='lat' dir='ltr'><strong>iu</strong></span> <span class='ocrx_word' id='word_1_23' title='bbox 762 933 793 993; x_wconf 88' lang='lat' dir='ltr'><strong>V</strong></span> <span class='ocrx_word' id='word_1_24' title='bbox 816 932 882 994; x_wconf 92' lang='lat' dir='ltr'><strong>loco</strong></span> <span class='ocrx_word' id='word_1_25' title='bbox 905 928 1062 993; x_wconf 87' lang='lat' dir='ltr'><strong>mediocris</strong></span> <span class='ocrx_word' id='word_1_26' title='bbox 1086 925 1264 994; x_wconf 75' lang='lat' dir='ltr'><strong>distantiae)</strong></span> <span class='ocrx_word' id='word_1_27' title='bbox 1364 999 1379 1024; x_wconf 38' lang='grc'><em>1</em></span> 
     </span>
     <span class='ocr_line' id='line_1_5' title="bbox 410 1014 1411 1099; baseline -0.008 -18"><span class='ocrx_word' id='word_1_28' title='bbox 410 1031 544 1083; x_wconf 85' lang='lat' dir='ltr'><strong>curreret</strong></span> <span class='ocrx_word' id='word_1_29' title='bbox 558 1022 590 1085; x_wconf 89' lang='lat' dir='ltr'><strong>in</strong></span> <span class='ocrx_word' id='word_1_30' title='bbox 607 1024 647 1085; x_wconf 88' lang='lat' dir='ltr'><strong>H.</strong></span> <span class='ocrx_word' id='word_1_31' title='bbox 661 1021 786 1085; x_wconf 87' lang='lat' dir='ltr'><strong>Numeri</strong></span> <span class='ocrx_word' id='word_1_32' title='bbox 809 1021 847 1082; x_wconf 89' lang='lat' dir='ltr'><strong>ad</strong></span> <span class='ocrx_word' id='word_1_33' title='bbox 871 1028 1001 1081; x_wconf 85' lang='lat' dir='ltr'><strong>mentem</strong></span> <span class='ocrx_word' id='word_1_34' title='bbox 1015 1014 1166 1099; x_wconf 82' lang='lat' dir='ltr'><strong>Tychouis</strong></span> <span class='ocrx_word' id='word_1_35' title='bbox 1188 1032 1264 1076; x_wconf 89' lang='lat' dir='ltr'><strong>con·</strong></span> <span class='ocrx_word' id='word_1_36' title='bbox 1388 1063 1411 1084; x_wconf 69' lang='grc'>,</span> 
     </span>
     <span class='ocr_line' id='line_1_6' title="bbox 409 1108 1262 1186; baseline -0.008 -16"><span class='ocrx_word' id='word_1_37' title='bbox 409 1109 524 1172; x_wconf 91' lang='lat' dir='ltr'><strong>cinnnti</strong></span> <span class='ocrx_word' id='word_1_38' title='bbox 547 1109 594 1172; x_wconf 84' lang='lat' dir='ltr'><strong>sic</strong></span> <span class='ocrx_word' id='word_1_39' title='bbox 617 1110 745 1178; x_wconf 84' lang='lat' dir='ltr'><strong>babent,</strong></span> <span class='ocrx_word' id='word_1_40' title='bbox 769 1116 805 1170; x_wconf 90' lang='lat' dir='ltr'><strong>ut</strong></span> <span class='ocrx_word' id='word_1_41' title='bbox 825 1109 851 1169; x_wconf 92' lang='lat' dir='ltr'><strong>si</strong></span> <span class='ocrx_word' id='word_1_42' title='bbox 875 1108 933 1170; x_wconf 91' lang='lat' dir='ltr'><strong>BV</strong></span> <span class='ocrx_word' id='word_1_43' title='bbox 952 1108 1082 1186; x_wconf 83' lang='lat' dir='ltr'><strong>fingatur</strong></span> <span class='ocrx_word' id='word_1_44' title='bbox 1105 1124 1172 1165; x_wconf 88' lang='lat' dir='ltr'><strong>esse</strong></span> <span class='ocrx_word' id='word_1_45' title='bbox 1188 1121 1262 1181; x_wconf 91' lang='lat' dir='ltr'><strong>par-</strong></span> 
     </span>
    </p>
   </div>
   <div class='ocr_carea' id='block_1_3' title="bbox 408 1184 1262 1363">
    <p class='ocr_par' dir='ltr' id='par_1_3' title="bbox 408 1184 1262 1363">
     <span class='ocr_line' id='line_1_7' title="bbox 411 1184 1261 1272; baseline -0.005 -14"><span class='ocrx_word' id='word_1_46' title='bbox 411 1198 484 1259; x_wconf 89' lang='lat' dir='ltr'><strong>tium</strong></span> <span class='ocrx_word' id='word_1_47' title='bbox 511 1195 657 1272; x_wconf 87' lang='grc'>100000,</span> <span class='ocrx_word' id='word_1_48' title='bbox 680 1199 734 1259; x_wconf 85' lang='lat' dir='ltr'><strong>liat</strong></span> <span class='ocrx_word' id='word_1_49' title='bbox 754 1196 807 1258; x_wconf 82' lang='lat' dir='ltr'><strong>AB</strong></span> <span class='ocrx_word' id='word_1_50' title='bbox 827 1196 1038 1259; x_wconf 86' lang='lat' dir='ltr'><strong>eccentricitas</strong></span> <span class='ocrx_word' id='word_1_51' title='bbox 1053 1184 1141 1258; x_wconf 78' lang='lat'>2877</span> <span class='ocrx_word' id='word_1_52' title='bbox 1156 1193 1261 1255; x_wconf 89' lang='lat' dir='ltr'><strong>harum</strong></span> 
     </span>
     <span class='ocr_line' id='line_1_8' title="bbox 408 1282 1262 1363; baseline -0.001 -17"><span class='ocrx_word' id='word_1_53' title='bbox 408 1286 551 1362; x_wconf 90' lang='lat' dir='ltr'><strong>partium.</strong></span> <span class='ocrx_word' id='word_1_54' title='bbox 604 1285 667 1349; x_wconf 88' lang='lat' dir='ltr'><strong>Sed</strong></span> <span class='ocrx_word' id='word_1_55' title='bbox 689 1283 747 1348; x_wconf 84' lang='lat' dir='ltr'><strong>Ac</strong></span> <span class='ocrx_word' id='word_1_56' title='bbox 772 1285 901 1348; x_wconf 76' lang='lat' dir='ltr'><strong>altitudo</strong></span> <span class='ocrx_word' id='word_1_57' title='bbox 938 1283 1032 1346; x_wconf 87' lang='lat' dir='ltr'><strong>centri</strong></span> <span class='ocrx_word' id='word_1_58' title='bbox 1065 1282 1262 1363; x_wconf 78' lang='lat' dir='ltr'><strong>aequalitatis</strong></span> 
     </span>
    </p>
   </div>
   <div class='ocr_carea' id='block_1_4' title="bbox 406 1460 1259 1984">
    <p class='ocr_par' dir='ltr' id='par_1_4' title="bbox 408 1460 1259 1615">
     <span class='ocr_line' id='line_1_9' title="bbox 408 1460 1259 1544; baseline -0.001 -22"><span class='ocrx_word' id='word_1_59' title='bbox 408 1463 486 1523; x_wconf 87' lang='lat' dir='ltr'><strong>citur·</strong></span> <span class='ocrx_word' id='word_1_60' title='bbox 510 1482 530 1522; x_wconf 92' lang='lat' dir='ltr'><strong>a</strong></span> <span class='ocrx_word' id='word_1_61' title='bbox 553 1463 695 1544; x_wconf 83' lang='lat' dir='ltr'><strong>Tychone</strong></span> <span class='ocrx_word' id='word_1_62' title='bbox 718 1463 749 1524; x_wconf 92' lang='lat' dir='ltr'><strong>in</strong></span> <span class='ocrx_word' id='word_1_63' title='bbox 764 1463 821 1524; x_wconf 93' lang='lat' dir='ltr'><strong>BV</strong></span> <span class='ocrx_word' id='word_1_64' title='bbox 846 1463 1070 1524; x_wconf 84' lang='lat' dir='ltr'><strong>semidiametro</strong></span> <span class='ocrx_word' id='word_1_65' title='bbox 1094 1460 1175 1522; x_wconf 90' lang='lat' dir='ltr'><strong>orbis</strong></span> <span class='ocrx_word' id='word_1_66' title='bbox 1195 1460 1259 1522; x_wconf 90' lang='lat' dir='ltr'><strong>Lu-</strong></span> 
     </span>
     <span class='ocr_line' id='line_1_10' title="bbox 412 1549 768 1615; baseline 0.003 -4"><span class='ocrx_word' id='word_1_67' title='bbox 412 1569 469 1612; x_wconf 86' lang='lat' dir='ltr'><strong>nae</strong></span> <span class='ocrx_word' id='word_1_68' title='bbox 493 1552 642 1613; x_wconf 82' lang='lat' dir='ltr'><strong>contineri</strong></span> <span class='ocrx_word' id='word_1_69' title='bbox 666 1549 768 1615; x_wconf 57' lang='grc'>57001.</span> 
     </span>
    </p>

    <p class='ocr_par' dir='ltr' id='par_1_5' title="bbox 406 1636 1259 1984">
     <span class='ocr_line' id='line_1_11' title="bbox 480 1636 1259 1719; baseline 0.004 -19"><span class='ocrx_word' id='word_1_70' title='bbox 480 1638 614 1719; x_wconf 79' lang='lat' dir='ltr'><strong>Jamque</strong></span> <span class='ocrx_word' id='word_1_71' title='bbox 640 1640 782 1701; x_wconf 87' lang='lat' dir='ltr'><strong>absoluta</strong></span> <span class='ocrx_word' id='word_1_72' title='bbox 812 1646 898 1699; x_wconf 87' lang='lat' dir='ltr'><strong>esset</strong></span> <span class='ocrx_word' id='word_1_73' title='bbox 930 1636 1093 1715; x_wconf 80' lang='lat' dir='ltr'><strong>explicatio</strong></span> <span class='ocrx_word' id='word_1_74' title='bbox 1125 1645 1259 1703; x_wconf 87' lang='lat' dir='ltr'><strong>urotunm</strong></span> 
     </span>
     <span class='ocr_line' id='line_1_12' title="bbox 407 1724 1257 1808; baseline 0.005 -22"><span class='ocrx_word' id='word_1_75' title='bbox 407 1726 585 1802; x_wconf 90' lang='lat' dir='ltr'><strong>Lunarium,</strong></span> <span class='ocrx_word' id='word_1_76' title='bbox 610 1736 758 1808; x_wconf 87' lang='lat' dir='ltr'><strong>quatenus</strong></span> <span class='ocrx_word' id='word_1_77' title='bbox 782 1726 834 1788; x_wconf 88' lang='lat' dir='ltr'><strong>illa</strong></span> <span class='ocrx_word' id='word_1_78' title='bbox 858 1726 943 1788; x_wconf 88' lang='lat' dir='ltr'><strong>nobis</strong></span> <span class='ocrx_word' id='word_1_79' title='bbox 959 1744 1034 1804; x_wconf 89' lang='lat' dir='ltr'><strong>opus</strong></span> <span class='ocrx_word' id='word_1_80' title='bbox 1058 1732 1107 1787; x_wconf 89' lang='lat' dir='ltr'><strong>est</strong></span> <span class='ocrx_word' id='word_1_81' title='bbox 1129 1724 1157 1786; x_wconf 94' lang='lat' dir='ltr'><strong>in</strong></span> <span class='ocrx_word' id='word_1_82' title='bbox 1173 1745 1257 1790; x_wconf 88' lang='lat' dir='ltr'><strong>oom-</strong></span> 
     </span>
     <span class='ocr_line' id='line_1_13' title="bbox 408 1813 1257 1895; baseline 0 -19"><span class='ocrx_word' id='word_1_83' title='bbox 408 1815 551 1892; x_wconf 81' lang='lat' dir='ltr'><strong>putaudis</strong></span> <span class='ocrx_word' id='word_1_84' title='bbox 576 1815 834 1895; x_wconf 87' lang='lat' dir='ltr'><strong>conjunctionibus</strong></span> <span class='ocrx_word' id='word_1_85' title='bbox 857 1822 890 1876; x_wconf 87' lang='lat' dir='ltr'><strong>et</strong></span> <span class='ocrx_word' id='word_1_86' title='bbox 904 1813 1143 1895; x_wconf 89' lang='lat' dir='ltr'><strong>oppositionibus</strong></span> <span class='ocrx_word' id='word_1_87' title='bbox 1167 1814 1257 1877; x_wconf 92' lang='lat' dir='ltr'><strong>lumi-</strong></span> 
     </span>
     <span class='ocr_line' id='line_1_14' title="bbox 406 1901 1258 1984; baseline 0.004 -21"><span class='ocrx_word' id='word_1_88' title='bbox 406 1903 538 1976; x_wconf 88' lang='lat' dir='ltr'><strong>narium,</strong></span> <span class='ocrx_word' id='word_1_89' title='bbox 573 1904 630 1965; x_wconf 84' lang='lat' dir='ltr'><strong>uisi</strong></span> <span class='ocrx_word' id='word_1_90' title='bbox 654 1904 782 1984; x_wconf 88' lang='lat' dir='ltr'><strong>eclipses</strong></span> <span class='ocrx_word' id='word_1_91' title='bbox 814 1903 945 1981; x_wconf 89' lang='lat' dir='ltr'><strong>spatium</strong></span> <span class='ocrx_word' id='word_1_92' title='bbox 973 1901 1088 1981; x_wconf 88' lang='lat' dir='ltr'><strong>aliquot</strong></span> <span class='ocrx_word' id='word_1_93' title='bbox 1118 1901 1258 1966; x_wconf 89' lang='lat' dir='ltr'><strong>horarum</strong></span> 
     </span>
    </p>
   </div>
   <div class='ocr_carea' id='block_1_5' title="bbox 406 1958 1608 2071">
    <p class='ocr_par' dir='ltr' id='par_1_6' title="bbox 406 1958 1608 2071">
     <span class='ocr_line' id='line_1_15' title="bbox 406 1958 1608 2071; baseline 0 -22"><span class='ocrx_word' id='word_1_94' title='bbox 406 2002 593 2070; x_wconf 81' lang='lat' dir='ltr'><strong>occuparent</strong></span> <span class='ocrx_word' id='word_1_95' title='bbox 615 2001 648 2053; x_wconf 91' lang='lat' dir='ltr'><strong>et</strong></span> <span class='ocrx_word' id='word_1_96' title='bbox 670 1992 714 2052; x_wconf 87' lang='lat' dir='ltr'><strong>sic</strong></span> <span class='ocrx_word' id='word_1_97' title='bbox 738 1999 809 2052; x_wconf 87' lang='lat' dir='ltr'><strong>ante</strong></span> <span class='ocrx_word' id='word_1_98' title='bbox 832 2000 954 2071; x_wconf 88' lang='lat' dir='ltr'><strong>etpost</strong></span> <span class='ocrx_word' id='word_1_99' title='bbox 981 2009 1083 2051; x_wconf 87' lang='lat' dir='ltr'><strong>veram</strong></span> <span class='ocrx_word' id='word_1_100' title='bbox 1111 1991 1257 2071; x_wconf 89' lang='lat' dir='ltr'><strong>conjunc·</strong></span> <span class='ocrx_word' id='word_1_101' title='bbox 1450 1958 1466 2020; x_wconf 74' lang='grc'>0</span> <span class='ocrx_word' id='word_1_102' title='bbox 1591 1968 1608 2015; x_wconf 69' lang='grc'>0</span> 
     </span>
    </p>
   </div>
   <div class='ocr_carea' id='block_1_6' title="bbox 405 2077 1770 2689">
    <p class='ocr_par' dir='ltr' id='par_1_7' title="bbox 405 2077 1770 2689">
     <span class='ocr_line' id='line_1_16' title="bbox 409 2077 1769 2166; baseline 0.006 -27"><span class='ocrx_word' id='word_1_103' title='bbox 409 2080 522 2141; x_wconf 80' lang='lat' dir='ltr'><strong>tionem</strong></span> <span class='ocrx_word' id='word_1_104' title='bbox 545 2081 789 2141; x_wconf 84' lang='lat' dir='ltr'><strong>extenderentur.</strong></span> <span class='ocrx_word' id='word_1_105' title='bbox 837 2077 904 2149; x_wconf 82' lang='lat' dir='ltr'><strong>Quo</strong></span> <span class='ocrx_word' id='word_1_106' title='bbox 929 2079 1048 2142; x_wconf 91' lang='lat' dir='ltr'><strong>nomine</strong></span> <span class='ocrx_word' id='word_1_107' title='bbox 1073 2097 1147 2158; x_wconf 88' lang='lat' dir='ltr'><strong>opus</strong></span> <span class='ocrx_word' id='word_1_108' title='bbox 1181 2088 1229 2142; x_wconf 86' lang='lat' dir='ltr'><strong>est</strong></span> <span class='ocrx_word' id='word_1_109' title='bbox 1251 2080 1423 2161; x_wconf 79' lang='lat' dir='ltr'><strong>cognitione</strong></span> <span class='ocrx_word' id='word_1_110' title='bbox 1447 2103 1544 2146; x_wconf 85' lang='lat' dir='ltr'><strong>novae</strong></span> <span class='ocrx_word' id='word_1_111' title='bbox 1568 2085 1696 2166; x_wconf 89' lang='lat' dir='ltr'><strong>alicujus</strong></span> <span class='ocrx_word' id='word_1_112' title='bbox 1720 2086 1769 2147; x_wconf 89' lang='lat' dir='ltr'><strong>in·</strong></span> 
     </span>
     <span class='ocr_line' id='line_1_17' title="bbox 406 2165 1769 2256; baseline 0.006 -28"><span class='ocrx_word' id='word_1_113' title='bbox 406 2167 615 2246; x_wconf 83' lang='lat' dir='ltr'><strong>aequalitatis.</strong></span> <span class='ocrx_word' id='word_1_114' title='bbox 646 2168 768 2230; x_wconf 85' lang='lat' dir='ltr'><strong>Etenim</strong></span> <span class='ocrx_word' id='word_1_115' title='bbox 786 2167 994 2243; x_wconf 90' lang='lat' dir='ltr'><strong>Ptolemaeus,</strong></span> <span class='ocrx_word' id='word_1_116' title='bbox 1020 2165 1205 2246; x_wconf 87' lang='lat' dir='ltr'><strong>Cupernicus</strong></span> <span class='ocrx_word' id='word_1_117' title='bbox 1220 2177 1252 2231; x_wconf 87' lang='lat' dir='ltr'><strong>et</strong></span> <span class='ocrx_word' id='word_1_118' title='bbox 1265 2170 1367 2250; x_wconf 80' lang='lat' dir='ltr'><strong>Tycha</strong></span> <span class='ocrx_word' id='word_1_119' title='bbox 1382 2171 1626 2252; x_wconf 88' lang='lat' dir='ltr'><strong>deprehendunt,</strong></span> <span class='ocrx_word' id='word_1_120' title='bbox 1651 2193 1769 2256; x_wconf 88' lang='lat' dir='ltr'><strong>aequa·</strong></span> 
     </span>
     <span class='ocr_line' id='line_1_18' title="bbox 408 2253 1770 2338; baseline 0.007 -23"><span class='ocrx_word' id='word_1_121' title='bbox 408 2256 506 2316; x_wconf 88' lang='lat' dir='ltr'><strong>tiones</strong></span> <span class='ocrx_word' id='word_1_122' title='bbox 532 2255 637 2318; x_wconf 86' lang='lat' dir='ltr'><strong>Lunae</strong></span> <span class='ocrx_word' id='word_1_123' title='bbox 671 2275 729 2319; x_wconf 93' lang='lat' dir='ltr'><strong>nou</strong></span> <span class='ocrx_word' id='word_1_124' title='bbox 764 2257 896 2318; x_wconf 75' lang='lat' dir='ltr'><strong>mamni</strong></span> <span class='ocrx_word' id='word_1_125' title='bbox 930 2276 996 2318; x_wconf 88' lang='lat' dir='ltr'><strong>curu</strong></span> <span class='ocrx_word' id='word_1_126' title='bbox 1020 2253 1093 2318; x_wconf 89' lang='lat' dir='ltr'><strong>Sole</strong></span> <span class='ocrx_word' id='word_1_127' title='bbox 1117 2256 1352 2338; x_wconf 81' lang='lat' dir='ltr'><strong>configuratione</strong></span> <span class='ocrx_word' id='word_1_128' title='bbox 1385 2279 1507 2324; x_wconf 91' lang='lat' dir='ltr'><strong>manere</strong></span> <span class='ocrx_word' id='word_1_129' title='bbox 1540 2261 1677 2337; x_wconf 89' lang='lat' dir='ltr'><strong>easdem,</strong></span> <span class='ocrx_word' id='word_1_130' title='bbox 1715 2262 1770 2325; x_wconf 89' lang='lat' dir='ltr'><strong>sad</strong></span> 
     </span>
     <span class='ocr_line' id='line_1_19' title="bbox 405 2343 1769 2431; baseline 0.005 -27"><span class='ocrx_word' id='word_1_131' title='bbox 405 2344 552 2423; x_wconf 87' lang='lat' dir='ltr'><strong>paulatim</strong></span> <span class='ocrx_word' id='word_1_132' title='bbox 577 2345 698 2426; x_wconf 87' lang='lat' dir='ltr'><strong>augeri,</strong></span> <span class='ocrx_word' id='word_1_133' title='bbox 729 2345 818 2408; x_wconf 88' lang='lat' dir='ltr'><strong>Luna</strong></span> <span class='ocrx_word' id='word_1_134' title='bbox 840 2365 878 2407; x_wconf 82' lang='lat' dir='ltr'><strong>ex</strong></span> <span class='ocrx_word' id='word_1_135' title='bbox 901 2343 1090 2425; x_wconf 88' lang='lat' dir='ltr'><strong>oppositione</strong></span> <span class='ocrx_word' id='word_1_136' title='bbox 1119 2344 1168 2406; x_wconf 89' lang='lat' dir='ltr'><strong>vel</strong></span> <span class='ocrx_word' id='word_1_137' title='bbox 1201 2347 1411 2427; x_wconf 88' lang='lat' dir='ltr'><strong>conjunctione</strong></span> <span class='ocrx_word' id='word_1_138' title='bbox 1439 2349 1468 2412; x_wconf 90' lang='lat' dir='ltr'><strong>iu</strong></span> <span class='ocrx_word' id='word_1_139' title='bbox 1493 2349 1694 2431; x_wconf 90' lang='lat' dir='ltr'><strong>quadraturas</strong></span> <span class='ocrx_word' id='word_1_140' title='bbox 1718 2350 1769 2413; x_wconf 92' lang='lat' dir='ltr'><strong>di-</strong></span> 
     </span>
     <span class='ocr_line' id='line_1_20' title="bbox 406 2433 1660 2512; baseline 0.006 -19"><span class='ocrx_word' id='word_1_141' title='bbox 406 2433 576 2512; x_wconf 83' lang='lat' dir='ltr'><strong>grediente.</strong></span> <span class='ocrx_word' id='word_1_142' title='bbox 1658 2487 1660 2492; x_wconf 88' lang='lat'><strong>.</strong></span> 
     </span>
     <span class='ocr_line' id='line_1_21' title="bbox 496 2519 1766 2605; baseline 0.003 -21"><span class='ocrx_word' id='word_1_143' title='bbox 496 2519 551 2584; x_wconf 89' lang='lat' dir='ltr'><strong>Sic</strong></span> <span class='ocrx_word' id='word_1_144' title='bbox 575 2521 653 2584; x_wconf 91' lang='lat' dir='ltr'><strong>enim</strong></span> <span class='ocrx_word' id='word_1_145' title='bbox 677 2539 716 2582; x_wconf 85' lang='lat' dir='ltr'><strong>ex</strong></span> <span class='ocrx_word' id='word_1_146' title='bbox 738 2539 789 2583; x_wconf 90' lang='lat' dir='ltr'><strong>ore</strong></span> <span class='ocrx_word' id='word_1_147' title='bbox 813 2520 965 2600; x_wconf 85' lang='lat' dir='ltr'><strong>Tyohonis</strong></span> <span class='ocrx_word' id='word_1_148' title='bbox 989 2520 1105 2596; x_wconf 90' lang='lat' dir='ltr'><strong>andivi,</strong></span> <span class='ocrx_word' id='word_1_149' title='bbox 1129 2522 1290 2584; x_wconf 77' lang='lat' dir='ltr'><strong>maximam</strong></span> <span class='ocrx_word' id='word_1_150' title='bbox 1313 2522 1346 2586; x_wconf 94' lang='lat' dir='ltr'><strong>in</strong></span> <span class='ocrx_word' id='word_1_151' title='bbox 1368 2522 1630 2603; x_wconf 88' lang='lat' dir='ltr'><strong>conjunctionibus</strong></span> <span class='ocrx_word' id='word_1_152' title='bbox 1654 2532 1686 2586; x_wconf 90' lang='lat' dir='ltr'><strong>st</strong></span> <span class='ocrx_word' id='word_1_153' title='bbox 1709 2543 1766 2605; x_wconf 91' lang='lat' dir='ltr'><strong>op-</strong></span> 
     </span>
     <span class='ocr_line' id='line_1_22' title="bbox 405 2603 1767 2689; baseline 0.002 -18"><span class='ocrx_word' id='word_1_154' title='bbox 405 2609 610 2689; x_wconf 78' lang='lat' dir='ltr'><strong>positionibus</strong></span> <span class='ocrx_word' id='word_1_155' title='bbox 639 2609 848 2689; x_wconf 84' lang='lat' dir='ltr'><strong>aequationem</strong></span> <span class='ocrx_word' id='word_1_156' title='bbox 878 2629 944 2670; x_wconf 88' lang='lat' dir='ltr'><strong>esse</strong></span> <span class='ocrx_word' id='word_1_157' title='bbox 965 2603 1005 2671; x_wconf 97' lang='grc'>40</span> <span class='ocrx_word' id='word_1_158' title='bbox 1027 2607 1099 2683; x_wconf 74' lang='grc'>580,</span> <span class='ocrx_word' id='word_1_159' title='bbox 1133 2618 1248 2689; x_wconf 90' lang='lat' dir='ltr'><strong>quanta</strong></span> <span class='ocrx_word' id='word_1_160' title='bbox 1281 2618 1331 2673; x_wconf 88' lang='lat' dir='ltr'><strong>est</strong></span> <span class='ocrx_word' id='word_1_161' title='bbox 1364 2620 1401 2673; x_wconf 81' lang='lat' dir='ltr'><strong>et</strong></span> <span class='ocrx_word' id='word_1_162' title='bbox 1426 2612 1559 2675; x_wconf 84' lang='lat' dir='ltr'><strong>maxima</strong></span> <span class='ocrx_word' id='word_1_163' title='bbox 1584 2614 1713 2676; x_wconf 87' lang='lat' dir='ltr'><strong>latitudo</strong></span> <span class='ocrx_word' id='word_1_164' title='bbox 1737 2614 1767 2675; x_wconf 93' lang='lat' dir='ltr'><strong>iu</strong></span> 
     </span>
    </p>
   </div>
   <div class='ocr_carea' id='block_1_7' title="bbox 403 2697 1810 5163">
    <p class='ocr_par' dir='ltr' id='par_1_8' title="bbox 406 2697 1768 2955">
     <span class='ocr_line' id='line_1_23' title="bbox 408 2697 1768 2781; baseline 0.002 -22"><span class='ocrx_word' id='word_1_165' title='bbox 408 2698 482 2759; x_wconf 89' lang='lat' dir='ltr'><strong>locis</strong></span> <span class='ocrx_word' id='word_1_166' title='bbox 508 2698 628 2760; x_wconf 87' lang='lat' dir='ltr'><strong>iisdem.</strong></span> <span class='ocrx_word' id='word_1_167' title='bbox 647 2697 694 2759; x_wconf 80' lang='lat' dir='ltr'><strong>m</strong></span> <span class='ocrx_word' id='word_1_168' title='bbox 715 2697 745 2758; x_wconf 89' lang='lat' dir='ltr'><strong>in</strong></span> <span class='ocrx_word' id='word_1_169' title='bbox 769 2697 961 2778; x_wconf 85' lang='lat' dir='ltr'><strong>quadraturis</strong></span> <span class='ocrx_word' id='word_1_170' title='bbox 985 2716 1159 2761; x_wconf 83' lang='lat' dir='ltr'><strong>excrescere</strong></span> <span class='ocrx_word' id='word_1_171' title='bbox 1184 2700 1380 2778; x_wconf 88' lang='lat' dir='ltr'><strong>aequationes</strong></span> <span class='ocrx_word' id='word_1_172' title='bbox 1404 2720 1497 2781; x_wconf 90' lang='lat' dir='ltr'><strong>usque</strong></span> <span class='ocrx_word' id='word_1_173' title='bbox 1521 2702 1560 2764; x_wconf 93' lang='lat' dir='ltr'><strong>ad</strong></span> <span class='ocrx_word' id='word_1_174' title='bbox 1576 2698 1695 2776; x_wconf 81' lang='grc'>7048’;</span> <span class='ocrx_word' id='word_1_175' title='bbox 1721 2703 1768 2763; x_wconf 94' lang='lat' dir='ltr'><strong>la-</strong></span> 
     </span>
     <span class='ocr_line' id='line_1_24' title="bbox 407 2783 1768 2867; baseline 0.002 -20"><span class='ocrx_word' id='word_1_176' title='bbox 407 2786 555 2848; x_wconf 88' lang='lat' dir='ltr'><strong>titudines</strong></span> <span class='ocrx_word' id='word_1_177' title='bbox 570 2799 643 2849; x_wconf 83' lang='lat' dir='ltr'><strong>verb</strong></span> <span class='ocrx_word' id='word_1_178' title='bbox 667 2783 837 2850; x_wconf 73' lang='grc'>11150180.</span> <span class='ocrx_word' id='word_1_179' title='bbox 873 2785 950 2849; x_wconf 87' lang='lat' dir='ltr'><strong>Cum</strong></span> <span class='ocrx_word' id='word_1_180' title='bbox 973 2785 1046 2848; x_wconf 92' lang='lat' dir='ltr'><strong>illud</strong></span> <span class='ocrx_word' id='word_1_181' title='bbox 1069 2787 1106 2848; x_wconf 94' lang='lat' dir='ltr'><strong>de</strong></span> <span class='ocrx_word' id='word_1_182' title='bbox 1131 2786 1345 2867; x_wconf 89' lang='lat' dir='ltr'><strong>aequationum</strong></span> <span class='ocrx_word' id='word_1_183' title='bbox 1368 2788 1551 2852; x_wconf 88' lang='lat' dir='ltr'><strong>incremento</strong></span> <span class='ocrx_word' id='word_1_184' title='bbox 1575 2790 1669 2852; x_wconf 88' lang='lat' dir='ltr'><strong>sitin</strong></span> <span class='ocrx_word' id='word_1_185' title='bbox 1694 2809 1768 2851; x_wconf 91' lang='lat' dir='ltr'><strong>con·</strong></span> 
     </span>
     <span class='ocr_line' id='line_1_25' title="bbox 406 2875 1765 2955; baseline 0.001 -20"><span class='ocrx_word' id='word_1_186' title='bbox 406 2878 487 2936; x_wconf 81' lang='lat' dir='ltr'><strong>fesso</strong></span> <span class='ocrx_word' id='word_1_187' title='bbox 509 2876 590 2955; x_wconf 88' lang='lat' dir='ltr'><strong>apud</strong></span> <span class='ocrx_word' id='word_1_188' title='bbox 615 2893 734 2948; x_wconf 87' lang='lat' dir='ltr'><strong>omnes,</strong></span> <span class='ocrx_word' id='word_1_189' title='bbox 759 2875 796 2936; x_wconf 93' lang='lat' dir='ltr'><strong>de</strong></span> <span class='ocrx_word' id='word_1_190' title='bbox 820 2894 914 2936; x_wconf 87' lang='lat' dir='ltr'><strong>causa</strong></span> <span class='ocrx_word' id='word_1_191' title='bbox 940 2884 1039 2936; x_wconf 91' lang='lat' dir='ltr'><strong>tamen</strong></span> <span class='ocrx_word' id='word_1_192' title='bbox 1065 2894 1117 2937; x_wconf 90' lang='lat' dir='ltr'><strong>cur</strong></span> <span class='ocrx_word' id='word_1_193' title='bbox 1140 2876 1197 2937; x_wconf 90' lang='lat' dir='ltr'><strong>hoc</strong></span> <span class='ocrx_word' id='word_1_194' title='bbox 1220 2876 1265 2937; x_wconf 90' lang='lat' dir='ltr'><strong>ita</strong></span> <span class='ocrx_word' id='word_1_195' title='bbox 1288 2877 1342 2938; x_wconf 85' lang='lat' dir='ltr'><strong>liat</strong></span> <span class='ocrx_word' id='word_1_196' title='bbox 1362 2877 1466 2940; x_wconf 85' lang='lat' dir='ltr'><strong>variae</strong></span> <span class='ocrx_word' id='word_1_197' title='bbox 1489 2887 1561 2940; x_wconf 91' lang='lat' dir='ltr'><strong>sunt</strong></span> <span class='ocrx_word' id='word_1_198' title='bbox 1583 2878 1765 2941; x_wconf 84' lang='lat' dir='ltr'><strong>sententiae.</strong></span> 
     </span>
    </p>

    <p class='ocr_par' dir='ltr' id='par_1_9' title="bbox 403 2962 1768 3555">
     <span class='ocr_line' id='line_1_26' title="bbox 494 2962 1768 3045; baseline 0.001 -20"><span class='ocrx_word' id='word_1_199' title='bbox 494 2962 691 3026; x_wconf 83' lang='lat' dir='ltr'><strong>Ptolemaeus</strong></span> <span class='ocrx_word' id='word_1_200' title='bbox 714 2963 1004 3043; x_wconf 85' lang='lat' dir='ltr'><strong>appropinquatione</strong></span> <span class='ocrx_word' id='word_1_201' title='bbox 1029 2963 1068 3024; x_wconf 87' lang='lat' dir='ltr'><strong>ad</strong></span> <span class='ocrx_word' id='word_1_202' title='bbox 1090 2964 1215 3025; x_wconf 85' lang='lat' dir='ltr'><strong>Terram</strong></span> <span class='ocrx_word' id='word_1_203' title='bbox 1239 2964 1269 3026; x_wconf 90' lang='lat' dir='ltr'><strong>id</strong></span> <span class='ocrx_word' id='word_1_204' title='bbox 1292 2966 1356 3027; x_wconf 86' lang='lat' dir='ltr'><strong>fieri</strong></span> <span class='ocrx_word' id='word_1_205' title='bbox 1370 2972 1469 3045; x_wconf 86' lang='lat' dir='ltr'><strong>putat.</strong></span> <span class='ocrx_word' id='word_1_206' title='bbox 1501 2966 1580 3028; x_wconf 88' lang='lat' dir='ltr'><strong>Nam</strong></span> <span class='ocrx_word' id='word_1_207' title='bbox 1595 2985 1674 3045; x_wconf 87' lang='lat' dir='ltr'><strong>quae</strong></span> <span class='ocrx_word' id='word_1_208' title='bbox 1694 2983 1768 3044; x_wconf 89' lang='lat' dir='ltr'><strong>pro-</strong></span> 
     </span>
     <span class='ocr_line' id='line_1_27' title="bbox 403 3051 1766 3131; baseline 0.003 -19"><span class='ocrx_word' id='word_1_209' title='bbox 403 3052 489 3131; x_wconf 88' lang='lat' dir='ltr'><strong>piora</strong></span> <span class='ocrx_word' id='word_1_210' title='bbox 513 3059 600 3123; x_wconf 87' lang='lat' dir='ltr'><strong>suut,</strong></span> <span class='ocrx_word' id='word_1_211' title='bbox 634 3051 751 3130; x_wconf 87' lang='lat' dir='ltr'><strong>majora</strong></span> <span class='ocrx_word' id='word_1_212' title='bbox 773 3060 936 3131; x_wconf 81' lang='lat' dir='ltr'><strong>apparent3</strong></span> <span class='ocrx_word' id='word_1_213' title='bbox 969 3051 1071 3131; x_wconf 90' lang='lat' dir='ltr'><strong>itaque</strong></span> <span class='ocrx_word' id='word_1_214' title='bbox 1095 3053 1207 3114; x_wconf 86' lang='lat' dir='ltr'><strong>statuit</strong></span> <span class='ocrx_word' id='word_1_215' title='bbox 1229 3060 1382 3115; x_wconf 86' lang='lat' dir='ltr'><strong>menstruo</strong></span> <span class='ocrx_word' id='word_1_216' title='bbox 1406 3054 1511 3115; x_wconf 87' lang='lat' dir='ltr'><strong>Lunae</strong></span> <span class='ocrx_word' id='word_1_217' title='bbox 1536 3073 1624 3118; x_wconf 88' lang='lat' dir='ltr'><strong>cursu</strong></span> <span class='ocrx_word' id='word_1_218' title='bbox 1648 3054 1766 3117; x_wconf 84' lang='lat' dir='ltr'><strong>orateur</strong></span> 
     </span>
     <span class='ocr_line' id='line_1_28' title="bbox 404 3139 1766 3221; baseline 0.001 -22"><span class='ocrx_word' id='word_1_219' title='bbox 404 3139 536 3201; x_wconf 85' lang='lat' dir='ltr'><strong>describi</strong></span> <span class='ocrx_word' id='word_1_220' title='bbox 569 3140 712 3218; x_wconf 88' lang='lat' dir='ltr'><strong>liguram,</strong></span> <span class='ocrx_word' id='word_1_221' title='bbox 747 3140 832 3219; x_wconf 87' lang='lat' dir='ltr'><strong>cujus</strong></span> <span class='ocrx_word' id='word_1_222' title='bbox 862 3140 979 3218; x_wconf 77' lang='lat' dir='ltr'><strong>longior</strong></span> <span class='ocrx_word' id='word_1_223' title='bbox 1009 3140 1157 3201; x_wconf 84' lang='lat' dir='ltr'><strong>diameter</strong></span> <span class='ocrx_word' id='word_1_224' title='bbox 1189 3141 1227 3201; x_wconf 92' lang='lat' dir='ltr'><strong>ad</strong></span> <span class='ocrx_word' id='word_1_225' title='bbox 1252 3140 1354 3203; x_wconf 89' lang='lat' dir='ltr'><strong>Solem</strong></span> <span class='ocrx_word' id='word_1_226' title='bbox 1387 3140 1548 3221; x_wconf 80' lang='lat' dir='ltr'><strong>dirigatur,</strong></span> <span class='ocrx_word' id='word_1_227' title='bbox 1586 3140 1705 3204; x_wconf 84' lang='lat' dir='ltr'><strong>brevior</strong></span> <span class='ocrx_word' id='word_1_228' title='bbox 1738 3141 1766 3201; x_wconf 92' lang='lat' dir='ltr'><strong>iu</strong></span> 
     </span>
     <span class='ocr_line' id='line_1_29' title="bbox 405 3226 1766 3310; baseline 0.001 -21"><span class='ocrx_word' id='word_1_229' title='bbox 405 3229 620 3308; x_wconf 86' lang='lat' dir='ltr'><strong>quadraturas.</strong></span> <span class='ocrx_word' id='word_1_230' title='bbox 667 3227 753 3289; x_wconf 84' lang='lat' dir='ltr'><strong>Hanc</strong></span> <span class='ocrx_word' id='word_1_231' title='bbox 777 3226 946 3307; x_wconf 88' lang='lat' dir='ltr'><strong>opinionem</strong></span> <span class='ocrx_word' id='word_1_232' title='bbox 970 3226 1230 3307; x_wconf 90' lang='lat' dir='ltr'><strong>Regiomontanus</strong></span> <span class='ocrx_word' id='word_1_233' title='bbox 1254 3237 1286 3292; x_wconf 90' lang='lat' dir='ltr'><strong>et</strong></span> <span class='ocrx_word' id='word_1_234' title='bbox 1309 3226 1496 3310; x_wconf 84' lang='lat' dir='ltr'><strong>Gopemicns</strong></span> <span class='ocrx_word' id='word_1_235' title='bbox 1524 3229 1685 3292; x_wconf 83' lang='lat' dir='ltr'><strong>manifesto</strong></span> <span class='ocrx_word' id='word_1_236' title='bbox 1709 3248 1766 3290; x_wconf 79' lang='lat' dir='ltr'><strong>eu-</strong></span> 
     </span>
     <span class='ocr_line' id='line_1_30' title="bbox 403 3315 1767 3399; baseline 0.001 -22"><span class='ocrx_word' id='word_1_237' title='bbox 403 3316 572 3396; x_wconf 90' lang='lat' dir='ltr'><strong>perimeuto</strong></span> <span class='ocrx_word' id='word_1_238' title='bbox 594 3315 745 3378; x_wconf 78' lang='lat' dir='ltr'><strong>refutant:</strong></span> <span class='ocrx_word' id='word_1_239' title='bbox 770 3325 911 3396; x_wconf 88' lang='lat' dir='ltr'><strong>oportere</strong></span> <span class='ocrx_word' id='word_1_240' title='bbox 935 3324 967 3379; x_wconf 87' lang='lat' dir='ltr'><strong>et</strong></span> <span class='ocrx_word' id='word_1_241' title='bbox 984 3316 1118 3396; x_wconf 87' lang='lat' dir='ltr'><strong>corporis</strong></span> <span class='ocrx_word' id='word_1_242' title='bbox 1143 3317 1246 3379; x_wconf 90' lang='lat' dir='ltr'><strong>Lunae</strong></span> <span class='ocrx_word' id='word_1_243' title='bbox 1271 3317 1450 3380; x_wconf 89' lang='lat' dir='ltr'><strong>diametmm</strong></span> <span class='ocrx_word' id='word_1_244' title='bbox 1474 3318 1642 3399; x_wconf 90' lang='lat' dir='ltr'><strong>aequaliter</strong></span> <span class='ocrx_word' id='word_1_245' title='bbox 1664 3316 1767 3397; x_wconf 89' lang='lat' dir='ltr'><strong>augeri</strong></span> 
     </span>
     <span class='ocr_line' id='line_1_31' title="bbox 405 3403 1767 3487; baseline 0.002 -23"><span class='ocrx_word' id='word_1_246' title='bbox 405 3406 556 3478; x_wconf 88' lang='lat' dir='ltr'><strong>dicentes,</strong></span> <span class='ocrx_word' id='word_1_247' title='bbox 581 3422 658 3484; x_wconf 91' lang='lat' dir='ltr'><strong>quae</strong></span> <span class='ocrx_word' id='word_1_248' title='bbox 682 3413 785 3466; x_wconf 91' lang='lat' dir='ltr'><strong>tamen</strong></span> <span class='ocrx_word' id='word_1_249' title='bbox 809 3403 867 3466; x_wconf 90' lang='lat' dir='ltr'><strong>sibi</strong></span> <span class='ocrx_word' id='word_1_250' title='bbox 891 3404 997 3468; x_wconf 90' lang='lat' dir='ltr'><strong>similis</strong></span> <span class='ocrx_word' id='word_1_251' title='bbox 1021 3405 1084 3466; x_wconf 85' lang='lat' dir='ltr'><strong>fere</strong></span> <span class='ocrx_word' id='word_1_252' title='bbox 1108 3425 1228 3486; x_wconf 89' lang='lat' dir='ltr'><strong>semper</strong></span> <span class='ocrx_word' id='word_1_253' title='bbox 1251 3412 1283 3468; x_wconf 90' lang='lat' dir='ltr'><strong>et</strong></span> <span class='ocrx_word' id='word_1_254' title='bbox 1306 3406 1546 3487; x_wconf 87' lang='lat' dir='ltr'><strong>inquadraturis</strong></span> <span class='ocrx_word' id='word_1_255' title='bbox 1568 3414 1599 3468; x_wconf 88' lang='lat' dir='ltr'><strong>et</strong></span> <span class='ocrx_word' id='word_1_256' title='bbox 1623 3404 1767 3487; x_wconf 90' lang='lat' dir='ltr'><strong>inoppo-</strong></span> 
     </span>
     <span class='ocr_line' id='line_1_32' title="bbox 404 3493 723 3555; baseline 0.006 -3"><span class='ocrx_word' id='word_1_257' title='bbox 404 3493 567 3555; x_wconf 86' lang='lat' dir='ltr'><strong>sitionibus</strong></span> <span class='ocrx_word' id='word_1_258' title='bbox 590 3501 723 3554; x_wconf 76' lang='lat' dir='ltr'><strong>maneat.</strong></span> 
     </span>
    </p>

    <p class='ocr_par' dir='ltr' id='par_1_10' title="bbox 405 3579 1810 4633">
     <span class='ocr_line' id='line_1_33' title="bbox 494 3579 1768 3663; baseline -0.001 -20"><span class='ocrx_word' id='word_1_259' title='bbox 494 3581 599 3663; x_wconf 84' lang='lat' dir='ltr'><strong>Tycbo</strong></span> <span class='ocrx_word' id='word_1_260' title='bbox 623 3581 717 3642; x_wconf 88' lang='lat' dir='ltr'><strong>rnulto</strong></span> <span class='ocrx_word' id='word_1_261' title='bbox 741 3579 850 3643; x_wconf 78' lang='lat' dir='ltr'><strong>fortius</strong></span> <span class='ocrx_word' id='word_1_262' title='bbox 878 3588 909 3642; x_wconf 87' lang='lat' dir='ltr'><strong>et</strong></span> <span class='ocrx_word' id='word_1_263' title='bbox 942 3580 1082 3642; x_wconf 89' lang='lat' dir='ltr'><strong>subtilius</strong></span> <span class='ocrx_word' id='word_1_264' title='bbox 1104 3580 1162 3643; x_wconf 92' lang='lat' dir='ltr'><strong>hoc</strong></span> <span class='ocrx_word' id='word_1_265' title='bbox 1188 3580 1274 3655; x_wconf 82' lang='lat' dir='ltr'><strong>lacit,</strong></span> <span class='ocrx_word' id='word_1_266' title='bbox 1304 3581 1465 3661; x_wconf 88' lang='lat' dir='ltr'><strong>explorata</strong></span> <span class='ocrx_word' id='word_1_267' title='bbox 1487 3581 1637 3661; x_wconf 80' lang='lat' dir='ltr'><strong>parallasi</strong></span> <span class='ocrx_word' id='word_1_268' title='bbox 1661 3582 1768 3643; x_wconf 89' lang='lat' dir='ltr'><strong>Lunae</strong></span> 
     </span>
     <span class='ocr_line' id='line_1_34' title="bbox 405 3668 1768 3760; baseline -0.001 -29"><span class='ocrx_word' id='word_1_269' title='bbox 405 3672 433 3731; x_wconf 91' lang='lat' dir='ltr'><strong>in</strong></span> <span class='ocrx_word' id='word_1_270' title='bbox 450 3669 662 3750; x_wconf 85' lang='lat' dir='ltr'><strong>quadraturis,</strong></span> <span class='ocrx_word' id='word_1_271' title='bbox 684 3686 843 3749; x_wconf 89' lang='lat' dir='ltr'><strong>quaecum</strong></span> <span class='ocrx_word' id='word_1_272' title='bbox 866 3669 929 3731; x_wconf 84' lang='lat' dir='ltr'><strong>fere</strong></span> <span class='ocrx_word' id='word_1_273' title='bbox 953 3677 1076 3732; x_wconf 88' lang='lat' dir='ltr'><strong>maneat</strong></span> <span class='ocrx_word' id='word_1_274' title='bbox 1098 3670 1235 3760; x_wconf 82' lang='lat' dir='ltr'><strong>aequalis</strong></span> <span class='ocrx_word' id='word_1_275' title='bbox 1258 3668 1312 3744; x_wconf 87' lang='lat' dir='ltr'><strong>illi,</strong></span> <span class='ocrx_word' id='word_1_276' title='bbox 1337 3689 1414 3749; x_wconf 92' lang='lat' dir='ltr'><strong>quae</strong></span> <span class='ocrx_word' id='word_1_277' title='bbox 1437 3677 1487 3732; x_wconf 88' lang='lat' dir='ltr'><strong>est</strong></span> <span class='ocrx_word' id='word_1_278' title='bbox 1503 3669 1534 3732; x_wconf 93' lang='lat' dir='ltr'><strong>in</strong></span> <span class='ocrx_word' id='word_1_279' title='bbox 1556 3669 1768 3749; x_wconf 87' lang='lat' dir='ltr'><strong>conjunctione</strong></span> 
     </span>
     <span class='ocr_line' id='line_1_35' title="bbox 409 3756 1770 3838; baseline 0 -20"><span class='ocrx_word' id='word_1_280' title='bbox 409 3769 439 3819; x_wconf 90' lang='lat' dir='ltr'><strong>et</strong></span> <span class='ocrx_word' id='word_1_281' title='bbox 462 3757 672 3838; x_wconf 83' lang='lat' dir='ltr'><strong>oppositione,</strong></span> <span class='ocrx_word' id='word_1_282' title='bbox 696 3757 886 3820; x_wconf 87' lang='lat' dir='ltr'><strong>demonstrat</strong></span> <span class='ocrx_word' id='word_1_283' title='bbox 908 3758 1027 3819; x_wconf 91' lang='lat' dir='ltr'><strong>Lunam</strong></span> <span class='ocrx_word' id='word_1_284' title='bbox 1050 3757 1198 3838; x_wconf 88' lang='lat' dir='ltr'><strong>utrimque</strong></span> <span class='ocrx_word' id='word_1_285' title='bbox 1222 3759 1285 3820; x_wconf 85' lang='lat' dir='ltr'><strong>lere</strong></span> <span class='ocrx_word' id='word_1_286' title='bbox 1309 3756 1479 3838; x_wconf 91' lang='lat' dir='ltr'><strong>aequaliter</strong></span> <span class='ocrx_word' id='word_1_287' title='bbox 1501 3758 1620 3821; x_wconf 84' lang='lat' dir='ltr'><strong>abesse.</strong></span> <span class='ocrx_word' id='word_1_288' title='bbox 1657 3758 1770 3819; x_wconf 87' lang='lat' dir='ltr'><strong>Posset</strong></span> 
     </span>
     <span class='ocr_line' id='line_1_36' title="bbox 408 3842 1769 3926; baseline -0.001 -19"><span class='ocrx_word' id='word_1_289' title='bbox 408 3846 539 3908; x_wconf 89' lang='lat' dir='ltr'><strong>isidem</strong></span> <span class='ocrx_word' id='word_1_290' title='bbox 572 3853 605 3907; x_wconf 82' lang='lat' dir='ltr'><strong>et·</strong></span> <span class='ocrx_word' id='word_1_291' title='bbox 636 3845 697 3907; x_wconf 88' lang='lat' dir='ltr'><strong>alio</strong></span> <span class='ocrx_word' id='word_1_292' title='bbox 722 3853 897 3926; x_wconf 90' lang='lat' dir='ltr'><strong>argumento</strong></span> <span class='ocrx_word' id='word_1_293' title='bbox 931 3842 1118 3907; x_wconf 87' lang='lat' dir='ltr'><strong>convincere.</strong></span> <span class='ocrx_word' id='word_1_294' title='bbox 1164 3847 1243 3909; x_wconf 90' lang='lat' dir='ltr'><strong>Nam</strong></span> <span class='ocrx_word' id='word_1_295' title='bbox 1268 3847 1293 3909; x_wconf 90' lang='lat' dir='ltr'><strong>si</strong></span> <span class='ocrx_word' id='word_1_296' title='bbox 1318 3846 1459 3926; x_wconf 84' lang='lat' dir='ltr'><strong>aequatio</strong></span> <span class='ocrx_word' id='word_1_297' title='bbox 1490 3847 1622 3909; x_wconf 84' lang='lat' dir='ltr'><strong>maxima</strong></span> <span class='ocrx_word' id='word_1_298' title='bbox 1643 3851 1769 3925; x_wconf 88' lang='lat' dir='ltr'><strong>propter</strong></span> 
     </span>
     <span class='ocr_line' id='line_1_37' title="bbox 406 3927 1766 4016; baseline -0.001 -20"><span class='ocrx_word' id='word_1_299' title='bbox 406 3933 725 4016; x_wconf 88' lang='lat' dir='ltr'><strong>appropinquationem</strong></span> <span class='ocrx_word' id='word_1_300' title='bbox 745 3935 849 3998; x_wconf 87' lang='lat' dir='ltr'><strong>Lunae</strong></span> <span class='ocrx_word' id='word_1_301' title='bbox 877 3944 1006 4013; x_wconf 87' lang='lat' dir='ltr'><strong>augetur</strong></span> <span class='ocrx_word' id='word_1_302' title='bbox 1037 3927 1203 3997; x_wconf 75' lang='lat' dir='ltr'><strong>advrsum</strong></span> <span class='ocrx_word' id='word_1_303' title='bbox 1228 3930 1377 3998; x_wconf 75' lang='grc'>1140580</span> <span class='ocrx_word' id='word_1_304' title='bbox 1401 3934 1440 3996; x_wconf 93' lang='lat' dir='ltr'><strong>ad</strong></span> <span class='ocrx_word' id='word_1_305' title='bbox 1460 3930 1500 3994; x_wconf 80' lang='lat'><strong>⁷⁰</strong></span> <span class='ocrx_word' id='word_1_306' title='bbox 1521 3930 1591 4007; x_wconf 74' lang='lat' dir='ltr'><strong>ts‘,</strong></span> <span class='ocrx_word' id='word_1_307' title='bbox 1624 3951 1676 3995; x_wconf 89' lang='lat' dir='ltr'><strong>cur</strong></span> <span class='ocrx_word' id='word_1_308' title='bbox 1707 3949 1766 3994; x_wconf 91' lang='lat' dir='ltr'><strong>non</strong></span> 
     </span>
     <span class='ocr_line' id='line_1_38' title="bbox 405 4017 1768 4102; baseline -0.002 -18"><span class='ocrx_word' id='word_1_309' title='bbox 405 4035 436 4085; x_wconf 90' lang='lat' dir='ltr'><strong>et</strong></span> <span class='ocrx_word' id='word_1_310' title='bbox 459 4023 591 4085; x_wconf 89' lang='lat' dir='ltr'><strong>latitudo</strong></span> <span class='ocrx_word' id='word_1_311' title='bbox 613 4023 763 4097; x_wconf 78' lang='lat' dir='ltr'><strong>maxima,</strong></span> <span class='ocrx_word' id='word_1_312' title='bbox 797 4042 875 4102; x_wconf 87' lang='lat' dir='ltr'><strong>quae</strong></span> <span class='ocrx_word' id='word_1_313' title='bbox 903 4030 951 4084; x_wconf 88' lang='lat' dir='ltr'><strong>est</strong></span> <span class='ocrx_word' id='word_1_314' title='bbox 973 4022 1078 4085; x_wconf 90' lang='lat' dir='ltr'><strong>itidem</strong></span> <span class='ocrx_word' id='word_1_315' title='bbox 1100 4017 1140 4085; x_wconf 90' lang='grc'>40</span> <span class='ocrx_word' id='word_1_316' title='bbox 1163 4020 1234 4096; x_wconf 68' lang='grc'><strong>50,</strong></span> <span class='ocrx_word' id='word_1_317' title='bbox 1267 4020 1378 4085; x_wconf 89' lang='lat' dir='ltr'><strong>crescit</strong></span> <span class='ocrx_word' id='word_1_318' title='bbox 1402 4022 1440 4084; x_wconf 91' lang='lat' dir='ltr'><strong>ad</strong></span> <span class='ocrx_word' id='word_1_319' title='bbox 1465 4019 1601 4086; x_wconf 67' lang='grc'>111111</span> <span class='ocrx_word' id='word_1_320' title='bbox 1646 4020 1691 4082; x_wconf 81' lang='lat' dir='ltr'><strong>At</strong></span> <span class='ocrx_word' id='word_1_321' title='bbox 1713 4019 1768 4081; x_wconf 90' lang='lat' dir='ltr'><strong>illa</strong></span> 
     </span>
     <span class='ocr_line' id='line_1_39' title="bbox 406 4104 1766 4192; baseline -0.003 -19"><span class='ocrx_word' id='word_1_322' title='bbox 406 4110 547 4175; x_wconf 80' lang='lat' dir='ltr'><strong>subsistit</strong></span> <span class='ocrx_word' id='word_1_323' title='bbox 568 4110 599 4173; x_wconf 94' lang='lat' dir='ltr'><strong>iu</strong></span> <span class='ocrx_word' id='word_1_324' title='bbox 623 4104 664 4173; x_wconf 83' lang='lat'><strong>5⁰</strong></span> <span class='ocrx_word' id='word_1_325' title='bbox 690 4108 750 4176; x_wconf 78' lang='lat'><strong>18‘.</strong></span> <span class='ocrx_word' id='word_1_326' title='bbox 798 4110 884 4182; x_wconf 86' lang='lat' dir='ltr'><strong>Quae</strong></span> <span class='ocrx_word' id='word_1_327' title='bbox 916 4118 999 4173; x_wconf 89' lang='lat' dir='ltr'><strong>esset</strong></span> <span class='ocrx_word' id='word_1_328' title='bbox 1031 4129 1102 4190; x_wconf 86' lang='lat' dir='ltr'><strong>ergo</strong></span> <span class='ocrx_word' id='word_1_329' title='bbox 1134 4111 1223 4191; x_wconf 88' lang='lat' dir='ltr'><strong>hujus</strong></span> <span class='ocrx_word' id='word_1_330' title='bbox 1250 4110 1478 4192; x_wconf 86' lang='lat' dir='ltr'><strong>inaequalitatis</strong></span> <span class='ocrx_word' id='word_1_331' title='bbox 1501 4108 1614 4173; x_wconf 81' lang='lat' dir='ltr'><strong>causa?</strong></span> <span class='ocrx_word' id='word_1_332' title='bbox 1659 4108 1766 4188; x_wconf 88' lang='lat' dir='ltr'><strong>ltaque</strong></span> 
     </span>
     <span class='ocr_line' id='line_1_40' title="bbox 408 4197 1810 4282; baseline -0.002 -19"><span class='ocrx_word' id='word_1_333' title='bbox 408 4197 595 4282; x_wconf 84' lang='lat' dir='ltr'><strong>Copernious</strong></span> <span class='ocrx_word' id='word_1_334' title='bbox 618 4198 711 4261; x_wconf 89' lang='lat' dir='ltr'><strong>aliam</strong></span> <span class='ocrx_word' id='word_1_335' title='bbox 723 4198 872 4261; x_wconf 87' lang='lat' dir='ltr'><strong>rationem</strong></span> <span class='ocrx_word' id='word_1_336' title='bbox 895 4197 994 4274; x_wconf 86' lang='lat' dir='ltr'><strong>inivit,</strong></span> <span class='ocrx_word' id='word_1_337' title='bbox 1019 4218 1079 4280; x_wconf 91' lang='lat' dir='ltr'><strong>qua</strong></span> <span class='ocrx_word' id='word_1_338' title='bbox 1101 4209 1273 4261; x_wconf 83' lang='lat' dir='ltr'><strong>crescerent</strong></span> <span class='ocrx_word' id='word_1_339' title='bbox 1288 4198 1495 4279; x_wconf 88' lang='lat' dir='ltr'><strong>aequationes,</strong></span> <span class='ocrx_word' id='word_1_340' title='bbox 1518 4197 1690 4259; x_wconf 85' lang='lat' dir='ltr'><strong>introducto</strong></span> <span class='ocrx_word' id='word_1_341' title='bbox 1713 4213 1766 4258; x_wconf 90' lang='lat' dir='ltr'><strong>se·</strong></span> <span class='ocrx_word' id='word_1_342' title='bbox 1807 4253 1810 4260; x_wconf 94' lang='lat'><strong>.</strong></span> 
     </span>
     <span class='ocr_line' id='line_1_41' title="bbox 406 4285 1765 4369; baseline -0.004 -18"><span class='ocrx_word' id='word_1_343' title='bbox 406 4289 502 4351; x_wconf 89' lang='lat' dir='ltr'><strong>cundo</strong></span> <span class='ocrx_word' id='word_1_344' title='bbox 527 4287 676 4369; x_wconf 80' lang='lat' dir='ltr'><strong>epicyclo,</strong></span> <span class='ocrx_word' id='word_1_345' title='bbox 708 4288 758 4369; x_wconf 92' lang='lat' dir='ltr'><strong>qni</strong></span> <span class='ocrx_word' id='word_1_346' title='bbox 782 4287 890 4350; x_wconf 89' lang='lat' dir='ltr'><strong>tertius</strong></span> <span class='ocrx_word' id='word_1_347' title='bbox 914 4296 998 4352; x_wconf 87' lang='lat' dir='ltr'><strong>esset</strong></span> <span class='ocrx_word' id='word_1_348' title='bbox 1020 4287 1099 4367; x_wconf 91' lang='lat' dir='ltr'><strong>apud</strong></span> <span class='ocrx_word' id='word_1_349' title='bbox 1123 4287 1314 4369; x_wconf 78' lang='lat' dir='ltr'><strong>Typhonem,</strong></span> <span class='ocrx_word' id='word_1_350' title='bbox 1345 4287 1431 4366; x_wconf 90' lang='lat' dir='ltr'><strong>cujus</strong></span> <span class='ocrx_word' id='word_1_351' title='bbox 1460 4285 1692 4348; x_wconf 87' lang='lat' dir='ltr'><strong>semimenstrua</strong></span> <span class='ocrx_word' id='word_1_352' title='bbox 1714 4303 1765 4346; x_wconf 90' lang='lat' dir='ltr'><strong>re-</strong></span> 
     </span>
     <span class='ocr_line' id='line_1_42' title="bbox 406 4372 1765 4457; baseline -0.002 -22"><span class='ocrx_word' id='word_1_353' title='bbox 406 4377 559 4440; x_wconf 82' lang='lat' dir='ltr'><strong>volutione</strong></span> <span class='ocrx_word' id='word_1_354' title='bbox 592 4375 721 4437; x_wconf 90' lang='lat' dir='ltr'><strong>circulns</strong></span> <span class='ocrx_word' id='word_1_355' title='bbox 753 4373 938 4451; x_wconf 88' lang='lat' dir='ltr'><strong>anomaliae,</strong></span> <span class='ocrx_word' id='word_1_356' title='bbox 973 4394 1049 4457; x_wconf 86' lang='lat' dir='ltr'><strong>quas</strong></span> <span class='ocrx_word' id='word_1_357' title='bbox 1082 4376 1282 4455; x_wconf 88' lang='lat' dir='ltr'><strong>aequationes</strong></span> <span class='ocrx_word' id='word_1_358' title='bbox 1312 4374 1420 4450; x_wconf 83' lang='lat' dir='ltr'><strong>efficit,</strong></span> <span class='ocrx_word' id='word_1_359' title='bbox 1454 4372 1610 4435; x_wconf 85' lang='lat' dir='ltr'><strong>verissime</strong></span> <span class='ocrx_word' id='word_1_360' title='bbox 1643 4381 1676 4436; x_wconf 84' lang='lat' dir='ltr'><strong>et</strong></span> <span class='ocrx_word' id='word_1_361' title='bbox 1707 4390 1765 4435; x_wconf 93' lang='lat' dir='ltr'><strong>non</strong></span> 
     </span>
     <span class='ocr_line' id='line_1_43' title="bbox 407 4459 1767 4546; baseline -0.006 -18"><span class='ocrx_word' id='word_1_362' title='bbox 407 4474 524 4528; x_wconf 90' lang='lat' dir='ltr'><strong>tantum</strong></span> <span class='ocrx_word' id='word_1_363' title='bbox 547 4464 587 4526; x_wconf 84' lang='lat' dir='ltr'><strong>ad</strong></span> <span class='ocrx_word' id='word_1_364' title='bbox 617 4464 713 4527; x_wconf 86' lang='lat' dir='ltr'><strong>risum</strong></span> <span class='ocrx_word' id='word_1_365' title='bbox 743 4463 905 4546; x_wconf 86' lang='lat' dir='ltr'><strong>amplietur</strong></span> <span class='ocrx_word' id='word_1_366' title='bbox 926 4464 956 4526; x_wconf 89' lang='lat' dir='ltr'><strong>in</strong></span> <span class='ocrx_word' id='word_1_367' title='bbox 980 4464 1189 4544; x_wconf 85' lang='lat' dir='ltr'><strong>quadraturis,</strong></span> <span class='ocrx_word' id='word_1_368' title='bbox 1219 4469 1393 4527; x_wconf 87' lang='lat' dir='ltr'><strong>coarctetur</strong></span> <span class='ocrx_word' id='word_1_369' title='bbox 1418 4462 1448 4523; x_wconf 90' lang='lat' dir='ltr'><strong>in</strong></span> <span class='ocrx_word' id='word_1_370' title='bbox 1472 4459 1711 4542; x_wconf 85' lang='lat' dir='ltr'><strong>oppositionibus</strong></span> <span class='ocrx_word' id='word_1_371' title='bbox 1734 4466 1767 4521; x_wconf 91' lang='lat' dir='ltr'><strong>et</strong></span> 
     </span>
     <span class='ocr_line' id='line_1_44' title="bbox 408 4550 676 4633; baseline -0.015 -16"><span class='ocrx_word' id='word_1_372' title='bbox 408 4550 676 4633; x_wconf 78' lang='lat' dir='ltr'><strong>conjunctionibus.</strong></span> 
     </span>
    </p>

    <p class='ocr_par' dir='ltr' id='par_1_11' title="bbox 406 4634 1763 5074">
     <span class='ocr_line' id='line_1_45' title="bbox 495 4634 1763 4723; baseline -0.005 -21"><span class='ocrx_word' id='word_1_373' title='bbox 495 4640 601 4723; x_wconf 78' lang='lat' dir='ltr'><strong>Tycha</strong></span> <span class='ocrx_word' id='word_1_374' title='bbox 624 4650 657 4703; x_wconf 88' lang='lat' dir='ltr'><strong>et</strong></span> <span class='ocrx_word' id='word_1_375' title='bbox 679 4640 757 4701; x_wconf 93' lang='lat' dir='ltr'><strong>hanc</strong></span> <span class='ocrx_word' id='word_1_376' title='bbox 781 4637 931 4702; x_wconf 89' lang='lat' dir='ltr'><strong>rationem</strong></span> <span class='ocrx_word' id='word_1_377' title='bbox 953 4639 1069 4720; x_wconf 88' lang='lat' dir='ltr'><strong>arguit,</strong></span> <span class='ocrx_word' id='word_1_378' title='bbox 1092 4649 1124 4701; x_wconf 88' lang='lat' dir='ltr'><strong>et</strong></span> <span class='ocrx_word' id='word_1_379' title='bbox 1146 4640 1266 4721; x_wconf 91' lang='lat' dir='ltr'><strong>quidem</strong></span> <span class='ocrx_word' id='word_1_380' title='bbox 1284 4638 1336 4701; x_wconf 82' lang='lat' dir='ltr'><strong>vix</strong></span> <span class='ocrx_word' id='word_1_381' title='bbox 1354 4637 1407 4700; x_wconf 90' lang='lat' dir='ltr'><strong>illa</strong></span> <span class='ocrx_word' id='word_1_382' title='bbox 1420 4635 1598 4718; x_wconf 84' lang='lat' dir='ltr'><strong>potestati,</strong></span> <span class='ocrx_word' id='word_1_383' title='bbox 1624 4653 1690 4697; x_wconf 91' lang='lat' dir='ltr'><strong>cum</strong></span> <span class='ocrx_word' id='word_1_384' title='bbox 1699 4634 1763 4714; x_wconf 90' lang='lat' dir='ltr'><strong>jam</strong></span> 
     </span>
     <span class='ocr_line' id='line_1_46' title="bbox 410 4722 1763 4808; baseline -0.007 -16"><span class='ocrx_word' id='word_1_385' title='bbox 410 4741 498 4794; x_wconf 88' lang='lat' dir='ltr'><strong>antea</strong></span> <span class='ocrx_word' id='word_1_386' title='bbox 527 4729 603 4790; x_wconf 91' lang='lat' dir='ltr'><strong>duos</strong></span> <span class='ocrx_word' id='word_1_387' title='bbox 626 4727 741 4791; x_wconf 87' lang='lat' dir='ltr'><strong>babeat</strong></span> <span class='ocrx_word' id='word_1_388' title='bbox 763 4727 926 4808; x_wconf 80' lang='lat' dir='ltr'><strong>epinyclos.</strong></span> <span class='ocrx_word' id='word_1_389' title='bbox 972 4729 1079 4808; x_wconf 87' lang='lat' dir='ltr'><strong>Itaque</strong></span> <span class='ocrx_word' id='word_1_390' title='bbox 1102 4736 1237 4791; x_wconf 88' lang='lat' dir='ltr'><strong>centmm</strong></span> <span class='ocrx_word' id='word_1_391' title='bbox 1260 4727 1356 4789; x_wconf 88' lang='lat' dir='ltr'><strong>totius</strong></span> <span class='ocrx_word' id='word_1_392' title='bbox 1382 4723 1465 4790; x_wconf 92' lang='lat' dir='ltr'><strong>orbis</strong></span> <span class='ocrx_word' id='word_1_393' title='bbox 1489 4722 1617 4787; x_wconf 88' lang='lat' dir='ltr'><strong>Lunaris</strong></span> <span class='ocrx_word' id='word_1_394' title='bbox 1645 4722 1674 4784; x_wconf 91' lang='lat' dir='ltr'><strong>iu</strong></span> <span class='ocrx_word' id='word_1_395' title='bbox 1702 4722 1763 4784; x_wconf 89' lang='lat' dir='ltr'><strong>oir-</strong></span> 
     </span>
     <span class='ocr_line' id='line_1_47' title="bbox 409 4812 1762 4899; baseline -0.007 -18"><span class='ocrx_word' id='word_1_396' title='bbox 409 4819 481 4882; x_wconf 89' lang='lat' dir='ltr'><strong>cello</strong></span> <span class='ocrx_word' id='word_1_397' title='bbox 504 4817 618 4891; x_wconf 84' lang='lat' dir='ltr'><strong>volvit,</strong></span> <span class='ocrx_word' id='word_1_398' title='bbox 643 4815 694 4899; x_wconf 89' lang='lat' dir='ltr'><strong>qui</strong></span> <span class='ocrx_word' id='word_1_399' title='bbox 717 4817 842 4878; x_wconf 80' lang='lat' dir='ltr'><strong>Terram</strong></span> <span class='ocrx_word' id='word_1_400' title='bbox 866 4815 990 4879; x_wconf 90' lang='lat' dir='ltr'><strong>transit:</strong></span> <span class='ocrx_word' id='word_1_401' title='bbox 1016 4834 1108 4896; x_wconf 87' lang='lat' dir='ltr'><strong>quare</strong></span> <span class='ocrx_word' id='word_1_402' title='bbox 1132 4816 1160 4878; x_wconf 92' lang='lat' dir='ltr'><strong>in</strong></span> <span class='ocrx_word' id='word_1_403' title='bbox 1185 4818 1280 4878; x_wconf 86' lang='lat' dir='ltr'><strong>Terra</strong></span> <span class='ocrx_word' id='word_1_404' title='bbox 1302 4813 1334 4875; x_wconf 89' lang='lat' dir='ltr'><strong>id</strong></span> <span class='ocrx_word' id='word_1_405' title='bbox 1356 4832 1424 4876; x_wconf 90' lang='lat' dir='ltr'><strong>esse</strong></span> <span class='ocrx_word' id='word_1_406' title='bbox 1443 4813 1530 4885; x_wconf 85' lang='lat' dir='ltr'><strong>dicit,</strong></span> <span class='ocrx_word' id='word_1_407' title='bbox 1554 4812 1673 4891; x_wconf 89' lang='lat' dir='ltr'><strong>qnando</strong></span> <span class='ocrx_word' id='word_1_408' title='bbox 1689 4829 1762 4872; x_wconf 88' lang='lat' dir='ltr'><strong>con-</strong></span> 
     </span>
     <span class='ocr_line' id='line_1_48' title="bbox 406 4898 1762 4988; baseline -0.007 -18"><span class='ocrx_word' id='word_1_409' title='bbox 406 4907 541 4988; x_wconf 88' lang='lat' dir='ltr'><strong>jungitur</strong></span> <span class='ocrx_word' id='word_1_410' title='bbox 562 4906 652 4968; x_wconf 85' lang='lat' dir='ltr'><strong>Luna</strong></span> <span class='ocrx_word' id='word_1_411' title='bbox 680 4924 748 4967; x_wconf 91' lang='lat' dir='ltr'><strong>cnm</strong></span> <span class='ocrx_word' id='word_1_412' title='bbox 771 4902 854 4967; x_wconf 89' lang='lat' dir='ltr'><strong>Sole.</strong></span> <span class='ocrx_word' id='word_1_413' title='bbox 900 4905 946 4967; x_wconf 85' lang='lat' dir='ltr'><strong>At</strong></span> <span class='ocrx_word' id='word_1_414' title='bbox 976 4904 1164 4985; x_wconf 87' lang='lat' dir='ltr'><strong>digrediente</strong></span> <span class='ocrx_word' id='word_1_415' title='bbox 1187 4905 1274 4967; x_wconf 91' lang='lat' dir='ltr'><strong>Luna</strong></span> <span class='ocrx_word' id='word_1_416' title='bbox 1303 4922 1323 4963; x_wconf 90' lang='lat' dir='ltr'><strong>a</strong></span> <span class='ocrx_word' id='word_1_417' title='bbox 1345 4899 1417 4965; x_wconf 87' lang='lat' dir='ltr'><strong>Sole</strong></span> <span class='ocrx_word' id='word_1_418' title='bbox 1441 4902 1490 4964; x_wconf 88' lang='lat' dir='ltr'><strong>vel</strong></span> <span class='ocrx_word' id='word_1_419' title='bbox 1519 4898 1658 4981; x_wconf 87' lang='lat' dir='ltr'><strong>opposito</strong></span> <span class='ocrx_word' id='word_1_420' title='bbox 1687 4899 1762 4979; x_wconf 81' lang='lat' dir='ltr'><strong>ejus,</strong></span> 
     </span>
     <span class='ocr_line' id='line_1_49' title="bbox 409 4991 1331 5074; baseline -0.007 -17"><span class='ocrx_word' id='word_1_421' title='bbox 409 5004 542 5059; x_wconf 83' lang='lat' dir='ltr'><strong>centrum</strong></span> <span class='ocrx_word' id='word_1_422' title='bbox 565 5013 682 5074; x_wconf 91' lang='lat' dir='ltr'><strong>quoqne</strong></span> <span class='ocrx_word' id='word_1_423' title='bbox 706 4992 787 5056; x_wconf 88' lang='lat' dir='ltr'><strong>orbis</strong></span> <span class='ocrx_word' id='word_1_424' title='bbox 810 5010 828 5053; x_wconf 90' lang='lat' dir='ltr'><strong>e</strong></span> <span class='ocrx_word' id='word_1_425' title='bbox 852 4991 947 5055; x_wconf 89' lang='lat' dir='ltr'><strong>Terra</strong></span> <span class='ocrx_word' id='word_1_426' title='bbox 970 4994 998 5056; x_wconf 93' lang='lat' dir='ltr'><strong>in</strong></span> <span class='ocrx_word' id='word_1_427' title='bbox 1024 4992 1152 5056; x_wconf 87' lang='lat' dir='ltr'><strong>sublime</strong></span> <span class='ocrx_word' id='word_1_428' title='bbox 1175 4992 1331 5055; x_wconf 82' lang='lat' dir='ltr'><strong>excedere.</strong></span> 
     </span>
    </p>

    <p class='ocr_par' dir='ltr' id='par_1_12' title="bbox 492 5074 1762 5163">
     <span class='ocr_line' id='line_1_50' title="bbox 492 5074 1762 5163; baseline -0.009 -14"><span class='ocrx_word' id='word_1_429' title='bbox 492 5085 571 5149; x_wconf 82' lang='lat' dir='ltr'><strong>Mihi</strong></span> <span class='ocrx_word' id='word_1_430' title='bbox 594 5101 713 5148; x_wconf 85' lang='lat' dir='ltr'><strong>rursum</strong></span> <span class='ocrx_word' id='word_1_431' title='bbox 736 5082 793 5146; x_wconf 91' lang='lat' dir='ltr'><strong>boc</strong></span> <span class='ocrx_word' id='word_1_432' title='bbox 817 5080 846 5142; x_wconf 92' lang='lat' dir='ltr'><strong>iu</strong></span> <span class='ocrx_word' id='word_1_433' title='bbox 869 5081 1064 5163; x_wconf 86' lang='lat' dir='ltr'><strong>philosophia</strong></span> <span class='ocrx_word' id='word_1_434' title='bbox 1084 5081 1217 5146; x_wconf 87' lang='lat' dir='ltr'><strong>naturali</strong></span> <span class='ocrx_word' id='word_1_435' title='bbox 1240 5078 1402 5143; x_wconf 86' lang='lat' dir='ltr'><strong>absurdum</strong></span> <span class='ocrx_word' id='word_1_436' title='bbox 1431 5075 1571 5154; x_wconf 86' lang='lat' dir='ltr'><strong>videtur,</strong></span> <span class='ocrx_word' id='word_1_437' title='bbox 1598 5093 1690 5162; x_wconf 83' lang='lat' dir='ltr'><strong>quare</strong></span> <span class='ocrx_word' id='word_1_438' title='bbox 1722 5074 1762 5138; x_wconf 76' lang='lat' dir='ltr'><strong>ad</strong></span> 
     </span>
    </p>
   </div>
   <div class='ocr_carea' id='block_1_8' title="bbox 0 0 2296 6192">
    <p class='ocr_par' dir='ltr' id='par_1_13' title="bbox 0 0 2296 6192">
     <span class='ocr_line' id='line_1_51' title="bbox 0 0 2296 6192; baseline 0 2"><span class='ocrx_word' id='word_1_439' title='bbox 0 0 2296 6192; x_wconf 95' lang='lat' dir='ltr'><strong> </strong></span> 
     </span>
    </p>
   </div>
  </div>
 </body>
</html>
