4584 6192
948 629 1159 681 cxxr-cxxr.
1668 631 1729 697 551

373 806 399 869 si
425 813 549 886 tegatur
572 815 606 868 ut
624 807 688 887 jam
711 805 910 869 instrumento
943 809 1069 889 tegitur,
1104 809 1212 888 quippe
1244 808 1392 889 parallela
1424 810 1575 872 oculorum
1606 811 1732 874 directio

372 903 422 958 est
445 896 593 957 naturalis
617 916 670 978 per
684 895 786 957 LVII.
825 897 940 958 Dexter
963 898 1055 977 igitur
1079 899 1165 978 quasi
1188 897 1217 957 in
1243 897 1360 959 visibile
1385 896 1483 977 ipsum
1507 900 1639 962 directus
1665 901 1730 975 erit,

370 986 436 1047 sivs
459 984 488 1046 ei
512 984 629 1064 species
652 985 898 1047 instrumentaria
921 986 1057 1048 humilior
1076 987 1140 1047 sive
1155 986 1245 1048 altior
1268 986 1407 1047 videatur
1423 988 1524 1066 reipsa
1540 1008 1595 1067 per
1614 989 1731 1050 oculum

370 1073 528 1136 sinistrum
561 1074 637 1135 visa.
692 1074 771 1136 Nam
803 1094 856 1154 per
886 1075 985 1137 LXII.
1021 1076 1136 1137 videbit
1172 1075 1290 1154 quidem
1324 1076 1430 1136 dexter
1464 1078 1567 1139 oculus
1601 1078 1733 1157 speciem

370 1162 548 1244 ampliatam
572 1162 614 1223 rei
639 1162 732 1236 illius,
757 1164 786 1223 iu
812 1173 899 1241 quam
924 1185 985 1225 rem
1010 1165 1074 1243 ipse
1097 1184 1154 1243 per
1182 1164 1415 1226 associationem
1438 1165 1554 1227 sinistri
1583 1167 1730 1242 dirigitur,

370 1254 508 1314 sednon
532 1251 599 1312 ideo
623 1251 742 1312 videbit
772 1253 853 1313 illam
888 1254 994 1314 eadem
1022 1273 1141 1334 semper
1166 1254 1211 1314 sni
1236 1253 1400 1334 particula,
1433 1273 1492 1334 qua
1515 1256 1562 1316 sni
1585 1256 1735 1335 particula
1761 1315 1764 1322 .

369 1342 496 1404 sinister
519 1359 587 1401 eam
610 1340 703 1401 videt.

418 1497 426 1516 .
463 1427 592 1499 Quando
616 1448 687 1509 ergo
712 1428 772 1489 situ
797 1429 970 1508 discrepare
994 1431 1174 1492 videbuntur
1197 1430 1329 1509 species,
1354 1431 1435 1492 lente
1459 1450 1594 1492 convexa
1617 1432 1732 1493 instru-

372 1518 467 1581 menti
490 1518 547 1579 huc
582 1518 652 1580 illuc
685 1526 782 1586 mota,
816 1518 963 1580 interdurn
987 1529 1017 1580 et
1043 1538 1177 1580 concava
1209 1519 1297 1597 paulo
1329 1519 1418 1580 aliter
1449 1519 1534 1580 oculo
1568 1521 1731 1601 applicata,

373 1608 463 1669 facile
489 1606 645 1681 efficietur,
670 1616 703 1667 ut
719 1606 837 1685 species
862 1617 988 1687 utraque
1013 1609 1140 1670 visibilis
1166 1608 1299 1687 ejusdem
1323 1609 1400 1669 iuter
1419 1629 1451 1668 se
1472 1609 1531 1669 situ
1555 1617 1732 1688 congruant.

372 1697 456 1756 Tunc
490 1695 581 1773 igitur
614 1695 775 1776 apparebit
806 1715 948 1757 excessus
980 1698 1105 1759 alterius
1136 1717 1227 1776 supra
1257 1698 1384 1757 alteram
1413 1697 1574 1777 applicatis
1607 1697 1733 1761 invicem
1837 1725 1839 1728 ·

371 1782 543 1863 speciebus.

502 1979 690 2040 Hactenus
714 1979 758 2039 de
782 1980 1029 2041 instrumento
1053 1980 1237 2058 simplici:
1267 1982 1438 2060 sequitur
1462 1997 1600 2060 κρυψις.

463 2136 596 2201 CXXV.
650 2138 874 2217 Propositio.
927 2139 1030 2199 Posito
1065 2158 1154 2212 cavo,
1188 2139 1245 2198 duo
1269 2158 1403 2199 convexa
1426 2139 1549 2214 similia,
1581 2143 1753 2222 applicata-

373 2228 501 2289 invicem
531 2228 666 2304 proxime
691 2247 744 2306 pro
775 2247 850 2299 uno,
884 2229 944 2287 fere
976 2226 1134 2287 dimidiant
1166 2227 1379 2306 longitudinem
1411 2228 1617 2304 instrumenti,
1653 2233 1731 2311 quod

371 2336 476 2378 eorum
501 2336 702 2377 convexerum
716 2336 804 2376 unum
825 2317 919 2377 solum
939 2316 1047 2388 habet3
1072 2322 1104 2375 et
1123 2317 1209 2376 simul
1230 2318 1429 2395 quantitatem
1449 2320 1561 2397 speciei
1584 2320 1729 2381 minuunt.

462 2404 533 2467 Sint
556 2406 613 2466 duo
639 2424 772 2466 convexa
795 2406 851 2466 AB
876 2415 907 2465 et
932 2404 986 2467 OD
1015 2404 1137 2477 similia,
1173 2413 1204 2466 et
1228 2414 1361 2467 centrum
1391 2406 1493 2468 circuli
1525 2408 1619 2488 ipsius
1642 2408 1728 2471 ARB

372 2494 414 2555 sit
441 2494 481 2554 H.
529 2493 635 2573 Sitque
664 2494 889 2555 semidiameter
916 2494 975 2554 HR
1005 2493 1121 2555 bisecta
1145 2493 1173 2553 in
1199 2495 1222 2554 l.

370 2581 478 2644 Po'sito
503 2582 595 2662 igitur
618 2582 704 2644 unico
728 2583 785 2644 AB
809 2601 957 2656 convexo,
983 2590 1123 2660 punctum
1149 2601 1221 2642 cou-

371 2690 478 2733 cursns
503 2672 562 2732 erit
584 2671 708 2733 circaII
731 2691 783 2750 per
801 2673 956 2733 XXXIX.
996 2671 1042 2731 Ac
1067 2670 1133 2730 ideo
1158 2672 1223 2730 lens

370 2780 450 2821 cava
473 2779 531 2820 non
557 2761 644 2839 longe
668 2762 749 2821 intra
772 2760 801 2819 ll
824 2761 964 2839 ponenda
988 2760 1044 2820 erit
1066 2778 1121 2838 per
1138 2760 1222 2822 CIX.

462 2849 549 2922 Dico,
571 2849 625 2911 CD
644 2849 778 2928 proxime
798 2849 837 2909 ad
853 2850 910 2910 AB
931 2849 1094 2928 applicata,
1118 2867 1225 2908 cavam

371 2938 488 3000 lentem
511 2937 592 2999 intra
616 2940 630 2999 Ι
655 2937 875 3018 applicandam.
922 2938 956 2997 ld
979 2937 1073 3018 probo
1097 2936 1223 3016 primum

370 3027 438 3088 rudi
462 3026 610 3088 Minerva.
1160 3077 1165 3108 ,

462 3116 541 3176 Nam
575 3115 645 3195 quia
676 3114 813 3193 paralleli
847 3112 922 3174 radii
952 3113 982 3174 in
1010 3112 1067 3174 AB
1100 3103 1258 3174 refracti‘

369 3213 553 3267 concurrunt
568 3205 606 3265 ad
623 3205 653 3264 H
675 3211 798 3283 propter
818 3203 1038 3275 refractionem,
1064 3202 1222 3281 intercepti

368 3294 465 3373 igitur
489 3293 577 3357 aCD
601 3292 727 3371 ideoque
752 3292 964 3353 refractionem
988 3291 1017 3350 in
1038 3289 1093 3352 GD
1117 3292 1223 3352 iterum

369 3381 458 3461 passi
481 3382 604 3462 propius
628 3389 814 3442 concurrent.
854 3382 887 3440 ln
903 3379 958 3441 CD
978 3380 1056 3440 enim
1079 3380 1224 3459 majorem

369 3471 528 3554 patiuntur
552 3489 640 3549 quam
662 3471 692 3531 in
717 3469 788 3543 AB,
819 3469 889 3549 quia
917 3467 1063 3548 obliquius
1087 3468 1115 3528 in
1141 3469 1224 3529 illam

369 3558 521 3634 incidunt,
556 3560 663 3640 quippe
693 3560 722 3619 in
751 3560 807 3619 AB
841 3557 976 3618 incidunt
1007 3557 1164 3636 paralleli,
1194 3557 1223 3617 in

370 3648 428 3713 CD
457 3649 522 3727 jam
556 3655 782 3726 convergentes.
829 3647 921 3707 Patet
949 3645 1017 3707 hinc
1047 3665 1223 3707 concursum

368 3738 524 3799 radiorum
563 3738 693 3797 futurum
732 3735 855 3814 propius
885 3736 993 3808 multo,
1027 3756 1063 3797 ac
1098 3734 1223 3814 proinde
1337 3763 1339 3766 ·

369 3844 482 3887 cavam
509 3828 620 3887 lentem
649 3826 887 3905 appropinquare
919 3824 1027 3884 debere
1051 3823 1125 3903 ipsis
1149 3842 1223 3883 con-

367 3915 459 3975 vexis
482 3915 538 3976 AB
565 3922 596 3975 et
620 3913 674 3976 OD
698 3932 751 3993 per
776 3913 858 3975 CIX.
896 3913 1099 3973 [deserendam
1124 3919 1223 3973 autem

368 4023 440 4065 esse
474 4004 583 4064 lentem
616 4021 722 4063 cavam
756 4002 834 4062 intra
867 4003 880 4063 l
912 4009 1071 4081 punctum,
1105 4001 1183 4080 quod
1214 4001 1352 4062 dimidiat
1382 4001 1639 4062 semidiametrum
1670 3999 1730 4062 HR

367 4093 469 4173 ipsius
492 4091 693 4153 convexitatis
707 4092 774 4165 ΑΒ,
799 4098 886 4170 patet
909 4091 988 4152 inde.
1028 4088 1077 4151 Sit
1100 4089 1177 4149 enim
1197 4089 1254 4169 ipsi
1274 4091 1319 4150 HI
1343 4090 1482 4152 dimidiae
1507 4089 1643 4169 aequalis
1660 4086 1730 4164 GL,

366 4191 403 4243 et
427 4182 485 4242 hac
509 4180 610 4242 circuli
634 4180 856 4241 semidiametro
881 4180 935 4239 fiat
958 4180 1022 4240 lens
1041 4179 1094 4240 EF
1117 4178 1359 4240 convexitatibus
1382 4179 1471 4254 ELF,
1496 4180 1591 4253 EMF,
1617 4187 1649 4239 et
1671 4178 1729 4257 ipsi

366 4267 430 4331 LG
455 4268 497 4330 sit
521 4269 655 4349 aequalis
681 4266 750 4330 GK.
797 4268 879 4346 Ergo
906 4287 960 4348 per
983 4268 1134 4330 LXXIX.
1160 4266 1185 4327 si
1210 4277 1292 4329 esset
1319 4267 1407 4329 unica
1436 4266 1606 4347 superficies
1629 4267 1727 4341 EMF,

366 4360 426 4421 illa
458 4378 553 4439 aeque
586 4359 701 4418 valeret
734 4357 849 4418 duabus
873 4356 967 4436 ipsius
990 4358 1062 4424 AB,
1093 4355 1206 4415 faciens
1239 4353 1401 4435 parallelis
1435 4376 1610 4418 concurrere
1635 4356 1665 4415 in
1688 4355 1728 4428 K,

365 4447 452 4528 qnod
483 4465 593 4526 aeque.
608 4447 704 4507 distat
732 4446 769 4506 ab
793 4445 846 4506 EF
870 4465 905 4507 ae
928 4446 957 4505 Η
985 4464 1146 4506 concursus
1175 4444 1271 4506 distat
1295 4446 1333 4506 ab
1355 4445 1422 4508 ΑΒ.
1470 4445 1564 4525 Atqui
1588 4445 1652 4506 leus
1675 4442 1729 4503 EF

364 4536 466 4598 babet
490 4535 565 4596 duas
588 4535 668 4596 tales
695 4534 877 4614 superficies,
924 4533 967 4595 Et
994 4535 1073 4596 sicut
1101 4533 1256 4612 superficie
1280 4534 1367 4595 ΕΜΓ
1396 4535 1553 4613 complexa
1581 4541 1630 4594 est
1652 4549 1727 4593 con·

364 4625 525 4685 rexitates
550 4625 656 4685 ambas
679 4623 772 4701 ipsius
795 4624 863 4695 AB,
887 4623 930 4683 sic
955 4622 1109 4703 superficie
1133 4622 1230 4682 altera
1248 4621 1330 4684 ELF
1353 4623 1561 4700 complectitur
1584 4618 1727 4682 convexi-

366 4720 454 4775 tates
486 4713 591 4773 ambas
615 4712 645 4772 iu
670 4711 735 4786 CD,
761 4711 869 4791 quippe
892 4711 949 4772 AB
974 4720 1006 4772 et
1029 4708 1084 4771 OD
1108 4717 1180 4771 sunt
1208 4709 1321 4771 similes
1351 4710 1429 4772 sicut
1457 4720 1489 4772 et
1515 4711 1605 4784 ELI',
1629 4708 1726 4770 EMF.

366 4800 435 4863 Sed
467 4800 521 4861 EF
552 4801 618 4861 lens
652 4801 798 4879 utrimque
834 4818 969 4861 convexa
998 4799 1161 4877 parallelos
1193 4817 1368 4861 concurrere
1401 4799 1475 4860 facit
1501 4798 1531 4860 in
1563 4796 1593 4859 G
1623 4803 1726 4858 centro

366 4910 426 4972 per
439 4890 595 4954 XXXIX.
620 4889 677 4951 hoc
701 4897 749 4950 est
771 4889 802 4951 in
826 4888 972 4949 distantia
986 4886 1054 4962 LG,
1080 4889 1156 4968 quae
1180 4895 1228 4948 est
1252 4887 1346 4967 ipsius
1370 4885 1585 4950 semidiametri
1609 4886 1645 4946 de
1668 4883 1726 4947 AB

369 4978 506 5041 dimidia
544 4978 626 5058 Ergo
650 4984 682 5039 et
703 4977 771 5049 AB,
796 4976 852 5039 OD
876 4978 973 5038 lentes
997 4977 1169 5038 associatae
1193 4984 1224 5036 et
1247 4975 1406 5056 contiguae
1430 4984 1541 5055 cogunt
1563 4973 1728 5054 parallelos

335 5065 353 5076 “
370 5067 405 5128 in
428 5066 577 5129 distantia
609 5065 733 5135 dimidia
763 5067 851 5146 hujus
883 5065 1116 5139 semidiametri,
1150 5065 1206 5125 hoc
1232 5072 1281 5125 est
1302 5063 1383 5127 circa
1405 5065 1421 5126 I
1444 5071 1595 5143 punctum.
1643 5061 1730 5126 Cava

373 5169 446 5218 vero
470 5155 537 5217 lens
562 5143 621 5235 'per
649 5152 734 5219 CIX
764 5156 846 5218 intra
873 5162 1017 5235 punctum
1047 5171 1210 5216 concursus
1242 5152 1370 5215 locanda
1399 5159 1462 5229 est,
1495 5171 1567 5233 ergo
1598 5150 1727 5214 intraL

378 5332 391 5344 Δ
425 5257 639 5309 [amonemu-
1483 5251 1518 5310 36

1417 2566 1470 2630 rig.
1490 2562 1532 2616 ³1.
