4584 6192
1029 633 1112 685 Notae
1129 635 1243 684 Editoria
1742 632 1807 699 813

465 811 507 868 rei
527 812 658 867 memoria
679 814 759 883 quasi
772 831 810 867 ex
825 830 917 868 somno
939 812 1055 878 subest),
1077 816 1233 884 discrepare
1246 823 1391 886 magnetes
1406 833 1456 869 nec
1469 817 1564 869 eodem
1578 831 1669 868 omnes
1684 831 1809 886 vergere.

465 895 593 956 Summa,
623 895 645 947 si
666 894 735 947 nibil
756 894 783 947 in
803 895 855 947 hoc
875 889 976 964 puncto
1004 899 1212 965 responderem,
1243 897 1437 949 honestissima
1462 896 1525 949 mihi
1553 904 1628 949 esset
1657 896 1809 958 excusatio,
1854 902 1860 914 '

466 990 549 1045 quam
578 974 727 1029 temeraria
752 976 928 1044 responsione
958 977 1023 1029 mihi
1054 977 1177 1029 inutilem
1205 978 1296 1030 reddo.
1338 977 1460 1039 Etenim,
1489 994 1549 1029 cum
1570 992 1669 1029 annum
1691 970 1738 1030 26.
1760 977 1809 1031 rix

466 1070 597 1126 egressus
618 1054 681 1119 sim,
708 1055 843 1109 mathesin
869 1073 934 1109 vero
955 1075 1007 1109 nou
1033 1057 1182 1118 maturius,
1210 1074 1290 1127 quam
1312 1060 1347 1110 ab
1374 1074 1444 1109 anno
1466 1054 1511 1112 94.
1534 1056 1604 1109 serio
1626 1056 1675 1109 sim
1696 1059 1808 1111 adortus

465 1142 497 1189 et
515 1134 685 1204 potissimum
707 1142 813 1205 tempus
827 1136 854 1189 in
869 1137 1059 1207 prognosticis,
1082 1137 1227 1190 vanissimo
1249 1139 1344 1192 labore
1364 1139 1410 1190 sed
1431 1136 1595 1198 necessario,
1617 1138 1808 1191 consumserim

466 1216 620 1269 hacteuus:
643 1216 793 1285 intelliges,
815 1232 896 1285 quam
916 1236 969 1288 ego
991 1236 1044 1271 nou
1058 1219 1108 1271 sim
1128 1218 1246 1271 lectione
1267 1218 1456 1271 historicorum
1481 1219 1516 1269 ad
1537 1219 1637 1270 arduas
1658 1217 1811 1287 hujusmodi

467 1296 643 1366 quaestiones
665 1296 822 1351 instructus.

556 1384 618 1434 Inda
636 1385 726 1433 transit
737 1384 859 1447 Keplcrus
878 1384 911 1433 ad
927 1383 1084 1434 Prodromum
1098 1384 1130 1445 (r.
1145 1387 1201 1435 Vol.
1214 1385 1234 1442 l,
1248 1401 1271 1449 p.
1286 1382 1331 1445 62)
1351 1392 1377 1435 ει
1394 1386 1438 1434 sub
1457 1385 1531 1434 finem
1549 1383 1633 1433 addit:
1652 1377 1696 1430 Ex
1706 1377 1810 1431 Lauda·

466 1458 565 1529 bergio
587 1454 821 1528 (trigonometria)
842 1458 997 1525 computavi
1018 1460 1227 1513 declinationem
1256 1459 1394 1529 magnetis
1422 1458 1543 1527 exempli
1563 1473 1663 1519 causa,
1685 1474 1718 1509 eo
1740 1459 1810 1528 quod

468 1558 504 1592 ex
524 1539 673 1592 relectione
694 1544 802 1592 tuarum
822 1538 964 1592 literarum
985 1538 1121 1603 intellexi,
1143 1547 1254 1610 gratum
1268 1540 1318 1592 tibi
1332 1540 1384 1593 hoc
1404 1540 1531 1593 futurum.
1559 1542 1703 1608 Apponam
1718 1545 1811 1592 autem

471 1619 603 1673 calculum
624 1635 684 1671 cum
705 1618 954 1681 demonstratione,
968 1618 1033 1688 quia
1053 1620 1080 1672 in
1102 1621 1209 1674 calculo
1230 1619 1316 1672 minus
1338 1637 1396 1672 sum
1417 1627 1554 1681 versatus,
1575 1624 1608 1672 ut
1623 1617 1754 1687 judicium
1775 1620 1809 1672 de

469 1718 500 1753 eo
521 1717 558 1752 ex
583 1700 775 1753 demonstratis
804 1699 876 1752 ferre
907 1715 1002 1768 posses
1032 1700 1117 1754 sicubi
1147 1717 1293 1755 errassem.
1332 1700 1404 1753 Sane
1435 1700 1512 1754 nulla
1541 1715 1604 1753 mea
1630 1697 1693 1752 huic
1721 1698 1810 1753 labori
1838 1756 1846 1769 ‚

470 1779 575 1833 utilitas
596 1788 641 1833 est
671 1779 825 1849 proposita.
857 1796 916 1832 cum
937 1780 1035 1842 sciam,
1066 1781 1167 1834 rectius
1194 1780 1264 1833 haec
1285 1798 1303 1834 a
1323 1780 1440 1833 versatis
1461 1780 1488 1833 in
1510 1786 1571 1833 arte
1598 1778 1668 1848 peti,
1698 1788 1811 1849 quoram
1862 1844 1868 1857 ·

471 1876 523 1913 nou
543 1876 692 1929 paucorum
713 1860 800 1912 babes
822 1859 955 1914 notitiam.
998 1861 1132 1931 Quidquid
1151 1860 1239 1931 igitur
1259 1861 1340 1931 hujus
1362 1861 1448 1924 facio,
1470 1878 1524 1914 non
1545 1860 1601 1913 alio
1622 1876 1703 1931 quam
1722 1859 1811 1931 grati·

472 1940 570 1994 tudinis
592 1940 680 1993 studio
702 1940 781 1994 facio.
1653 1975 1656 1980 -

555 2022 694 2075 Mercator
707 2021 735 2072 in
750 2021 849 2073 tabula
869 2019 1062 2088 septentrionis
1078 2025 1108 2072 ut
1121 2027 1152 2072 et
1166 2020 1192 2074 in
1207 2021 1299 2073 altera
1319 2021 1417 2074 bisecti
1431 2022 1576 2075 Terrarum
1590 2020 1663 2075 orbis
1683 2021 1813 2092 designat

473 2100 532 2170 poli
549 2101 687 2171 magnetis
709 2101 784 2170 long.
808 2095 886 2168 1780,
908 2100 958 2153 lat
982 2094 1033 2152 160
1055 2097 1102 2153 30‘
1124 2117 1142 2153 a
1163 2102 1226 2169 polo
1248 2101 1359 2155 arctico.
1388 2102 1461 2156 Idem
1481 2102 1509 2155 in
1530 2102 1629 2155 tabula
1648 2102 1812 2157 Germaniae

472 2188 502 2235 ει
523 2179 550 2233 in
569 2182 692 2235 omnibus
713 2180 895 2251 generalibus
914 2181 1087 2234 Monachium
1107 2181 1195 2235 refert
1216 2182 1265 2233 sub
1288 2182 1363 2253 long.
1386 2178 1439 2235 330
1459 2178 1516 2246 48’,
1538 2183 1587 2237 lat.
1609 2177 1670 2238 480.
1864 2174 1891 2219 ἵ

561 2278 590 2332 ln
610 2279 663 2331 hoc
684 2286 776 2332 autem
797 2278 909 2350 negotio
931 2297 1042 2333 necesse
1056 2287 1101 2333 cst
1115 2282 1150 2333 ad
1171 2296 1289 2334 errorem
1311 2280 1450 2335 vitandum
1464 2280 1643 2336 Mercatorem
1664 2298 1713 2334 nos
1727 2281 1813 2351 sequi,

471 2360 592 2430 quamvis
615 2358 739 2427 Apianus
761 2358 786 2412 ei
808 2359 883 2412 litem
905 2360 932 2413 iu
953 2360 1125 2431 longitudine
1147 2378 1257 2414 morere
1278 2361 1374 2429 possit.
1414 2363 1492 2415 Haec
1513 2362 1535 2416 si
1555 2379 1619 2416 rere
1640 2360 1682 2416 ita
1701 2361 1813 2427 habeut,

470 2442 553 2492 datur
573 2432 605 2494 Δ
623 2439 707 2502 PML,
730 2440 900 2510 cognitorum
921 2441 1032 2493 duorum
1053 2442 1170 2496 laterum
1190 2442 1245 2504 LP‚
1266 2442 1318 2495 MP
1338 2448 1368 2495 et
1388 2443 1492 2514 angulo
1513 2444 1549 2497 ab
1570 2442 1603 2496 iis

470 2518 670 2589 comprehenso.
711 2521 763 2573 Est
783 2520 854 2575 euim
874 2521 898 2574 L
918 2521 1003 2583 locus,
1024 2523 1047 2575 P
1067 2522 1156 2591 polus,
1180 2522 1210 2574 M
1229 2522 1366 2593 magnetis
1388 2529 1531 2592 punctum,
1552 2523 1598 2576 LP

470 2599 693 2667 complementum
713 2600 874 2665 latitudinis,
896 2618 932 2654 sc.
956 2596 1016 2668 420,
1038 2602 1090 2656 ΡΜ
1104 2625 1140 2649 =
1156 2598 1207 2657 160
1228 2598 1276 2657 300
1300 2621 1335 2656 ex
1357 2604 1455 2657 tabula
1478 2620 1597 2675 geogra·
1622 2589 1641 2637 Γ
1773 2597 1803 2645 Π

469 2680 570 2750 phica;
590 2679 665 2733 LPM
691 2688 782 2734 autem
810 2680 851 2735 ita
876 2684 1063 2752 quaerendus:
1092 2683 1281 2737 subtrahenda
1308 2684 1383 2755 long.
1409 2683 1463 2737 loci
1484 2700 1502 2737 a
1522 2685 1597 2753 long.

469 2759 620 2831 magnetici
634 2761 697 2828 poli,
722 2756 792 2815 1780
813 2791 852 2799 -
867 2758 919 2815 330
940 2756 1124 2817 48--1440
1149 2758 1196 2817 12‘
1214 2765 1332 2835 angulus
1345 2765 1430 2819 LPM
1452 2765 1598 2827 Quaeritur

470 2831 601 2904 APLM,
625 2857 692 2910 quae
713 2851 758 2895 est
778 2842 924 2896 declinatio
944 2845 1082 2915 magnetis
1104 2845 1210 2898 alinea
1230 2845 1387 2900 meridiana.
1608 2912 1610 2916 Ι

560 2920 737 2976 Gontinuetur
756 2922 850 2992 itaque
870 2923 917 2977 LP
937 2923 965 2977 in
985 2925 1015 2988 F,
1037 2931 1066 2978 et
1086 2924 1247 2978 demittatur
1267 2943 1304 2978 ex
1320 2926 1349 2979 M
1364 2925 1597 2995 perpendicularis

470 3002 530 3057 MF.
571 3001 659 3070 igitur
681 3002 707 3055 in
733 2995 769 3062 Δ
788 3004 862 3057 PFM
886 3005 1004 3075 angulus
1025 3006 1048 3058 F
1071 3013 1163 3059 rectus
1192 3012 1246 3069 εει,
1276 2995 1312 3069 ζ
1332 3006 1405 3060 FPM
1426 3011 1470 3059 est
1494 3007 1598 3077 angulo

470 3082 549 3138 LPM
568 3080 679 3152 cognito
699 3083 822 3137 residuus
851 3087 885 3137 ad
913 3087 978 3138 duos
1004 3092 1107 3149 rectos,
1130 3104 1168 3139 sc.
1192 3080 1244 3139 350
1267 3082 1333 3149 48’;
1359 3088 1434 3139 latus
1461 3102 1526 3139 vero
1546 3084 1599 3139 PM

472 3162 613 3235 cognitum
628 3168 680 3214 est.
705 3164 825 3217 Possunt
837 3166 931 3237 itaque
952 3166 1114 3238 investigari
1129 3167 1222 3221 latera
1234 3167 1293 3231 FM,
1309 3167 1361 3231 FP,
1384 3167 1481 3238 quibus
1496 3166 1598 3221 habitis

471 3243 584 3297 dabitur
604 3235 640 3299 Δ
660 3242 742 3307 MFL,
774 3246 891 3317 cognitis
921 3246 1054 3302 lateribus
1080 3248 1143 3312 MF,
1172 3248 1217 3301 FL
1246 3254 1276 3301 et
1306 3248 1467 3320 investigari
1497 3246 1599 3319 poterit

470 3319 510 3389 Δ
529 3322 604 3378 FLM
624 3332 768 3394 quaestus.

564 3404 656 3459 Prima
676 3406 797 3474 operatio
818 3427 867 3479 pro
888 3409 978 3462 latere
999 3409 1057 3467 ΡΜ.
1098 3407 1252 3462 Radius:
1280 3402 1452 3475 10000000;
1474 3412 1548 3467 latus
1569 3413 1670 3468 PM:
1686 3405 1736 3465 16⁰
1758 3406 1816 3476 30‘.
1929 3422 1932 3429 ’

473 3486 550 3541 sinus
572 3478 726 3546 2840153;
744 3478 781 3550 Α
800 3490 874 3545 FPM
894 3512 929 3537 =
952 3484 1003 3543 350
1024 3484 1082 3553 480,
1105 3488 1156 3544 siu.
1178 3483 1323 3545 5849578.

565 3566 660 3620 Prodit
682 3560 822 3636 1661370,
846 3571 920 3625 sinus
942 3587 1022 3625 arcus
1045 3567 1077 3624 90
1100 3565 1155 3632 34’,
1178 3568 1223 3641 qui
1244 3578 1287 3625 est
1308 3572 1382 3625 latus
1403 3571 1463 3625 FM.

563 3646 688 3702 Secunda
702 3650 823 3715 operatio
838 3668 888 3722 pro
900 3653 989 3705 latere
1003 3652 1054 3706 FP.
1083 3651 1211 3721 Angulus
1230 3650 1304 3707 FPM
1317 3673 1353 3698 =
1368 3646 1419 3706 350
1441 3646 1498 3715 48,
1520 3654 1616 3722 compl.
1632 3674 1669 3699 =
1683 3647 1738 3707 540
1760 3645 1815 3716 12‘,

473 3727 526 3783 siu.
547 3722 693 3781 8110638.
734 3727 817 3785 Larus
838 3733 891 3785 PM
910 3754 946 3779 =
969 3726 1019 3787 160
1042 3727 1097 3795 30¹,
1120 3732 1268 3804 foecundus
1289 3735 1324 3798 (h.
1339 3750 1361 3786 s.
1380 3724 1498 3805 tangam)
1519 3732 1582 3802 ejus
1604 3726 1748 3787 2962135.

564 3808 659 3864 Prodit
688 3800 817 3867 2402481
847 3812 995 3867 foecundus
1027 3828 1105 3867 arcus
1137 3804 1188 3865 130
1220 3805 1276 3876 310,
1312 3826 1409 3880 nempe
1445 3812 1542 3866 lateris
1572 3813 1624 3867 FP.
1664 3812 1751 3867 Latus
1772 3810 1817 3866 PF

476 3909 515 3938 =
540 3886 591 3946 130
614 3887 670 3955 31’,
692 3892 765 3945 latus
785 3889 828 3947 PL
847 3916 883 3942 =
903 3888 964 3958 420,
986 3894 1061 3948 latus
1082 3892 1168 3966 igitur
1187 3892 1232 3945 FL
1252 3915 1288 3942 =
1309 3885 1362 3946 55⁰
1384 3884 1440 3946 31‘.
1717 3898 1722 3907 ’

565 3972 659 4027 Tertia
680 3971 802 4042 operatio
819 3992 869 4045 pro
891 3974 994 4045 angulo
1015 3973 1097 4028 FLM
1137 3972 1225 4026 Latus
1245 3973 1291 4027 LF
1310 3988 1347 4014 =
1366 3966 1420 4026 55⁰
1441 3965 1497 4033 31’,
1520 3970 1570 4027 sin.
1590 3965 1737 4028 8242909.

565 4053 669 4108 Radius
693 4047 852 4113 10000000.
892 4055 979 4107 Latus
1000 4055 1051 4108 FM
1071 4075 1107 4102 =
1127 4052 1160 4109 00
1184 4048 1238 4116 34’,
1261 4053 1408 4106 foecundus
1435 4046 1576 4108 1685390.

566 4134 661 4188 Prodit
682 4126 817 4188 2044642
834 4136 991 4189 foecundus.
1031 4134 1100 4203 Ejus
1122 4150 1202 4189 arcus
1225 4127 1277 4187 11⁰
1300 4127 1354 4197 33’,
1376 4149 1473 4202 nempe
1494 4134 1613 4204 angulus
1634 4131 1716 4186 FLM.

490 4226 497 4237 ·
568 4214 667 4285 ltaque
680 4212 817 4267 Monachii
837 4215 942 4287 lingula
961 4222 1091 4286 magnete
1115 4214 1190 4269 illita
1209 4213 1330 4268 declinat
1350 4228 1369 4267 a
1382 4213 1615 4284 septentrionibus
1636 4214 1671 4266 ad
1691 4214 1817 4268 dextram

479 4289 533 4352 110
555 4291 611 4360 33‘,
634 4295 656 4348 si
677 4311 714 4348 sc.
735 4310 801 4348 vera
821 4302 881 4350 suut
902 4312 972 4368 quae
993 4312 1078 4366 supra
1098 4295 1245 4365 posuimus.

571 4393 656 4448 Porro
678 4393 802 4463 disputat
815 4393 937 4467 Scaliger
950 4401 979 4448 et
993 4395 1143 4459 Cardenus,
1161 4410 1289 4465 quorsum
1302 4398 1403 4464 vergat
1415 4408 1538 4464 magnes,
1560 4408 1623 4446 num
1637 4392 1672 4446 ad
1685 4391 1817 4460 polarcm,

478 4494 518 4532 an
540 4476 574 4529 ad
600 4480 706 4528 montes
736 4474 787 4527 sub
818 4474 900 4543 polo?
930 4473 1028 4530 Incidit
1051 4474 1122 4529 'mihi
1151 4474 1369 4545 experimentum
1398 4471 1523 4544 capiendi
1549 4474 1651 4528 modus.
1691 4472 1755 4525 Fiat
1781 4489 1819 4525 ex

479 4555 579 4628 quavis
609 4554 726 4608 materia
754 4562 866 4624 practer
890 4557 1009 4610 ferream
1039 4554 1156 4609 circulus
1186 4554 1410 4625 aequalissimus‚
1438 4553 1466 4606 in
1486 4559 1561 4607 certo
1586 4559 1687 4622 puncto
1708 4552 1818 4605 circum-

480 4635 619 4691 ferentiae
640 4636 675 4687 ad
700 4641 822 4689 centrum
847 4651 928 4704 usque
957 4636 1123 4705 perforatus.
1165 4635 1196 4688 Iu
1216 4636 1242 4688 id
1264 4636 1387 4690 foramen
1415 4633 1564 4687 immitatur
1590 4633 1698 4703 lingula
1728 4631 1820 4686 ferrea

480 4721 612 4786 magnete
633 4714 686 4768 rite
710 4714 856 4778 illinenda,
884 4717 974 4770 sedin
999 4716 1130 4770 foramine
1155 4716 1242 4770 libere
1267 4716 1388 4785 pendeus
1408 4720 1602 4784 praeterquam
1622 4714 1649 4766 iu
1669 4712 1761 4766 radice
1782 4714 1818 4766 ad

481 4804 615 4851 centrum.
656 4794 697 4847 lbi
717 4796 788 4850 enim
808 4797 909 4867 figatur
924 4796 1042 4868 lingula.
1072 4796 1151 4849 Prius
1172 4802 1264 4849 autem
1288 4811 1369 4866 quam
1393 4793 1519 4848 illinatur
1544 4799 1674 4865 magnete
1695 4799 1752 4847 tam
1772 4792 1818 4846 diu

483 4883 619 4947 aequetur
639 4874 764 4940 circulus,
787 4877 871 4930 donec
893 4870 985 4947 (super
1005 4892 1060 4930 axe
1084 4873 1204 4940 erectus)
1226 4876 1463 4946 quomodocunque
1482 4874 1589 4945 positus
1614 4872 1748 4928 consistat
1766 4890 1819 4928 neo

483 4972 626 5025 unapars
646 4956 735 5024 magis
757 4972 838 5027 quam
858 4958 949 5010 altera
973 4959 1098 5011 deorsum
1127 4958 1232 5011 tondat
1272 4957 1332 5009 Hoc
1352 4954 1391 5009 sic
1416 4961 1515 5024 parato
1545 4953 1685 5007 affricctur
1709 4952 1820 5023 lingula

483 5042 616 5107 magnete
637 5041 666 5088 et
686 5036 812 5106 erigatur
831 5036 946 5090 circulus
962 5054 1046 5107 super
1066 5053 1121 5091 axe
1141 5053 1191 5090 suo
1211 5036 1259 5100 ita
1280 5042 1313 5090 ut
1333 5052 1393 5089 cum
1413 5034 1561 5088 meridiano
1582 5031 1645 5102 (seu
1661 5049 1743 5105 urago
1756 5050 1818 5087 curn

483 5119 534 5171 illo
554 5115 694 5177 seruoli,
725 5117 769 5186 qui
791 5132 841 5186 per
866 5117 957 5186 polum
982 5117 1120 5189 magnetis
1148 5112 1262 5184 transit)
1289 5115 1432 5169 coincidet.
1471 5116 1510 5170 Et
1531 5130 1611 5184 pars,
1642 5114 1670 5167 in
1693 5128 1749 5183 qua
1773 5118 1818 5167 est

483 5196 602 5270 lingula,
623 5195 786 5252 advolvatur
806 5196 989 5266 septentrioni
1016 5197 1151 5265 Existimo
1171 5212 1297 5269 namque,
1318 5196 1342 5251 si
1355 5211 1470 5268 magnes
1491 5197 1526 5250 ad
1546 5194 1688 5252 stellam
1706 5198 1816 5267 vergat,
