4584 6192
982 557 1012 609 ι.
1031 558 1101 608 ..ιιι
1121 555 1224 622 opticus.
1719 560 1781 630 103

423 751 461 792 an
485 731 554 810 ipsa
568 733 656 793 Luna
679 733 787 795 lucidis
805 733 854 794 vel
874 732 1045 795 rubicundis
1063 700 1093 795 in
1113 733 1274 814 partibus?
1299 731 1509 804 Quantitatem
1528 737 1641 800 residui
1664 739 1781 802 luminis

423 838 481 881 nou
506 827 580 899 puto
603 840 735 901 aequare
760 823 902 902 digitum
927 821 1080 883 aestimari
1105 822 1227 883 anobis
1247 842 1305 884 non
1330 823 1439 902 potuit.
1479 822 1570 933 Certe
1590 827 1626 887 de
1651 826 1780 889 eircum-

424 907 555 970 lerentia
577 909 675 970 minus
699 929 787 990 quam
820 905 850 990 ¹!
881 912 936 972 fuit
960 911 1119 974 residuum.

511 996 701 1047 Fabricius:
721 998 812 1049 Scribis
832 1000 862 1048 de
881 1000 1050 1049 observatione
1070 1000 1201 1064 digitorum
1228 998 1420 1061 eclipticorum
1413 1016 1438 1048 m
1459 1000 1515 1051 Sole
1534 1002 1706 1064 perforamen
1726 1018 1782 1067 par·

423 1082 479 1116 rum
498 1075 526 1116 et
548 1068 712 1117 rotundum
705 1085 730 1118 ιιι
753 1069 856 1134 longiori
882 1070 963 1135 aliquo
987 1071 1169 1126 iustrumentoc
1197 1069 1246 1120 Sed
1272 1085 1363 1132 quaero
1382 1087 1426 1119 cur
1445 1072 1470 1120 in
1494 1073 1597 1122 breviori
1621 1075 1783 1124 instrumento

424 1145 450 1188 et
466 1138 550 1187 latiori
569 1153 626 1188 cum
653 1139 773 1189 toramine
792 1142 817 1190 id
836 1155 915 1205 aeque
933 1148 959 1190 et
983 1143 1082 1205 quidem
1107 1142 1194 1189 melius
1221 1156 1269 1189 non
1293 1144 1370 1204 possit
1393 1142 1468 1190 fieri?
1496 1143 1565 1193 Scire
1587 1159 1683 1209 quoque
1702 1146 1782 1208 cupio.

423 1223 551 1274 quousque
576 1210 743 1260 celamentum
766 1212 861 1261 canalis
879 1214 946 1260 intra
973 1227 1074 1261 scenam
1093 1227 1176 1261 versas
1204 1212 1322 1260 tabellam
1347 1213 1486 1262 inferiorem
1514 1216 1653 1279 pertingere
1673 1215 1784 1265 debeat?

424 1281 477 1345 Ego
495 1280 538 1328 hic
557 1293 658 1342 operam
672 1281 745 1337 dabo,
766 1290 793 1332 ut
806 1282 837 1332 ad
851 1297 907 1332 eum
920 1283 1018 1331 modum
1038 1290 1157 1346 quantum
1170 1284 1222 1331 fieri
1240 1291 1321 1345 potest
1335 1283 1397 1333 Solis
1417 1284 1514 1347 eclipsis
1534 1285 1617 1334 lutura
1635 1288 1782 1336 observetur.

423 1350 586 1399 instrumenti
604 1351 637 1400 ad
656 1352 840 1402 inclinationem
860 1353 948 1402 Lunae
966 1355 1177 1417 praesentandam
1196 1354 1309 1402 iusiorem
1329 1355 1517 1418 descriptionem
1536 1364 1632 1419 expeto.

514 1419 556 1469 De
576 1422 661 1484 eclipsi
681 1422 744 1471 Solis
764 1438 788 1472 a.
810 1421 878 1473 1540
896 1426 959 1473 seire
979 1427 1049 1488 cupio
1069 1439 1101 1474 an
1121 1425 1204 1473 totalis
1223 1424 1316 1473 tuerit?
1658 1443 1661 1448 ·

514 1492 719 1571 Keplerus:
756 1493 941 1563 Quaesivisti
967 1497 1002 1555 de
1036 1497 1138 1571 digitis
1164 1496 1310 1575 eclipticis
1335 1495 1539 1559 observandis.
1586 1498 1654 1558 Nou
1679 1498 1782 1561 dubito

427 1580 497 1660 quin
521 1580 599 1641 bene
631 1581 718 1643 lectis
744 1590 775 1643 et
803 1582 966 1645 intellectis
990 1582 1062 1663 Opt.
1089 1586 1165 1657 Vll,
1191 1583 1220 1645 7.
1255 1583 1329 1645 nihil
1362 1584 1489 1662 amplius
1513 1586 1557 1647 sis
1581 1587 1781 1666 quaesiturus.

428 1668 559 1731 Omnino
584 1687 641 1748 quo
665 1671 762 1751 major
789 1673 942 1750 proportio
971 1672 1136 1733 distantiae
1160 1673 1198 1733 ad
1222 1672 1356 1732 i'oranren
1380 1673 1435 1733 hoc
1460 1674 1573 1735 melius.
1622 1673 1684 1735 Sed
1709 1674 1782 1736 lraec

428 1759 556 1822 frustra,
591 1757 689 1818 scribo
718 1760 796 1819 enim
825 1760 886 1820 ista
914 1760 1009 1839 pridie
1043 1760 1173 1838 eclipsis.
1222 1761 1287 1837 Ego
1319 1768 1444 1839 paratus
1477 1782 1559 1835 sum,
1582 1762 1782 1824 serenitatem

426 1855 529 1908 tamen
555 1845 694 1925 despero.
741 1847 819 1908 Nam
845 1858 876 1908 et
899 1849 992 1928 obper
1017 1847 1069 1909 27.
1091 1849 1176 1929 Sept.
1202 1849 1317 1909 Lunam
1342 1849 1370 1909 in
1395 1849 1493 1910 nimbo
1518 1870 1577 1911 nox
1599 1850 1783 1930 intempeste

426 1933 562 1995 tenebat.

512 2021 632 2083 Eadem
657 2022 693 2083 de
718 2024 833 2084 canaiis
857 2024 1046 2098 velamento;
1071 2023 1165 2084 servit
1188 2025 1225 2083 ad
1250 2023 1400 2084 tenebras.
1440 2025 1513 2085 Fine
1539 2024 1602 2086 viso
1627 2025 1782 2105 longitudo

423 2109 553 2191 patebit

515 2198 752 2259 instrumentum
774 2218 830 2279 pro
849 2199 953 2260 Lunae
978 2198 1221 2260 inclinationibus
1244 2218 1351 2277 parurn
1375 2200 1447 2260 milri
1470 2199 1592 2278 profuit.
1630 2201 1784 2264 Exercitio

424 2305 501 2368 opus
526 2293 577 2348 est
600 2295 634 2347 ut
655 2288 761 2348 melius
786 2289 848 2349 liat.
895 2287 1039 2349 Describe
1064 2296 1096 2348 tu
1119 2287 1220 2390 potius
1245 2287 1348 2348 fusius.

369 2389 373 2396 ·
514 2374 564 2435 De
599 2375 811 2437 observatione
845 2377 901 2437 ecl
931 2397 959 2437 a.
989 2372 1072 2437 1540
1101 2377 1228 2455 quaeris
1273 2376 1357 2437 Nihil
1391 2376 1497 2436 habeo.
1544 2375 1696 2437 Matutine
1729 2377 1786 2439 fuit

426 2461 566 2552 hora5,
600 2462 767 2524 incidens
760 2484 789 2525 m
822 2473 957 2526 exortunr
987 2465 1066 2527 Solis
1100 2485 1167 2525 cunr
1200 2472 1333 2526 stertunt
1368 2464 1455 2526 asini.
1480 2499 1524 2509 —
1555 2465 1617 2525 Inro
1649 2484 1685 2525 ne
1714 2466 1784 2546 quid

424 2559 604 2634 praetereat
633 2552 673 2613 ad
704 2554 781 2632 quod
807 2572 864 2614 non
889 2554 1104 2631 respondeam:
1129 2552 1247 2613 vides
1239 2573 1268 2613 ιιι
1292 2552 1491 2631 Ephemeride
1511 2553 1783 2631 consignationem,

422 2639 533 2717 ἰῑόῼ
566 2659 759 2719 perserenam
789 2661 847 2703 uon
879 2641 981 2702 fuisse.
1037 2641 1117 2702 Ecce
1150 2642 1205 2702 tibi
1237 2649 1366 2702 testem:
1398 2641 1538 2717 possideo
1566 2642 1784 2720 Ephemerides

423 2749 502 2810 quae
526 2730 612 2790 fuere
628 2727 798 2791 Schreiberi
813 2730 968 2802 Norib.;
961 2750 986 2789 rs
1010 2750 1045 2790 eo
1067 2730 1113 2790 die
1129 2730 1210 2791 Witt
1197 2731 1339 2809 tebergae
1362 2730 1427 2802 fuit,
1445 2730 1569 2809 apponit
1589 2731 1627 2791 ad
1642 2726 1672 2793 6.
1689 2732 1782 2812 Apr.:

425 2836 537 2890 „mane
560 2817 703 2890 nubilum,
728 2838 756 2896 p.
783 2838 821 2879 ιιι.
846 2837 991 2892 serenum,
1017 2829 1106 2879 noctu
1130 2819 1263 2897 pluvia.“

513 2904 693 2954 Fabricius
712 2905 827 2962 (Ostelae
847 2904 888 2954 10.
904 2904 946 2953 20.
960 2906 1021 2955 Dec.
1038 2903 1134 2966 1005);
1154 2905 1227 2956 Mitto
1242 2906 1414 2955 Germanicum
1435 2911 1570 2954 tractatum
1585 2906 1615 2956 de
1627 2921 1691 2957 nora
1704 2908 1785 2966 stella,

422 2978 485 3026 item
510 2976 696 3025 observationes
720 2980 847 3040 repetitas.
885 2977 1020 3026 Mercurius
1043 2978 1094 3027 iere
1122 2985 1175 3026 toto
1201 2977 1332 3026 Novembri
1356 2976 1479 3025 observari
1497 2979 1591 3039 potuit,
1613 2985 1639 3028 at
1662 2980 1784 3029 serenitas

423 3061 492 3097 rara.
530 3046 711 3111 Prognostieon
730 3050 750 3097 si
769 3049 867 3097 edidisti
885 3050 964 3104 mitte,
984 3050 1078 3113 gratius
1097 3048 1156 3097 mibi
1174 3048 1233 3097 nibil
1253 3050 1278 3096 in
1297 3048 1343 3096 hoe
1362 3062 1461 3110 genere.

497 3117 552 3182 Ego
568 3119 639 3179 jussu
658 3120 755 3167 comitis
775 3120 870 3176 Amici,
890 3120 931 3168 ubi
951 3120 1019 3179 polus
1038 3115 1087 3165 530
1106 3117 1149 3167 300
1170 3128 1195 3168 et
1220 3119 1329 3181 ejusdem
1355 3118 1514 3181 longitudinis
1534 3132 1589 3167 cum
1608 3120 1692 3182 prioris
1711 3119 1782 3170 habi·

423 3189 528 3238 tau‘onis
547 3188 609 3247 loeo,
630 3188 731 3251 eclipsin
751 3188 858 3239 Solis2.
880 3188 921 3238 12.
942 3189 998 3239 Oct
1020 3190 1154 3239 observari.
1193 3189 1284 3239 Verum
1303 3204 1359 3238 cum
1382 3190 1475 3238 adorno
1494 3203 1613 3253 generoso
1633 3191 1764 3240 Domino
1757 3206 1783 3240 m

424 3259 541 3308 cubiculo
566 3260 712 3308 observandi
740 3262 893 3309 commodum
919 3269 1074 3332 prospectum
1094 3261 1231 3316 stlocum
1256 3262 1353 3309 iuterim
1377 3260 1469 3322 incepit
1493 3261 1597 3322 eclipsis
1635 3262 1783 3312 Procurrena

423 3330 483 3380 inde
503 3330 535 3379 ad
555 3329 654 3385 vallum,
674 3332 700 3378 ιιι
718 3346 765 3394 quo
784 3332 908 3395 quadrans
927 3333 1076 3381 constitutus
1096 3340 1165 3389 erat,
1185 3333 1285 3380 observo
1312 3331 1467 3380 altitudinem
1486 3330 1550 3378 Solis
1568 3332 1688 3381 interioris
1705 3333 1783 3390 limbi,

424 3409 481 3450 erat
499 3397 592 3459 25010.
630 3401 717 3450 Finem
745 3405 900 3452 exactissime
929 3404 1072 3458 observari3
1102 3403 1144 3451 alt.
1172 3403 1292 3451 inferioris
1315 3402 1380 3451 limbi
1400 3401 1463 3450 Solis
1490 3398 1535 3448 170
1554 3400 1615 3459 55’;
1644 3403 1747 3453 auteh
1767 3401 1782 3453 3

424 3472 539 3537 diligenti
559 3473 733 3521 aestimatione
753 3473 882 3537 digitorum
901 3471 916 3521 3
932 3476 978 3523 tuit
990 3473 1028 3522 rel
1047 3476 1122 3522 etiam
1141 3475 1228 3530 minor,
1248 3487 1402 3536 nequequam
1422 3479 1506 3521 autem
1524 3475 1610 3534 maior.
1646 3474 1785 3524 Adiueruut

422 3541 574 3601 leemites,
605 3542 776 3602 cancellarius,
803 3544 941 3594 medicinae
972 3545 1057 3593 doctor
1075 3554 1100 3593 et
1125 3544 1221 3607 plurimi
1250 3544 1351 3593 nobiles.
1390 3542 1491 3592 Coelum
1509 3550 1550 3592 sat
1574 3559 1688 3595 serenum
1706 3547 1783 3595 iuter-

423 3614 580 3663 currentibus
599 3613 712 3662 nubibus.

515 3683 578 3733 Cum
597 3684 696 3747 eclipsis
714 3685 801 3735 Lunae
820 3685 845 3733 d.
867 3684 907 3732 17.
928 3683 998 3746 (27.)
1019 3684 1087 3747 Sept
1113 3685 1146 3734 ad
1165 3683 1180 3732 2
1199 3686 1297 3733 minuta
1321 3685 1400 3746 prima
1422 3685 1556 3733 obscurata
1581 3691 1655 3740 essct,
1680 3683 1784 3734 altitudo

422 3755 481 3806 Sin'i
501 3754 569 3818 apud
586 3769 632 3804 noa
651 3753 753 3805 Ostelae
772 3754 825 3814 (nbi
847 3756 952 3805 elevatio
970 3757 1020 3820 poli
1039 3752 1088 3803 530
1111 3753 1163 3813 350,
1192 3757 1216 3803 in
1245 3754 1332 3804 eodem
1359 3755 1494 3804 meridiano
1520 3771 1575 3804 cum
1601 3756 1660 3804 urbe
1679 3754 1784 3810 Embda,

424 3825 476 3887 101,
499 3825 550 3874 mil.
570 3826 603 3874 ab
621 3825 702 3875 Emda
721 3834 747 3876 et
767 3823 815 3887 101,
837 3827 888 3875 mil.
913 3828 964 3877 lere
983 3828 1078 3876 Aurios
1102 3824 1208 3888 distans)
1227 3821 1258 3876 80
1277 3823 1319 3873 200
1340 3826 1393 3874 tuit.
1429 3825 1459 3873 ιιι
1477 3826 1587 3874 maxima
1611 3825 1784 3875 obscuratione

423 3896 558 3947 ridebatur
575 3897 652 3946 tertia
669 3910 726 3960 pars
750 3897 849 3954 lucida;
877 3913 932 3948 eum
959 3898 1061 3948 dimidia
1087 3898 1208 3947 diameter
1233 3896 1357 3954 deiiceret,
1381 3894 1485 3944 altitudo
1504 3894 1637 3957 Procyonia
1657 3893 1704 3942 270
1721 3892 1765 3944 300
1777 3912 1784 3953 ς

423 3969 482 4018 linia
500 3968 548 4017 luit
565 3982 621 4017 cam
639 3968 692 4030 ipso
712 3967 775 4017 Solis
794 3977 857 4017 ortu.
877 3967 879 3971 '

516 4038 626 4101 Ecliprin
650 4038 739 4088 Lnuae
767 4039 840 4101 buius
868 4041 926 4088 anni
954 4040 979 4088 in
1003 4037 1095 4087 Martio
1121 4035 1158 4099 (3.
1178 4039 1237 4100 Apr.
1256 4053 1282 4086 n.
1301 4033 1344 4097 st.)
1372 4036 1558 4100 diligentissime
1586 4035 1711 4085 observari
1738 4049 1786 4086 nee

423 4111 559 4175 quiequam
578 4109 666 4158 erroris
684 4110 723 4159 rel
742 4111 767 4158 in
785 4111 854 4159 initio
872 4110 910 4160 rel
929 4110 978 4159 fine
996 4110 1122 4172 irrepsisse
1141 4123 1272 4166 asserero;
1292 4121 1367 4171 quare
1386 4107 1420 4156 illi
1438 4107 1501 4156 fidas
1519 4107 1581 4155 rolo.
1601 4129 1636 4139 -

517 4178 709 4229 Observationes
728 4180 804 4230 hasce
823 4181 903 4230 addo:

516 4247 604 4299 4.14
623 4250 683 4300 lun.
705 4248 791 4308 1605;
812 4251 926 4301 maneb.
948 4249 1008 4299 3ιιι
1033 4249 1163 4299 altitudine
1183 4249 1287 4312 Aquilae
1306 4244 1354 4296 420
1375 4244 1425 4303 130,
1449 4261 1504 4309 cap.
1525 4246 1589 4330 Opb.
1609 4242 1665 4304 350,
1684 4246 1787 4307 illane

423 4329 451 4372 et
470 4321 564 4385 Aquila
580 4321 709 4370 dictabam
728 4318 840 4378 29038
859 4323 928 4383 'liet
946 4336 1001 4385 cap.
1023 4320 1086 4385 Opb.
1107 4316 1155 4368 510
1176 4318 1316 4380 12;iet
1333 4333 1442 4382 superior
1460 4319 1534 4367 trium
1552 4319 1578 4366 iu
1597 4316 1650 4383 ill:
1670 4313 1785 4366 230130.

501 4390 948 4457 212.Jnl.2lr.postoccasum
984 4392 1043 4445 liin
1062 4391 1125 4441 med.
1147 4391 1377 4447 coeii,abAutare
1391 4384 1506 4443 43041
1520 4389 1654 4453 abAquila
1671 4383 1787 4439 310400.

985 4463 1009 4524 it
1029 4463 1061 4511 ab
1080 4461 1142 4524 Oph.
1163 4475 1209 4524 eap
1212 4494 1396 4508 .....
1434 4454 1481 4506 430
1518 4455 1543 4507 7.
1839 4484 1841 4488 -

1036 4533 1174 4590 „Autare
1212 4564 1396 4579 .....
1434 4526 1477 4575 18
1502 4527 1545 4577 28.

988 4602 1171 4665 „„Aquila
1209 4636 1214 4649 .
1253 4637 1259 4649 .
1297 4633 1303 4646 .
1342 4635 1348 4649 .
1387 4633 1394 4648 .
1432 4596 1544 4648 2350.

482 4670 524 4722 18.
544 4671 587 4723 28.
607 4672 671 4723 Nor.
690 4686 781 4725 mane:
985 4668 1048 4733 d„
1078 4674 1155 4736 Spica
1207 4707 1213 4720 .
1252 4707 1258 4719 .
1296 4707 1302 4719 .
1340 4706 1347 4719 .
1386 4705 1392 4719 .
1430 4667 1472 4718 30.
1498 4668 1542 4719 40.
1579 4661 1722 4729 815040.

989 4780 1001 4802 ,,
1036 4780 1049 4802 ,,
1080 4743 1156 4792 Clara
1173 4745 1199 4792 in
1217 4744 1279 4794 collo
1300 4739 1412 4805 Serpent.
1433 4737 1476 4790 23.
1502 4738 1545 4791 58.
1594 4775 1607 4798 ,,
1648 4775 1660 4799 ,,
1690 4738 1714 4789 5.

989 4850 1001 4873 ,,
1036 4850 1049 4872 „
1082 4817 1217 4864 Arcturo.
1255 4849 1261 4861 .
1300 4848 1306 4860 .
1343 4845 1350 4859 .
1388 4847 1394 4859 .
1432 4809 1543 4861 4051.
1594 4845 1607 4869 ,,
1648 4808 1714 4869 „b

989 4884 1104 4945 „„d
1162 4879 1542 4933 ......33.55.
1594 4879 1714 4938 ,,,7.

483 4953 1002 5015 22.Νοι.2.ι)οο.ιι.1ιιιιοοιιιιιιιΘ,,
1032 4991 1045 5015 ,,
1075 4955 1169 5019 Spica.
1208 4990 1214 5002 .
1253 4990 1259 5002 .
1298 4989 1304 5001 .
1343 4989 1349 5002 .
1388 4988 1394 5001 .
1433 4950 1475 5003 30.
1501 4950 1544 5000 27.
1595 4988 1608 5011 ,,
1648 4987 1661 5010 ,,
1690 4951 1716 5000 5.

989 5029 1214 5086 „„Arcturo.
1253 5060 1259 5073 .
1298 5020 1544 5074 ...45.10.

427 5093 450 5160 Q
469 5096 506 5147 ab
520 5098 590 5147 initio
607 5095 672 5147 Nor.
692 5097 725 5148 ad
743 5094 786 5147 25.
804 5096 884 5158 eiusd.
903 5097 1026 5147 obsecrari
1048 5098 1177 5161 potuisset,
1196 5098 1333 5161 sirempse
1350 5095 1481 5145 commoda
1497 5094 1619 5144 amenitas
1637 5092 1733 5143 luisset.
1752 5113 1788 5127 -
