4584 6192
1003 559 1086 624 cnut
1103 557 1134 609 v.
1158 558 1183 609 ²·
1705 560 1770 628 asr

412 732 484 795 nibil
507 732 654 795 distincte
679 734 820 795 cernitur.
867 736 912 797 At
934 753 988 815 per
1011 756 1113 798 omues
1137 737 1324 798 radiationes
1357 737 1492 816 ejusdem
1515 739 1618 816 puncti
1652 741 1687 812 (a
1710 759 1769 821 quo

412 822 668 902 perpendicularis
692 842 746 901 per
770 831 874 884 centra
907 826 1061 887 foraminis
1086 835 1116 888 et
1140 825 1293 886 humorum
1322 827 1388 887 duci
1420 830 1537 905 potest)
1570 828 1715 890 collectas
1738 830 1767 891 in

413 912 507 991 ipsum
532 920 669 973 centrum
694 912 849 973 foraminis
869 915 953 975 nervi
978 916 1048 989 (ΙΙΙ,
1074 911 1126 977 29.
1144 915 1256 986 Vitel.)
1281 914 1399 975 omuino
1424 916 1540 976 directa
1562 926 1594 976 et
1616 917 1769 997 explicata

411 1019 462 1061 seu
486 1000 636 1062 distincta
658 1000 692 1061 fit
714 1001 801 1062 visio.

497 1090 558 1151 Est
582 1091 682 1169 itaque
707 1090 823 1151 retiuae
848 1090 930 1152 color
953 1110 1047 1170 neque
1073 1091 1251 1152 tenebrosus
1275 1111 1328 1152 sen
1352 1091 1446 1169 niger,
1471 1110 1507 1151 ne
1533 1093 1649 1154 colores
1671 1113 1769 1158 rerum

411 1178 552 1258 tingeret,
577 1197 673 1257 neque
696 1179 785 1256 plane
809 1180 1051 1248 candidissimus,
1075 1199 1113 1241 ne
1137 1180 1308 1241 claritatem
1332 1180 1452 1240 nimiam
1475 1180 1572 1242 vitreo
1588 1181 1767 1258 infunderet,

411 1277 442 1329 et
463 1287 511 1341 ne,
538 1286 613 1346 quae
638 1286 729 1346 super
752 1269 828 1328 hunc
853 1269 923 1329 alba
939 1277 970 1330 et
994 1269 1093 1329 lucida
1116 1277 1392 1348 repraesentantur,
1416 1269 1615 1331 immoderata
1638 1289 1767 1351 propor-

411 1357 489 1417 tione
513 1357 674 1417 obfuseeut
696 1357 848 1417 tinctiora.
897 1358 976 1417 Vide
1000 1359 1091 1418 corol.
1117 1359 1156 1419 ad
1181 1355 1233 1420 30.
1259 1367 1290 1419 et
1313 1355 1364 1421 31.
1391 1376 1477 1436 prop.
1503 1356 1579 1435 Cap.
1603 1361 1628 1420 1.
1656 1360 1769 1439 Figura

413 1446 525 1507 retinae
564 1445 633 1523 plus
666 1453 715 1505 est
747 1465 835 1525 qnam
866 1446 1136 1524 hemisphaerium,
1166 1447 1292 1526 primum
1321 1447 1391 1525 quia
1423 1446 1673 1526 hemisphaerium
1698 1468 1767 1511 esse

411 1535 541 1614 oportuit
572 1534 612 1593 ad
645 1534 902 1612 proportionatam
933 1537 1021 1596 rebus
1054 1536 1201 1614 picturam
1230 1536 1448 1613 recipiendam,
1480 1544 1514 1597 ut
1536 1536 1601 1614 jam
1633 1537 1765 1600 dictum:

406 1624 541 1703 reliquus
565 1640 636 1683 vero
661 1624 768 1684 limbus
788 1643 881 1702 usque
905 1626 943 1686 ad
959 1623 1079 1686 eiliares
1098 1643 1257 1703 processus
1282 1632 1329 1685 est
1345 1624 1548 1695 continuatus,
1572 1633 1605 1685 ut
1633 1625 1766 1689 infarctu

411 1713 495 1773 vitrei
528 1711 611 1790 globi
645 1712 824 1773 retineretur
851 1713 950 1774 retina
978 1714 1124 1787 distenta,
1157 1715 1234 1775 collo
1260 1714 1325 1791 jam
1355 1713 1528 1793 augustiore
1561 1714 1643 1775 facto
1675 1733 1764 1794 quam

411 1810 522 1862 ventre.
571 1800 718 1879 Nuspiam
751 1820 857 1880 nempe
892 1802 1009 1880 alligari
1039 1803 1136 1881 potuit
1169 1803 1207 1863 ob
1240 1803 1471 1864 teneritudinem
1498 1810 1530 1863 et
1562 1802 1764 1865 subtilitatem

410 1890 531 1969 spiritus
556 1889 679 1950 visorii:
704 1892 751 1950 oui
775 1891 867 1951 etiam
891 1891 990 1951 canali
1014 1911 1088 1970 opus
1113 1892 1169 1968 fuit
1193 1892 1222 1951 in
1247 1911 1337 1952 nervo
1362 1900 1469 1952 contra
1492 1890 1668 1971 reliquorum
1693 1911 1764 1953 ner-

410 1997 511 2040 uorum
535 1987 685 2049 naturam,
710 1998 746 2038 ne
771 1980 973 2041 substantiam
997 1981 1115 2058 quidem
1139 1980 1221 2041 nervi
1246 1981 1418 2042 sustinenti.
1464 1981 1545 2042 Nam
1568 1981 1594 2041 si
1614 2000 1670 2041 non
1696 1982 1764 2060 plus

410 2067 628 2146 hemisphaerio
653 2077 832 2146 occupasset
855 2070 963 2140 retina,
988 2069 1140 2147 corrugari
1165 2077 1197 2130 et
1220 2069 1258 2129 ad
1273 2070 1356 2130 nervi
1380 2088 1488 2130 nexum
1509 2069 1597 2130 facile
1612 2070 1764 2147 potuisset

371 2230 375 2236 .
409 2175 569 2219 recurrere.
616 2158 664 2217 Ac
688 2158 780 2217 etiam
804 2158 918 2218 hiatum
943 2178 1066 2218 necesse
1097 2158 1153 2218 fuit
1181 2157 1324 2235 compleri
1352 2158 1390 2217 ab
1419 2157 1638 2236 hemisphaerio
1668 2177 1762 2238 usque

410 2247 445 2307 ad
468 2246 592 2307 ciliares
616 2264 793 2323 processus:
818 2246 926 2307 fuisset
950 2248 1041 2325 igitur
1065 2247 1119 2306 hoe
1144 2254 1238 2307 anta
1262 2247 1401 2307 choroide
1416 2247 1640 2324 praestandum,
1667 2258 1763 2310 auta

408 2337 512 2396 vitreo.
561 2334 718 2395 Pulchrius
750 2354 821 2395 vero
846 2336 875 2395 id
898 2337 960 2397 fieri
990 2336 1138 2397 aretina.
1187 2334 1248 2397 Sed
1281 2354 1377 2414 neque
1407 2354 1528 2397 cessare
1556 2335 1675 2397 videtur
1705 2337 1764 2397 iste
1812 2319 1820 2339 ⁸

409 2424 515 2485 limbus
540 2444 561 2483 a
582 2423 703 2484 videndi
727 2425 887 2485 functione.
935 2424 1082 2494 Quamvis
1104 2445 1134 2485 n.
1160 2443 1301 2485 conorum
1329 2443 1382 2502 per
1409 2424 1615 2505 crystallinum
1647 2426 1761 2486 forma-

409 2523 503 2575 torum
528 2513 628 2573 nullus
652 2512 747 2590 ipsum
772 2514 944 2592 contingat:
969 2514 1107 2575 videntur
1131 2513 1285 2574 tamenin
1310 2514 1366 2574 hoc
1390 2513 1487 2592 ipsum
1508 2515 1655 2575 formatae
1669 2514 1763 2575 rimae

409 2602 552 2663 ciliarium
568 2619 769 2679 processuum,
797 2611 830 2663 nt
852 2603 902 2663 hm
926 2623 945 2662 a
968 2603 1113 2664 lateribus
1138 2603 1357 2682 quadamtenus
1380 2602 1586 2681 ingrederetur
1608 2603 1763 2681 percilia-

409 2710 453 2752 res
475 2709 639 2771 processus
663 2699 694 2750 et
718 2713 735 2750 a
759 2692 875 2752 retinae
899 2691 959 2751 isto
983 2692 1073 2753 limbo
1097 2691 1270 2752 abundante
1294 2691 1492 2769 exciperetur.
1533 2692 1654 2753 Etenim
1678 2700 1764 2754 recta
1868 2760 1879 2776 .

408 2780 443 2841 ab
466 2779 662 2841 extremitate
687 2799 813 2840 corneae
836 2799 890 2859 per
914 2781 1083 2860 propiorem
1112 2780 1234 2841 limbum
1266 2780 1420 2841 foraminis
1448 2799 1542 2841 uveae
1575 2781 1667 2841 ducta
1700 2782 1762 2843 fers

407 2870 510 2931 incidit
532 2870 564 2929 iu
588 2868 813 2930 commissuram
838 2870 1006 2950 crystallini
1029 2889 1095 2930 cum
1119 2870 1272 2930 ciliaribus
1296 2869 1486 2947 processibus
1515 2888 1569 2948 per
1592 2872 1763 2949 oppositum

349 3008 352 3012 .
409 2957 562 3020 lamminis
587 2957 707 3017 limbum
731 2958 840 3030 ducta,
869 2959 969 3035 tangit
999 2960 1060 3020 fere
1092 2966 1189 3041 ortum
1213 2958 1359 3019 ciliarium
1391 2977 1586 3036 processuum
1610 2977 1647 3018 ex
1674 2978 1761 3021 uvea.

408 3049 506 3129 Atque
531 3047 587 3107 hoc
603 3047 843 3108 machinamento
862 3048 981 3123 videtur
995 3057 1103 3108 natura
1122 3047 1297 3120 obtinuisse,
1322 3056 1356 3107 ut
1377 3048 1444 3125 plus
1464 3066 1553 3126 quam
1567 3046 1762 3126 hemisphae-
1833 3111 1846 3134 ·

409 3138 480 3198 num
512 3154 702 3197 cerneremus
736 3136 867 3197 immotis
898 3136 1008 3197 oculis:
1042 3136 1160 3197 omniuo
1189 3145 1332 3215 quantum
1365 3155 1419 3214 per
1445 3137 1560 3197 hircum
1590 3136 1763 3199 admittitur

409 3227 491 3288 oculo
516 3225 636 3286 minime
662 3226 784 3285 reflexo.
831 3226 940 3286 Parum
970 3226 1107 3305 equidem
1140 3225 1229 3285 abest
1257 3225 1325 3304 quin
1359 3225 1509 3287 auriculas
1537 3226 1635 3304 ipsas,
1669 3243 1761 3305 prae-

409 3314 510 3377 sertim
539 3313 566 3374 si
598 3313 747 3393 longiores
777 3315 902 3388 fuerint,
933 3315 1039 3376 intueri
1076 3313 1176 3393 possis
1214 3316 1299 3374 oculo
1336 3314 1443 3375 vicino.
1490 3314 1563 3375 Vidi
1601 3334 1692 3394 saepe
1729 3322 1762 3375 et

410 3406 531 3465 miratus
556 3422 622 3463 sum
647 3411 679 3464 et
702 3401 804 3464 Solem
828 3411 860 3463 et
884 3403 1018 3464 umbram
1041 3422 1151 3477 meam,
1180 3403 1265 3482 quasi
1298 3410 1421 3482 uterque
1455 3404 1484 3464 in
1509 3403 1662 3465 anteriora
1691 3423 1762 3464 ver-

409 3501 512 3572 gerent
536 3510 592 3553 nec
616 3501 846 3571 opponerentur.
892 3493 978 3552 Hanc
1002 3493 1171 3553 cautionem
1199 3500 1309 3553 natura
1331 3492 1450 3553 videtur
1472 3493 1586 3554 tutelae
1609 3494 1762 3555 oculorum

409 3581 595 3654 adhibuisse,
620 3590 654 3641 ut
678 3600 753 3659 quae
779 3602 797 3641 a
821 3601 941 3642 camera
965 3602 1022 3642 non
1048 3589 1267 3654 averterentur,
1293 3600 1352 3659 qua
1375 3590 1480 3662 patere
1503 3583 1586 3643 illam
1620 3580 1760 3661 oportuit,

408 3671 457 3731 illa
487 3671 722 3751 propinquantia
753 3671 858 3731 statim
889 3671 918 3730 in
950 3681 1142 3748 conspectum
1179 3670 1317 3730 venirent
1354 3689 1609 3751 quorsumcunque
1647 3671 1761 3731 intento

408 3761 498 3822 oculo.
546 3761 625 3822 Nam
649 3759 700 3837 qui
724 3767 819 3820 totum
844 3759 954 3819 animal
979 3761 1125 3820 custodit:
1151 3759 1220 3838 quin
1244 3778 1302 3819 non
1326 3767 1358 3818 et
1381 3778 1449 3819 sese
1473 3760 1633 3839 diligenter
1656 3767 1760 3821 custo·
1842 3782 1845 3787 ·

408 3849 470 3910 diat
492 3857 525 3910 et
547 3849 604 3909 hoc
628 3868 734 3908 munus
759 3848 804 3908 sui
828 3850 962 3926 corporis
986 3868 1074 3908 curae
1099 3847 1233 3908 tribuat?

493 3938 619 3998 Vitreus
643 3956 731 4015 porro
756 3938 926 4015 pelliculam
950 3938 1088 4010 obtinuit,
1115 3956 1151 3997 ue
1175 3936 1396 3997 humectatione
1421 3955 1543 3997 nervum
1567 3955 1619 3997 sen
1634 3934 1761 3998 retinam

408 4036 564 4088 enervaret
588 4034 620 4086 et
643 4027 821 4088 flaccescere
847 4027 980 4099 faceret3
1014 4046 1088 4086 neve
1117 4026 1262 4087 anteriori
1291 4033 1377 4104 parte
1406 4044 1459 4104 per
1491 4026 1582 4087 rimas
1615 4024 1761 4087 ciliarium

407 4134 595 4194 processuum
620 4133 686 4175 cum
718 4134 812 4195 aqueo
841 4116 1083 4175 confunderetur.
1131 4115 1259 4175 Differre
1288 4115 1371 4176 illum
1401 4114 1533 4193 oportuit
1561 4113 1714 4175 densitate
1743 4135 1762 4175 a

407 4205 581 4287 crystallino
606 4205 740 4283 adeoque
765 4213 795 4264 et
819 4204 856 4263 ab
882 4223 975 4283 nqueo
1000 4224 1093 4264 causa
1117 4204 1315 4264 refractionis.
1362 4202 1430 4264 Nisi
1455 4203 1533 4282 enim
1556 4203 1652 4265 rarior
1680 4212 1763 4265 esset

407 4294 593 4376 crystallino,
618 4312 676 4353 non
692 4294 906 4371 colligerentur
929 4293 1004 4354 radii
1029 4314 1048 4353 a
1070 4292 1365 4373 perpendicularibus
1390 4292 1452 4353 suis
1468 4292 1507 4353 ad
1521 4294 1587 4354 coni
1602 4293 1763 4371 cujuslibet

406 4402 500 4444 axem.
549 4380 666 4452 Quodsi
697 4391 728 4443 et
761 4381 881 4443 densior
918 4383 1032 4442 vitreus
1075 4401 1185 4462 aqueo‚
1222 4400 1279 4461 quo
1316 4381 1450 4456 densior,
1492 4383 1548 4443 hoc
1584 4382 1761 4461 profundius

406 4472 584 4534 descendere
610 4479 760 4550 poterunt,
785 4472 834 4550 qui
865 4490 919 4550 per
943 4471 1062 4531 ciliares
1086 4472 1179 4532 rimas
1204 4470 1410 4549 ingrediuntur
1440 4479 1471 4532 et
1499 4472 1644 4533 extremis
1676 4470 1760 4533 conis

406 4579 458 4640 per
480 4560 690 4642 crystallinum
715 4559 909 4621 conformatis
934 4560 1224 4639 appropinquabunt.

492 4648 696 4732 crystallinus
716 4650 783 4727 jam
807 4649 969 4710 tuniculam
994 4658 1042 4709 est
1065 4658 1187 4721 nactus,
1213 4669 1259 4722 ue,
1285 4646 1383 4709 mollis
1407 4667 1474 4710 cum
1499 4649 1549 4724 sit,
1575 4666 1642 4709 cum
1664 4665 1761 4727 aquen

407 4740 644 4801 confunderetur.
691 4740 790 4799 Minor
813 4747 914 4798 autem
938 4747 1004 4810 est,
1028 4756 1116 4817 quam
1141 4746 1176 4799 ut
1199 4739 1296 4799 latera
1319 4737 1435 4798 retiuae
1459 4745 1618 4817 taugeret,
1647 4744 1681 4799 nt
1703 4736 1759 4798 hoe

407 4828 586 4891 diastemate
615 4827 691 4888 radii
722 4846 861 4908 sonorum
893 4827 1105 4906 colligerentur
1134 4827 1173 4887 ad
1196 4834 1347 4906 punctum.
1395 4825 1498 4895 Quare
1522 4835 1553 4889 et
1576 4824 1705 4887 stabiliri
1728 4832 1760 4887 et

406 4919 540 4980 connecti
565 4917 740 4978 nutrimenti
772 4935 865 4977 causa
898 4916 1009 4989 debuit,
1040 4935 1093 4994 per
1126 4915 1244 4977 ciliares
1267 4933 1429 4995 processus
1450 4915 1584 4978 choroidi
1613 4933 1758 4976 annexae.

408 5003 466 5075 Qui
480 5008 555 5086 nigri
575 5014 647 5066 sunt
669 5005 808 5085 undique,
833 5023 870 5064 ue
893 5006 1037 5066 illustrati
1061 5004 1231 5065 claritatem
1255 5006 1408 5066 facerent:
1433 5004 1759 5079 contemnebantur

407 5094 493 5157 vitrei
515 5113 648 5170 camera,
671 5094 751 5175 quod
772 5112 830 5174 par
852 5096 917 5170 fuit,
941 5094 1068 5155 obscura
1092 5102 1175 5155 esset
1197 5112 1292 5175 neque
1314 5092 1429 5155 vitreus
1452 5094 1622 5157 illustratas
1640 5092 1758 5174 speeies
