4584 6192
982 577 1111 640 appendix
1131 578 1163 628 ad
1186 578 1268 642 Caput
1286 578 1306 627 l.
1762 578 1823 647 149

466 758 558 808 aerem
577 751 749 807 illustrabit:
770 753 839 806 visio
860 762 953 807 tamen
967 771 1022 807 non
1042 764 1182 825 sequetur·
1195 757 1317 824 quamvis
1339 758 1417 810 oculo
1434 758 1460 810 in
1482 760 1554 812 aeris
1576 760 1709 814 illustrati
1732 762 1823 830 spatio

466 833 622 887 constituto.
658 832 832 885 Contrarium
853 833 945 901 potius
966 841 1089 888 testatur
1109 835 1302 904 experientia:
1325 844 1357 889 ut
1377 855 1430 906 quo
1452 839 1549 892 fortius
1571 840 1728 893 illustratur
1749 842 1824 897 color

466 913 572 982 aliquus,
595 912 647 965 hoc
669 919 798 965 cernatur
819 908 859 978 (id
881 922 925 966 est
945 914 1081 977 reluceat)
1110 915 1263 968 evidentius
1290 916 1370 985 idque
1399 918 1536 971 continue.
1578 920 1655 990 Ergo
1676 920 1722 973 ubi
1745 922 1824 975 nulla

464 994 562 1046 coloris
584 991 745 1054 illustratio,
768 992 845 1045 nulla
866 993 951 1046 etiam
977 994 1038 1061 ejus
1060 994 1139 1057 visio,
1172 996 1297 1064 quicquid
1319 998 1369 1048 fist
1394 998 1549 1066 perspicuo.
1592 1000 1636 1051 lta
1657 1002 1739 1052 etde
1760 1017 1822 1070 per-

465 1073 557 1141 spicuo
584 1078 709 1126 testatur
738 1072 926 1140 experientia,
960 1090 1012 1143 quo
1043 1075 1132 1143 magis
1160 1074 1187 1127 in
1212 1074 1271 1143 ipso
1298 1076 1346 1128 lux
1378 1076 1618 1141 animadvertitur,
1651 1080 1703 1132 hoc
1733 1080 1822 1151 magis

465 1152 586 1220 impediri
609 1152 731 1205 colorum
761 1152 892 1204 visionem
913 1155 959 1222 qui
982 1161 1057 1206 trans
1084 1155 1151 1207 illud
1183 1161 1259 1215 sunt,
1292 1157 1357 1224 quia
1387 1155 1510 1210 inhaesio
1540 1159 1608 1211 lucis
1630 1158 1657 1210 in
1678 1160 1822 1228 perspicuo

465 1230 581 1285 destruit
603 1232 788 1284 definitionem
809 1233 956 1301 perspicui.
1226 1237 1228 1243 '

552 1312 632 1371 Quod
653 1312 675 1362 si
704 1328 821 1379 quaeras
843 1329 879 1364 ex
900 1314 1067 1373 Aristotele,
1099 1329 1152 1381 quo
1174 1333 1210 1367 ex
1231 1331 1335 1384 genere
1363 1322 1452 1368 motus
1479 1316 1527 1377 sit,
1556 1334 1615 1369 curn
1636 1318 1712 1370 color
1731 1326 1823 1372 moret

467 1398 529 1445 actu
550 1389 728 1459 perspicuum
749 1401 777 1443 et
803 1409 861 1443 curn
884 1393 934 1444 hoc
963 1401 1054 1445 movet
1081 1393 1201 1455 oculum,
1233 1395 1306 1446 dicet
1335 1396 1432 1462 opinor
1462 1396 1657 1449 alterationem
1681 1392 1756 1465 (cap.
1780 1392 1821 1462 5).

466 1472 492 1526 si
512 1487 632 1540 quaeras
655 1473 801 1524 secundum
829 1488 909 1539 quam
936 1473 1113 1542 qualitatem,
1144 1476 1290 1526 secundum
1316 1475 1434 1527 colorem
1463 1483 1572 1542 oportet
1594 1483 1626 1528 ut
1646 1478 1821 1544 respondeat.

465 1552 538 1621 Ergo
559 1550 737 1620 perspicuum
758 1567 775 1602 a
797 1568 850 1603 non
872 1551 963 1605 colore
985 1553 1012 1605 in
1034 1552 1152 1604 colorem
1174 1560 1203 1606 et
1224 1570 1329 1606 rursum
1351 1571 1369 1606 a
1390 1554 1467 1605 viridi
1491 1554 1517 1606 in
1543 1556 1658 1608 rubeum
1680 1562 1709 1608 et
1730 1564 1821 1610 atrum

467 1631 628 1683 traducitur.
663 1632 737 1683 ldem
757 1630 844 1699 igitur
865 1633 1039 1700 perspicuum
1062 1633 1156 1684 eadem
1177 1634 1217 1685 sui
1241 1627 1321 1701 part'e
1343 1634 1466 1687 omnibus
1488 1634 1595 1686 omnino
1617 1635 1753 1687 coloribus
1768 1635 1821 1688 erit

468 1711 598 1762 imbutum
620 1717 650 1762 et
671 1719 763 1762 tamen
785 1710 906 1763 movebit
927 1712 1048 1763 diversos
1070 1712 1143 1763 visus
1166 1731 1219 1765 non
1242 1713 1291 1765 illa
1314 1714 1434 1766 colorum
1456 1713 1626 1776 confusione,
1649 1721 1681 1766 ut
1702 1714 1822 1767 colorum

467 1790 650 1842 confusionem
673 1791 785 1842 videant
806 1791 922 1842 eandem
937 1808 1038 1852 omnes,
1062 1793 1108 1842 sed
1124 1795 1194 1860 quod
1212 1792 1388 1859 experientia
1409 1800 1531 1845 testatur
1545 1792 1617 1845 huno
1631 1793 1715 1846 faciet
1729 1794 1822 1847 ridere

468 1870 557 1928 viride,
581 1868 667 1921 alium
689 1869 805 1938 nigrum,
829 1870 939 1923 tertium
961 1872 1084 1923 rubeum.
1129 1872 1238 1932 Quaeso
1261 1879 1354 1925 autem
1376 1888 1430 1941 qua
1450 1872 1558 1925 ratione
1584 1873 1749 1940 pellucidum
1771 1874 1823 1927 hoc

468 1956 612 2017 praestare
640 1949 763 2016 poterit?
794 1950 830 2001 Et
857 1952 990 2018 quomodo
1012 1951 1039 2002 in
1066 1961 1203 2004 momento
1231 1958 1313 2004 tanta
1347 1953 1419 2004 aeris
1446 1952 1617 2019 profunditas
1645 1952 1820 2015 alterabitur,

467 2028 515 2081 imo
536 2030 671 2097 quomodo
686 2035 729 2081 tot
750 2029 854 2081 colores
877 2030 1025 2083 sustinebit
1046 2032 1142 2083 eadem
1158 2038 1238 2099 parte
1253 2031 1294 2083 sui
1306 2038 1316 2082 ⁴?
1338 2032 1435 2101 ltaque
1457 2048 1518 2084 cum
1533 2032 1644 2084 nonsit
1664 2033 1823 2100 adaequata

466 2108 532 2173 haee
553 2109 743 2161 commentitia
764 2125 849 2161 causa
870 2110 979 2162 effectui
1001 2127 1089 2179 neque
1111 2114 1257 2163 secundum
1280 2112 1446 2163 varietatem
1468 2111 1600 2163 visionum
1616 2128 1669 2163 uno
1684 2113 1822 2166 eteoclem

468 2194 600 2240 momento
629 2188 721 2240 varios
744 2188 861 2256 etipsa
887 2191 978 2243 modos
1007 2190 1141 2258 accipiat,
1175 2208 1223 2259 pro
1245 2191 1324 2243 nulla
1352 2191 1480 2243 habetur.
1522 2191 1729 2258 Amplectamur
1752 2207 1821 2260 ergo

467 2284 555 2321 veram
578 2268 746 2321 sententiam
768 2269 818 2319 hoc
840 2269 932 2336 capite
953 2269 1117 2338 descriptam
1140 2280 1168 2322 et
1193 2269 1410 2323 irrefutabilibus
1440 2269 1636 2337 experimentis
1658 2269 1821 2333 stabilitam,

468 2347 566 2400 aSole
592 2347 699 2399 scilicet
720 2355 749 2400 et
770 2364 788 2399 a
813 2348 948 2401 coloribus
971 2349 1035 2402 Sole
1063 2349 1210 2402 illustratis
1242 2351 1361 2401 defluere
1391 2350 1497 2418 species
1523 2349 1676 2403 consimiles
1706 2350 1821 2420 ipsoque

469 2427 540 2479 luxu
562 2426 714 2488 attenuari,
737 2429 822 2479 donec
844 2428 870 2479 in
892 2428 1007 2481 medium
1029 2445 1192 2497 quacunque
1214 2429 1321 2481 ratione
1350 2446 1464 2497 opacum
1486 2428 1606 2481 incidant
1631 2428 1722 2497 ibique
1743 2444 1821 2482 suum

469 2506 566 2559 fontem
588 2506 761 2576 depingant:
783 2508 896 2576 fierique
917 2509 1047 2560 visionem
1071 2507 1154 2577 (quod
1176 2509 1248 2561 infra
1267 2525 1327 2576 cap.
1347 2508 1373 2562 5.
1396 2505 1523 2571 dicetur),
1545 2525 1604 2561 cum
1627 2524 1728 2577 opacus
1749 2508 1821 2561 oculi

469 2586 554 2653 paries
576 2587 630 2639 hoc
650 2588 729 2639 modo
752 2587 883 2656 pingitur,
906 2589 1056 2648 confusam,
1079 2605 1138 2640 cum
1160 2588 1363 2640 confunduntur
1384 2589 1421 2641 ibi
1443 2589 1567 2657 picturae
1589 2588 1727 2641 variorum
1748 2588 1821 2641 colo·

470 2682 528 2728 mm,
551 2665 719 2726 distinctam,
743 2683 802 2719 cum
824 2684 877 2718 non
899 2668 1109 2720 confunduntur.

550 2745 611 2798 Nisi
633 2745 704 2798 enim
727 2746 792 2798 talis
814 2747 940 2799 defluxus
961 2748 1118 2816 specieique
1136 2748 1280 2799 defluentis
1303 2746 1460 2800 attenuatio
1482 2747 1660 2807 adsciscatur,
1683 2762 1821 2816 nunquam

470 2825 649 2877 Aristotelicis
672 2825 811 2893 principiis
827 2826 969 2888 efficietur,
992 2835 1024 2879 ut
1039 2829 1133 2880 oculus
1149 2827 1233 2879 aliter
1254 2827 1392 2879 afficiatur
1413 2825 1517 2878 visione
1538 2831 1662 2879 remotae
1676 2826 1717 2878 rei
1738 2825 1822 2879 aliter

470 2905 643 2974 propinquae,
666 2905 823 2973 quantitate
846 2907 905 2959 visa
926 2913 955 2958 et
976 2908 1067 2959 colore
1088 2907 1146 2959 viso
1170 2906 1196 2958 in
1219 2906 1277 2973 pari
1300 2909 1388 2977 gradu
1410 2922 1460 2975 per
1485 2904 1736 2974 compensationem
1756 2923 1820 2958 con-

471 2983 578 3037 stitutis.
622 2984 691 3036 Vide
712 2987 746 3037 de
767 2985 819 3037 hoc
840 2986 924 3038 etiam
945 3002 1005 3053 cap.
1030 2986 1056 3040 3.

542 3064 691 3117 Sententia
715 3064 759 3117 13.
781 3081 875 3118 verum
897 3067 948 3118 hoc
978 3066 1078 3126 habet,
1110 3067 1215 3118 colores
1237 3084 1292 3119 non
1313 3064 1364 3116 nisi
1387 3064 1414 3116 in
1437 3064 1497 3115 luce
1523 3063 1621 3125 videri,
1653 3071 1684 3115 at
1708 3080 1821 3118 causam

473 3143 593 3213 assignat
615 3144 722 3206 salsam,
746 3146 807 3197 dum
829 3146 917 3197 lucem
939 3146 1075 3214 perspicui
1097 3161 1183 3198 causa
1204 3144 1360 3204 introducit,
1383 3160 1462 3213 quae,
1485 3152 1517 3195 ut
1537 3143 1603 3206 dixi,
1625 3150 1707 3195 nocet
1725 3144 1819 3211 potius

474 3224 619 3291 perspicuo.
649 3223 713 3276 Lux
734 3231 826 3277 autem
848 3226 908 3277 ideo
929 3225 1079 3295 requiritur
1094 3226 1128 3277 ad
1144 3226 1248 3277 colores
1271 3225 1408 3284 videndos,
1431 3222 1495 3292 quia
1516 3223 1621 3276 colores
1636 3240 1690 3276 non
1710 3223 1821 3278 radiant

474 3310 516 3354 sut
534 3303 653 3371 speciem
682 3304 812 3357 emittunt
833 3304 859 3356 in
880 3305 1120 3373 hemisphaerium,
1143 3305 1195 3357 nisi
1216 3305 1389 3358 illustrentur
1410 3303 1471 3355 luce
1493 3302 1564 3356 Solis
1585 3309 1635 3355 aut
1655 3302 1818 3358 facularum.

543 3400 588 3452 lta
616 3401 824 3454 sententiall.
854 3403 937 3470 plane
967 3405 1152 3470 pervertenda
1177 3411 1229 3456 est.
1272 3404 1331 3464 Quo
1357 3403 1419 3470 plus
1442 3402 1536 3454 oculus
1564 3401 1671 3469 patitur
1697 3399 1819 3466 (visionis

476 3478 560 3543 cansa)
582 3480 618 3531 ab
640 3479 814 3542 intermedio,
847 3482 898 3534 hoc
924 3484 1011 3534 minus
1041 3492 1117 3535 recte
1143 3491 1173 3535 et
1199 3482 1343 3551 perspicue
1364 3498 1408 3534 res
1439 3487 1517 3534 trans
1548 3479 1615 3532 illud
1645 3481 1819 3534 videbuntur.

477 3557 542 3611 Tunc
563 3559 659 3627 itaque
681 3560 883 3627 perfectissima
903 3563 934 3614 fit
955 3562 1035 3625 risio,
1059 3580 1119 3614 cum
1140 3564 1235 3614 oculus
1258 3563 1341 3630 plane
1363 3561 1488 3614 nihil-ab
1517 3560 1677 3613 intermedio
1704 3561 1819 3630 patitur.

553 3639 591 3691 Et
615 3638 666 3691 15:
689 3641 772 3708 plane
795 3643 889 3693 oculus
911 3658 929 3694 a
950 3643 1048 3694 coloris
1071 3642 1163 3711 specie
1183 3659 1234 3710 per
1255 3659 1352 3710 corpus
1378 3640 1543 3709 pellucidum
1566 3646 1727 3693 transeunte
1748 3640 1820 3692 alte·

479 3724 547 3772 ratur
567 3718 626 3770 sine
647 3736 700 3787 ope
721 3720 862 3787 pellucidi.

553 3798 592 3850 Et
616 3799 666 3851 16:
689 3799 712 3850 si
734 3800 816 3867 plane
838 3816 928 3853 vacua
948 3807 1024 3852 esset
1044 3801 1123 3870 regio
1144 3801 1251 3853 coelum
1271 3807 1302 3853 ot
1321 3801 1433 3852 Terram
1453 3798 1536 3858 inter,
1563 3798 1681 3850 omnium
1709 3811 1821 3850 accura-

480 3874 574 3930 tissima
595 3879 676 3930 lieret
696 3877 765 3930 risio
787 3896 889 3940 eorum,
910 3880 1024 3947 quaein
1046 3882 1123 3933 coelo
1140 3880 1200 3948 jam
1222 3881 1349 3932 ridentur
1370 3872 1553 3942 (nontamen,
1576 3878 1647 3946 quod
1661 3877 1709 3928 ille
1730 3875 1819 3944 philo·

480 3956 569 4024 sophus
592 3957 711 4019 dicebat,
734 3958 865 4012 formicae
887 3959 913 4010 in
936 3960 1021 4022 coelo,
1045 3960 1209 4028 impediente
1232 3961 1283 4012 hoc
1305 3957 1494 4011 imbecillitate
1515 3951 1711 4018 instrumenti).
1726 3947 1760 4013 ¹²)

553 4055 652 4124 Itaque
683 4054 796 4107 videant
823 4056 870 4107 alii
897 4056 959 4125 quid
988 4058 1021 4108 de
1051 4057 1185 4126 analogia
1214 4072 1341 4108 sensuum
1367 4052 1506 4105 sententia
1534 4053 1578 4105 ll.
1601 4052 1758 4104 introducta
1784 4051 1823 4106 sit

481 4134 646 4187 sentiendum.
678 4135 747 4195 Quid
769 4136 792 4187 si
814 4136 884 4188 enim
906 4136 1040 4205 analogia
1061 4136 1099 4187 sic
1119 4136 1212 4204 potius
1235 4136 1373 4194 formetur,
1395 4140 1427 4185 ut
1448 4139 1593 4201 postquam
1614 4132 1692 4183 nobis
1708 4133 1742 4184 de
1760 4130 1822 4186 visu

480 4221 577 4267 constat
593 4213 654 4281 jam
676 4216 710 4266 ad
732 4213 793 4281 ejus
815 4231 936 4267 normam
957 4217 1038 4267 etde
1061 4216 1156 4268 auditu
1178 4217 1265 4284 deque
1288 4216 1404 4277 odoratu
1425 4212 1602 4280 disputemus.
1643 4212 1682 4263 Et
1701 4213 1735 4264 de
1757 4197 1838 4266 odo-⁸

481 4299 531 4346 ratu
552 4293 659 4363 quidem
681 4311 759 4346 nenio
774 4295 895 4364 ‘negabit
917 4295 1029 4348 effluere
1051 4295 1190 4363 quippiam
1212 4294 1301 4347 odoris
1316 4311 1352 4345 ox
1367 4292 1429 4359 ipsa
1450 4291 1608 4343 substantia
1621 4290 1661 4342 rei
1682 4290 1821 4361 recipique

481 4368 501 4422 in
518 4390 611 4435 nares,
644 4373 724 4443 idque
746 4380 824 4426 tanto
847 4374 941 4426 sentiri
964 4374 1062 4427 lortius
1094 4381 1198 4442 quanto
1225 4373 1340 4427 medium
1361 4375 1391 4422 et
1415 4370 1548 4424 distantia
1574 4370 1721 4423 minuitur:
1753 4370 1822 4424 adeo

482 4448 536 4505 nihil
557 4454 591 4505 sd
613 4452 813 4506 informandum
834 4470 944 4505 sensum
965 4454 1070 4506 confert
1092 4453 1136 4506 hic
1157 4454 1281 4506 medium.
1314 4449 1438 4513 Quinimo
1460 4456 1583 4518 tempore
1604 4450 1712 4503 sistitur
1730 4449 1822 4502 fluxus

483 4524 530 4592 iste,
551 4531 710 4585 substantia
730 4540 851 4585 vacuata
871 4541 900 4585 et
922 4541 1064 4585 arescente
1093 4534 1177 4586 fonte.
1221 4534 1352 4601 Quodque
1378 4530 1480 4582 attinet
1507 4529 1712 4597 proportionem
1739 4527 1822 4595 hujus

484 4607 569 4663 ellarii
592 4613 625 4664 ad
648 4612 780 4674 medium,
803 4612 908 4664 scilicet
929 4614 963 4665 ad
989 4618 1095 4674 aerem,
1126 4615 1192 4665 odor
1220 4612 1291 4683 ignis
1318 4610 1452 4663 rationem
1484 4609 1571 4662 habet
1598 4622 1759 4676 sursumque
1786 4606 1822 4660 ab

484 4688 542 4742 teris
563 4691 732 4744 faeculentia
754 4691 914 4759 expellitur.
944 4693 973 4744 ld
996 4708 1054 4744 cum
1076 4692 1142 4744 alibi
1166 4701 1222 4745 tum
1243 4688 1445 4744 evidentissime
1461 4688 1488 4741 in
1503 4687 1663 4741 Cerinthiae
1684 4684 1822 4738 montibus

485 4770 663 4824 excelsissimis
684 4778 714 4823 et
733 4771 817 4839 plane
839 4771 924 4823 calvis
947 4771 1165 4825 animadversum
1188 4778 1238 4825 est.
1277 4772 1349 4822 Vere
1370 4785 1486 4838 namque
1507 4784 1558 4835 per
1578 4784 1625 4819 eos
1647 4765 1822 4818 ambulantes

487 4850 646 4903 pressimus
668 4850 777 4920 quidam
792 4856 821 4904 et
834 4851 918 4918 plane
941 4851 1092 4903 ambrosius
1108 4853 1174 4904 odor
1189 4870 1226 4904 ex
1241 4849 1373 4917 subjectis
1391 4847 1550 4901 florentibus
1572 4846 1693 4899 vallibus
1707 4842 1821 4913 excipit.

550 4938 630 4992 Circa
651 4939 773 4992 auditum
795 4940 955 5008 perplexior
976 4940 1082 5009 quidem
1096 4947 1141 4992 est
1162 4940 1235 4993 ratio
1256 4937 1410 4992 emanantis
1425 4936 1527 5005 speciei
1541 4936 1612 4987 ictus
1627 4948 1708 5003 quam
1722 4931 1822 4994 odoris,

488 5010 577 5071 milior
596 5024 692 5071 tamen
711 5035 793 5089 quam
814 5020 921 5073 coloris.
950 5019 1031 5072 Lucis
1052 5019 1123 5072 enim
1144 5027 1234 5073 motus
1256 5018 1284 5071 in
1304 5022 1440 5070 momento
1454 5022 1507 5069 est.
1535 5015 1609 5068 lotus
1629 5029 1695 5066 vero
1716 5009 1822 5082 species

488 5095 593 5165 tenpore
613 5097 753 5153 dimanat:
774 5099 837 5168 plus
858 5099 945 5169 igitur
965 5116 995 5152 se
1016 5101 1051 5153 ad
1073 5098 1207 5152 materiae
1232 5098 1355 5154 rationes
1380 5095 1575 5149 accommodat.
1615 5092 1655 5146 Et
1674 5092 1746 5164 quod
1765 5106 1822 5147 ms·
