4584 6192
979 567 1061 634 Caput
1078 566 1110 619 11.
1660 572 1721 638 157

369 743 512 824 imagines
546 747 676 810 lucentis
710 748 866 809 inversae:
897 744 1061 824 cujusmodi
1094 744 1180 806 vides
1210 746 1249 807 ad
1280 746 1369 807 Met
1397 747 1441 820 L,
1473 768 1528 829 per
1557 747 1721 829 punctaO

368 844 399 895 et
420 834 448 893 H
473 836 685 897 transmissas.
732 835 865 915 Cumque
888 832 980 895 ΕΟΜ
1003 834 1106 894 radius
1137 834 1179 894 sit
1202 854 1239 893 ex
1267 842 1369 896 centro
1402 837 1528 899 lucentis
1553 847 1585 899 et
1606 840 1722 901 medius

368 922 505 998 omnium,
530 925 582 1005 qui
606 943 639 985 se
659 925 688 986 in
710 922 736 985 Ο
760 934 872 1004 puncto
896 930 1010 996 secant,
1035 922 1140 1003 reliqui
1166 941 1237 999 ergo
1262 923 1342 983 ultra
1365 925 1500 1005 citraque
1524 926 1601 988 hunc
1625 937 1721 1000 erunt,

368 1012 469 1091 etqui
493 1032 533 1074 ex
557 1011 587 1083 Q
611 1023 721 1092 puncto
746 1012 905 1084 interiore,
930 1018 1068 1088 respectu
1093 1011 1264 1086 fenestrae,
1291 1012 1455 1087 descendit,
1481 1015 1616 1076 sectione
1640 1017 1669 1077 in
1694 1015 1721 1077 Ο

368 1102 449 1161 facta
471 1100 507 1162 fit
533 1102 600 1181 jam
633 1102 773 1163 exterior.
820 1103 869 1162 Ita
893 1101 929 1160 de
963 1099 1098 1160 omnibns
1130 1100 1250 1177 punctis
1284 1100 1342 1162 dici
1372 1110 1484 1179 potest.
1530 1102 1597 1174 Quo
1630 1113 1722 1182 pacto

367 1188 519 1251 creabitur
543 1190 674 1253 ambitus
698 1190 824 1270 amplior
848 1207 935 1269 qnam
958 1188 1074 1249 IKLM.
1121 1190 1168 1249 At
1190 1189 1272 1269 prius
1301 1189 1398 1268 major
1427 1202 1493 1253 erat
1517 1193 1591 1253 haec
1614 1192 1722 1253 IKLM

367 1277 474 1357 figura,
508 1298 597 1358 qnam
620 1278 736 1340 FGHO
761 1281 913 1349 fenestra,
946 1277 1039 1338 multo
1071 1276 1164 1355 igitur
1197 1278 1291 1355 major
1314 1286 1363 1339 est
1394 1277 1469 1340 haec
1496 1281 1562 1359 jam
1595 1281 1724 1343 dilatata

368 1366 470 1446 ligura,
496 1385 586 1447 qnam
610 1366 725 1428 FGHO
751 1369 892 1440 fenestra,
920 1366 997 1445 quod
1021 1373 1089 1426 erat
1112 1365 1387 1428 demonstrandum.

454 1472 547 1551 Prop.
572 1473 612 1533 V.
659 1473 794 1552 Figura
827 1471 920 1533 radii
950 1471 983 1531 in
1017 1470 1160 1549 pariete
1194 1472 1443 1534 confunditur
1476 1493 1516 1534 ex
1551 1475 1723 1537 lucentis

369 1561 520 1622 inversa
542 1569 579 1622 et
602 1563 788 1623 fenestrae
813 1561 955 1622 directa
984 1559 1122 1638 figura,
1157 1568 1194 1620 et
1217 1560 1269 1621 eis
1294 1561 1338 1621 ad
1362 1560 1453 1622 hunc
1482 1564 1622 1624 modum
1646 1564 1721 1625 situ

368 1650 582 1729 respondet.
620 1650 700 1710 Nam
723 1670 776 1730 per
799 1650 987 1712 corollarium
1011 1649 1120 1709 tertiae
1139 1648 1236 1726 figura
1259 1648 1386 1709 lucentis
1410 1650 1530 1711 inversa
1554 1651 1639 1730 qnasi
1663 1653 1723 1713 lina

368 1740 397 1800 in
420 1739 541 1800 lucente
566 1739 722 1816 superficie
746 1737 975 1800 circumducitur
998 1737 1161 1798 secundum
1186 1738 1330 1799 terminos
1355 1739 1515 1815 fenestrae,
1541 1759 1631 1819 qnare
1655 1741 1720 1802 sin-

369 1826 446 1905 gulis
468 1827 590 1906 punctis
615 1828 644 1888 in
668 1827 783 1906 pariete
817 1827 913 1888 lineas
944 1825 1105 1899 describit,
1122 1825 1286 1888 ‘lateribus
1320 1826 1471 1888 fenestrae
1504 1830 1722 1907 respondentes

369 1916 454 1994 idque
478 1935 519 1976 ex
549 1916 656 1976 eadem
682 1925 779 1995 parte.
827 1914 972 1976 Vicissim
999 1934 1053 1993 per
1085 1914 1274 1975 corollarium
1306 1914 1422 1993 primae
1445 1917 1539 1995 ligura
1572 1916 1723 1979 fenestrae
1786 1981 1789 1990 ,

370 2005 483 2065 directa
516 2004 603 2084 qnasi
637 2004 697 2064 fixa
725 2005 753 2065 in
787 2005 920 2064 fenestra
953 2003 1181 2064 circumducitur
1208 2004 1238 2063 in
1270 2003 1405 2082 pariete,
1436 2005 1587 2066 contrario
1620 2007 1723 2067 ordine

369 2093 504 2154 terminis
525 2092 654 2153 lucentis
679 2092 873 2166 (adminiculo
893 2092 1027 2164 tertiae),
1053 2110 1144 2169 quare
1165 2091 1290 2170 singulis
1305 2091 1424 2170 punctis
1439 2091 1468 2153 in
1492 2093 1607 2171 pariete
1627 2095 1724 2155 lineas

370 2181 514 2243 describit
538 2181 683 2243 lateribus
708 2182 835 2242 lucentis
863 2181 1009 2259 oppositis
1034 2200 1071 2239 ex
1102 2180 1231 2240 adversa
1254 2188 1341 2257 parte
1370 2181 1597 2260 respondentes.
1647 2181 1724 2245 Cum

370 2268 458 2348 Igitur
480 2269 608 2349 figuram
631 2271 762 2344 factam,
788 2269 837 2330 ubi
861 2270 987 2347 angulos
1011 2269 1121 2342 habet,
1146 2268 1309 2330 terminent
1332 2268 1419 2338 radii,
1443 2270 1492 2348 qni
1517 2270 1554 2330 ab
1579 2274 1723 2333 extremis

371 2357 496 2420 lucentis
529 2376 584 2437 per
616 2366 768 2420 extremos
801 2359 953 2419 fenestrae
986 2358 1113 2436 angulos
1149 2357 1346 2418 demittuntur
1377 2365 1408 2417 et
1438 2357 1499 2437 jam
1532 2365 1722 2439 utrommque

372 2446 480 2525 speciei
512 2456 614 2507 motus
648 2447 690 2508 sit
720 2448 870 2525 ascriptus
903 2446 1104 2524 geometricus
1136 2453 1260 2524 propter
1293 2445 1472 2506 infinitatem
1504 2447 1723 2526 multiplicatae

372 2535 498 2614 speciei:
523 2544 612 2614 patet
636 2537 780 2598 terminos
800 2535 927 2597 lucentis
951 2533 1116 2614 superficiei
1140 2534 1360 2596 communicare
1380 2553 1448 2595 cnm
1467 2543 1593 2614 utraque
1618 2537 1722 2617 figura.

417 2713 425 2726 ¹
453 2641 604 2720 Exemplo
628 2639 713 2703 nobis
738 2649 804 2703 esto
829 2642 958 2702 schema.
1004 2641 1143 2721 Angnlus
1168 2640 1245 2701 enim
1275 2640 1402 2701 lucentis
1426 2638 1455 2710 Q
1479 2660 1538 2702 nna
1566 2660 1634 2703 cum
1657 2651 1724 2704 tota

375 2727 500 2808 imagine
525 2730 704 2809 triangulari
727 2749 781 2809 per
805 2729 832 2791 Ο
856 2731 998 2809 delapsus
1022 2730 1051 2790 in
1075 2730 1123 2803 X,
1149 2730 1298 2790 translato
1328 2737 1439 2812 puncto
1468 2730 1610 2791 sectionis
1634 2750 1671 2791 ex
1696 2730 1723 2793 0

375 2818 401 2879 in
422 2819 463 2892 Η,
489 2818 636 2880 describit
664 2820 773 2880 lineam
796 2819 857 2879 XV
886 2819 1117 2897 respondentem
1145 2818 1242 2879 lineae
1268 2815 1334 2879 ΟΗ.
1382 2817 1432 2879 Sic
1462 2819 1589 2897 angulus
1617 2820 1644 2881 N
1669 2838 1724 2898 per

376 2903 564 2987 Odelapsns
588 2907 618 2967 in
642 2906 685 2982 Y,
710 2909 859 2969 translato
885 2905 911 2967 0
937 2908 964 2967 in
989 2908 1027 2979 F,
1054 2906 1198 2968 describit
1226 2907 1335 2967 lineam
1358 2906 1430 2980 YR,
1460 2914 1493 2967 et
1515 2907 1540 2968 P
1562 2925 1616 2986 per
1640 2908 1668 2969 Η
1692 2910 1722 2969 iu

376 2993 399 3054 Τ
418 2995 573 3075 delapsus,
598 2997 748 3059 translato
772 3003 883 3076 puncto
907 2996 1128 3056 intersectionis
1153 3014 1190 3056 ex
1209 2996 1238 3055 H
1256 2995 1285 3055 iu
1302 2994 1341 3070 G,
1367 2995 1511 3056 describit
1535 2996 1645 3057 lineam
1661 2996 1721 3059 TS.

376 3085 416 3144 st
436 3085 501 3158 ΡΝ,
529 3085 599 3165 quia
622 3085 790 3164 aequaliter
813 3104 904 3163 supra
927 3083 982 3145 FG
1016 3084 1181 3158 attollitur,
1216 3084 1342 3162 delapsa
1365 3092 1396 3145 et
1425 3102 1480 3163 per
1502 3082 1558 3145 FG
1584 3085 1725 3146 traducta

376 3171 401 3231 in
423 3174 540 3252 pariete
563 3174 708 3235 describit
729 3173 793 3235 RS.
840 3174 889 3234 Ita
913 3174 973 3234 fere
998 3191 1143 3252 expressa
1167 3182 1215 3233 est
1236 3173 1331 3251 figura
1356 3173 1517 3234 fenestrae.

455 3271 588 3333 Rursum
613 3272 740 3351 fingeE
769 3271 910 3332 verticem
940 3270 1103 3352 pyramidis
1133 3269 1269 3329 EKLMI
1294 3289 1309 3330 e
1338 3279 1442 3331 centro
1470 3270 1600 3349 migrare
1630 3270 1658 3331 in
1683 3271 1722 3344 N,

376 3359 430 3420 lixa
450 3361 606 3442 pyramide
630 3361 660 3421 in
683 3358 813 3433 FGHO,
839 3369 908 3421 tunc
933 3378 1003 3438 ergo
1036 3358 1165 3437 angulus
1188 3359 1265 3418 lML
1287 3358 1427 3438 imaginis
1462 3360 1614 3421 fenestrae
1639 3380 1722 3422 cour·

376 3458 453 3525 petet
474 3451 505 3510 in
529 3448 568 3523 Y,
595 3456 676 3509 moto
695 3449 760 3526 jam
786 3448 896 3509 vertice
920 3468 958 3509 ex
981 3448 1010 3509 N
1034 3448 1062 3508 in
1087 3445 1116 3517 Q
1140 3448 1267 3526 angulus
1284 3449 1322 3508 ·Μ
1346 3448 1497 3509 describet
1520 3448 1629 3510 lineam
1652 3449 1721 3523 Yx,

377 3538 559 3599 econtrario
583 3538 813 3616 respondentem
837 3538 933 3599 lineae
956 3535 1025 3607 RQ.
1063 3536 1105 3596 Et
1129 3536 1154 3596 si
1180 3543 1284 3598 vertex
1308 3543 1356 3597 est
1378 3537 1407 3597 in
1423 3535 1461 3609 Q,
1488 3538 1614 3616 angulus
1631 3538 1721 3599 MLK

379 3626 429 3686 erit
449 3628 479 3688 in
504 3627 546 3699 V,
570 3627 720 3687 translato
744 3627 856 3689 vertice
881 3645 919 3686 ex
943 3624 972 3695 Q
996 3627 1024 3686 in
1049 3625 1083 3697 P,
1110 3625 1135 3685 L
1160 3625 1311 3687 describet
1334 3625 1443 3686 lineam
1461 3626 1526 3700 VT,
1552 3627 1722 3706 oppositam

379 3712 466 3776 lucae
490 3713 556 3785 PQ.
603 3714 647 3775 Et
675 3722 746 3776 tunc
775 3716 822 3777 IK
855 3723 1006 3793 competet
1038 3714 1065 3774 in
1090 3713 1142 3775 Rs
1176 3721 1208 3774 et
1235 3712 1265 3774 K
1289 3714 1316 3774 in
1342 3713 1380 3787 S,
1415 3715 1565 3775 translato
1598 3715 1723 3795 denique

379 3804 480 3865 vertice
504 3823 543 3865 ex
566 3803 591 3864 P
614 3804 644 3864 in
663 3804 702 3875 N,
725 3804 968 3883 K-separabitur
991 3803 1029 3864 ab
1051 3801 1083 3876 S,
1109 3803 1204 3863 donec
1227 3802 1286 3862 Iin
1306 3802 1336 3863 R
1359 3809 1523 3880 competat.
1561 3803 1626 3865 Hoc
1651 3803 1724 3864 facit

380 3892 608 3972 aequidistantia
640 3894 766 3954 laterum
799 3893 855 3954 ΡΝ
887 3900 917 3952 et
950 3894 974 3952 F
977 3890 1005 3952 G
1042 3891 1257 3973 oppositorum.
1318 3891 1423 3970 ltaque
1455 3891 1482 3951 si
1514 3892 1723 3953 continuentur

380 3998 461 4060 usqne
475 3981 515 4043 ad
536 3999 720 4042 communem
745 3981 909 4042 sectionem
925 3979 1098 4042 RYXVTS
1113 3980 1250 4059 perfecta
1273 3979 1330 4040 erit
1350 3980 1462 4058 figurae
1477 3978 1592 4040 FGHO
1611 3979 1721 4059 imago.

323 4085 325 4090 ·
382 4064 424 4130 Sin
445 4069 526 4144 Yx,
552 4069 625 4144 VT,
651 4070 705 4131 SR
737 4072 930 4132 continuatae
964 4076 1162 4141 concurrant,
1196 4067 1302 4129 similis
1327 4069 1365 4129 ad
1398 4086 1526 4147 unguem
1558 4068 1616 4129 erit
1647 4068 1723 4130 haec

382 4155 462 4235 ligura
484 4158 598 4221 lucenti
622 4157 717 4234 Palm,
742 4160 795 4220 sed
815 4160 949 4230 inversa;
975 4177 1097 4238 quorum
1121 4165 1257 4219 neutmm
1282 4177 1347 4218 cum
1368 4157 1430 4230 fiat,
1456 4156 1523 4217 hinc
1547 4158 1623 4218 adeo
1647 4158 1723 4219 mis·

384 4256 452 4311 cetur
476 4256 613 4328 utraque.

456 4349 640 4403 Corollarium
660 4349 681 4402 Ι.
724 4348 853 4419 Sequitur
880 4348 958 4411 hinc,
990 4347 1012 4400 si
1039 4346 1166 4401 similium
1197 4345 1324 4415 utrinque
1353 4346 1505 4415 figurarum
1526 4346 1618 4399 latera
1638 4353 1667 4398 et
1687 4364 1724 4401 ex

389 4430 502 4495 oppositis
523 4430 651 4500 partibus
673 4436 754 4482 erunt
775 4429 998 4499 aequidistantia,
1021 4428 1137 4499 figuram
1159 4426 1229 4482 radii
1255 4444 1421 4480 communem
1442 4425 1585 4496 utriusque
1606 4426 1724 4497 figuram

392 4509 493 4569 perfecte
514 4509 694 4571 imitaturam,
716 4509 771 4585 situ
792 4526 857 4562 vero
880 4510 1039 4562 fenestram.

450 4590 632 4644 corollarium
653 4590 686 4642 ll.
728 4590 811 4642 Atei
833 4590 953 4660 angulus
974 4589 1055 4642 nnius
1077 4606 1113 4641 ex
1136 4585 1270 4641 similibus
1296 4586 1378 4640 lateri
1400 4585 1516 4640 alterius
1538 4603 1575 4639 ex
1596 4584 1723 4653 opposito

394 4663 524 4735 tljidatur,
548 4669 690 4724 creabitur
709 4669 801 4740 figura
822 4671 965 4739 duplorum
986 4670 1117 4730 laterum,
1141 4675 1173 4720 ut
1191 4685 1242 4738 pro
1264 4666 1281 4720 2
1304 4666 1420 4737 trigonis
1443 4667 1610 4737 sexangula,
1633 4682 1682 4734 pro
1705 4664 1722 4717 2

395 4750 511 4810 muratis
532 4749 695 4820 ootangula.
1451 4822 1453 4826 Ι

460 4830 639 4886 corollarium
661 4831 708 4883 lll.
750 4830 818 4883 Cum
838 4845 906 4899 ergo
927 4831 1021 4883 lucens
1043 4833 1072 4881 et
1092 4829 1217 4881 fenestra
1237 4826 1331 4881 circuli
1358 4827 1463 4896 figuras
1485 4824 1607 4889 induunt,
1629 4825 1723 4878 radius

395 4909 526 4986 homere
546 4920 699 4990 perfectum
729 4917 858 4972 circulum
888 4918 1027 4973 describit.
1076 4907 1178 4968 llabet
1215 4906 1295 4967 enim
1330 4905 1457 4966 circulus
1490 4912 1521 4964 et
1561 4904 1658 4965 latera
1691 4912 1724 4964 et

396 4997 497 5073 ornos
520 4997 737 5078 quodammodo
761 4996 901 5072 infinitos,
926 5016 1017 5077 quare
1043 4996 1110 5070 duo,
1135 5003 1170 5056 nt
1192 4994 1221 5055 in
1240 4992 1268 5056 l.
1293 4992 1460 5068 corollario,
1484 4991 1723 5071 aequidistantes

394 5077 475 5148 dati
491 5093 525 5148 et
542 5087 641 5149 latera
663 5085 819 5154 lateribus,
842 5087 969 5167 angulos
988 5084 1116 5166 angulis,
1141 5091 1175 5145 nt
1193 5082 1223 5144 in
1247 5083 1377 5145 secundo
1400 5080 1558 5144 corollario
1583 5081 1723 5165 opposita
