4584 6192
906 586 1025 638 doloris
1044 584 1198 640 Satellitihaa
1216 587 1264 642 dtu.
1697 591 1763 660 457

407 761 505 821 aleam
521 758 669 836 Galilaea,
693 744 841 842 vulgoque
864 762 1032 840 propalasti
1056 762 1131 824 haec
1151 763 1301 826 coelorum
1320 764 1430 844 adyta,
1455 765 1525 846 quid
1554 766 1634 827 aliud
1653 775 1761 844 restat,

408 868 496 929 quarn
526 859 559 911 nt
587 860 763 913 contemnas
792 852 959 912 concitatos
990 852 1066 913 istos
1097 853 1244 931 strepitus
1267 860 1445 934 gratumque
1469 855 1572 916 stultis
1600 857 1759 918 mercimo-

406 939 504 1017 nium,
537 939 706 1014 inscitiam,
741 948 867 1019 accepta
890 941 1070 1002 contumelia
1094 942 1159 1002 loco
1190 943 1297 1020 pretii,
1332 945 1455 1003 vendas.
1505 942 1621 1023 Quippe
1656 947 1761 1025 vulgus

404 1035 586 1090 contemtum
609 1030 815 1108 philosophiae
840 1030 868 1091 in
894 1048 926 1088 se
951 1030 1014 1108 ipso
1039 1030 1192 1090 ulciscitur
1215 1038 1362 1110 perpetua
1386 1031 1566 1109 ignorantia.

492 1134 613 1196 Licebit
636 1135 690 1196 tibi
714 1146 813 1195 tamen
839 1136 916 1195 hanc
941 1135 1100 1214 epistolam
1121 1135 1233 1214 publici
1253 1136 1330 1213 juris
1356 1137 1465 1208 facere,
1491 1137 1517 1197 si
1538 1145 1591 1198 tua
1615 1138 1761 1201 interesse

403 1224 576 1301 putaveris,
601 1244 668 1284 mea
693 1225 765 1284 nihil
790 1226 918 1285 interest
941 1243 995 1285 nec
1020 1225 1128 1303 dignor
1152 1224 1319 1297 homiuem,
1345 1226 1371 1285 si
1396 1245 1482 1286 nemo
1514 1227 1631 1306 doctius
1656 1238 1762 1290 contra

403 1311 518 1373 scribit.
543 1343 585 1353 -
626 1314 705 1373 Vale
737 1321 767 1374 et
799 1313 939 1374 rescribe.
995 1312 1115 1391 Pragae
1147 1313 1175 1371 d.
1201 1309 1231 1375 9.
1256 1314 1336 1391 Aug.
1371 1311 1464 1375 lb'lll.
1504 1320 1599 1385 (Edita
1618 1325 1762 1376 Florentius

402 1398 459 1449 Vol.
474 1400 543 1458 VIII,
557 1416 581 1463 p.
597 1399 630 1449 92
644 1417 678 1450 ss.
698 1400 797 1451 easdem
817 1401 890 1450 affert
908 1402 1001 1458 literas,
1021 1415 1082 1465 quas
1094 1416 1139 1449 nos
1159 1409 1332 1464 comparantes
1351 1402 1461 1451 codicem
1475 1403 1642 1454 Viennensem
1662 1406 1760 1456 desum·

405 1472 482 1520 simus
501 1487 531 1521 ex
551 1473 687 1521 Hanschio.
725 1474 778 1523 Illic
797 1473 886 1522 desunt
905 1474 993 1522 verba:
1023 1475 1060 1530 „si
1088 1486 1161 1521 nemo
1191 1472 1286 1521 doctius
1315 1475 1511 1523 contrascribit.“
1552 1475 1611 1524 Dies
1636 1492 1710 1534 rero,
1735 1479 1762 1527 in

404 1541 540 1592 Viennensi
560 1544 644 1593 codice
665 1545 826 1601 desideratus,
846 1545 894 1592 illic
918 1544 1016 1592 additus
1036 1539 1095 1604 est.)

491 1612 584 1673 Quibus
603 1615 705 1678 Kepleri
724 1616 800 1664 literis
819 1614 995 1663 Galilaeae
1014 1614 1140 1677 respondit
1159 1614 1182 1661 d.
1205 1611 1244 1661 19.
1266 1615 1372 1678 Augusti
1396 1616 1461 1664 hunc
1480 1618 1504 1663 in
1523 1616 1640 1665 modum:
1666 1615 1760 1676 ,Biuas

399 1690 456 1733 tuas
475 1686 591 1748 epistolas
616 1687 778 1735 eruditissime
797 1686 906 1749 Keplere
933 1687 1036 1748 accepi;
1061 1686 1134 1747 priori
1160 1688 1212 1747 jam
1232 1685 1276 1732 abs
1295 1694 1320 1733 te
1337 1688 1398 1748 juris
1416 1687 1506 1748 publici
1534 1689 1616 1736 iactae
1635 1690 1660 1737 in
1680 1690 1760 1739 altera

399 1769 510 1804 mearum
529 1758 725 1806 observationum
752 1758 858 1806 editione
881 1758 1041 1820 respondebo.
1080 1754 1174 1817 (Editio
1196 1755 1317 1812 ,Nuntii“
1339 1757 1418 1805 altera
1436 1773 1486 1805 nou
1511 1757 1621 1821 prodiit.)
1657 1759 1760 1810 Interea

399 1829 495 1891 gratias
514 1842 570 1892 ago.
590 1830 654 1892 qnod
672 1837 706 1878 tu
723 1830 843 1891 primns
862 1842 896 1877 ac
915 1829 981 1877 fere
1001 1827 1104 1883 solus,
1124 1842 1150 1876 re
1164 1829 1263 1875 minimo
1277 1828 1398 1891 inspecta,
1418 1844 1482 1892 quae
1504 1837 1601 1879 tuaest
1618 1832 1760 1894 ingenuitas

398 1904 472 1962 atque
491 1900 585 1963 ingenii
604 1900 749 1956 sublimitas,
769 1902 830 1948 meis
851 1900 1026 1948 assertionibus
1045 1901 1168 1962 integram
1188 1900 1261 1947 fidem
1279 1900 1430 1961 praebueris.
1469 1900 1599 1949 Secundae
1620 1915 1649 1949 ac
1668 1917 1724 1950 mox
1743 1918 1760 1951 a

397 1984 438 2018 me
455 1977 572 2033 receptae
592 1986 733 2034 responsum
754 1972 818 2020 dabo
838 1971 1022 2026 brevissimum
1041 1971 1206 2032 paucissimae
1220 1970 1286 2017 euim
1304 1977 1435 2032 supersunt
1454 1971 1486 2019 ad
1505 1971 1660 2021 scribendum
1673 1972 1757 2022 horae.

486 2057 569 2107 Primo
589 2065 672 2107 autem
691 2059 826 2124 significas,
845 2059 986 2121 perspicilla
1004 2058 1124 2106 nonnulla
1142 2058 1208 2121 apud
1220 2064 1246 2106 te
1263 2072 1326 2117 csse,
1346 2073 1429 2106 verum
1441 2074 1490 2108 non
1508 2063 1561 2122 ejus
1579 2062 1757 2123 praestantiae,

399 2135 428 2176 ut
446 2129 546 2190 objecta
564 2132 727 2179 remotissima
746 2132 855 2180 maxima
873 2137 947 2193 atque
968 2130 1106 2179 clarissima
1124 2135 1320 2191 repraesentent,
1341 2130 1371 2178 ob
1390 2131 1461 2193 idque
1480 2146 1562 2179 meum
1575 2138 1600 2180 te
1618 2139 1758 2194 expectare.

399 2198 495 2249 Veram
515 2201 762 2258 excellentissimum,
790 2202 855 2265 qnod
875 2202 941 2264 apud
959 2216 999 2250 me
1019 2208 1056 2250 est
1075 2201 1187 2265 quodque
1207 2200 1305 2263 spectra
1323 2199 1377 2263 plus
1396 2216 1469 2263 quarn
1487 2203 1574 2251 millies
1602 2204 1757 2266 multiplicat,

396 2286 479 2320 meum
499 2273 603 2335 amplius
622 2289 671 2321 non
691 2282 737 2322 est.
775 2274 858 2336 ipsum
878 2275 942 2321 enim
962 2286 979 2321 a
996 2288 1035 2321 me
1054 2273 1126 2335 petiit
1144 2271 1197 2320 Ser.
1213 2272 1345 2319 Hetruriae
1363 2271 1471 2336 Magnus
1483 2273 1550 2330 Dux,
1569 2280 1598 2322 ut
1615 2276 1640 2322 in
1659 2275 1758 2324 tribuna

394 2357 442 2392 sua
460 2344 553 2392 condat
580 2344 661 2406 ibique
691 2345 756 2392 inter
780 2346 916 2408 insigniora
935 2358 964 2393 ac
983 2345 1133 2406 preciosiora
1159 2344 1184 2389 in
1210 2357 1343 2404 perennem
1367 2344 1427 2392 lacti
1453 2346 1597 2393 memoriam
1624 2346 1756 2395 custodiat.

396 2413 468 2462 Paris
488 2414 650 2464 excellentiae
670 2416 763 2463 nullum
783 2416 851 2464 aliud
871 2417 1012 2472 constrn1i;
1031 2415 1113 2477 praxis
1133 2414 1198 2463 euim
1213 2421 1250 2462 est
1268 2413 1340 2461 ralde
1359 2414 1490 2464 laboriosa.
1516 2414 1608 2464 Verum
1627 2415 1757 2465 machinas

395 2484 529 2534 nonnullas
549 2486 582 2535 ad
600 2486 643 2534 illa
662 2487 841 2551 configuranda
860 2493 934 2550 atque
954 2485 1101 2549 expolienda
1123 2484 1277 2549 excogitari,
1297 2497 1360 2546 quae
1378 2485 1417 2534 hic
1437 2493 1578 2536 construere
1597 2486 1681 2546 nolui,
1701 2501 1757 2536 enm

394 2559 518 2619 exportari
542 2572 591 2605 uon
617 2564 718 2620 possent
743 2558 902 2614 Florentiam,
920 2558 964 2606 nbi
981 2559 1007 2605 in
1026 2564 1151 2619 posterum
1168 2569 1226 2605 mea
1244 2557 1327 2603 lutura
1345 2565 1384 2607 est
1401 2557 1480 2607 sedes.
1506 2557 1543 2606 Ibi
1561 2560 1757 2622 quamprimum

396 2629 527 2678 conficiam
546 2636 573 2678 et
590 2630 676 2677 amicis
694 2631 800 2678 mittam.

484 2699 520 2748 Ex
538 2702 588 2749 tuis
608 2701 732 2749 adnotatis
752 2702 777 2749 in
796 2701 893 2749 Lunam
920 2700 1034 2761 conjicio,
1054 2706 1124 2746 tuum
1142 2697 1307 2761 perspicillum
1328 2696 1459 2746 mediocris
1478 2703 1575 2748 tantum
1594 2715 1648 2750 esse
1668 2700 1752 2752 eruca·

394 2771 457 2831 ciae,
480 2771 510 2820 ob
528 2771 602 2834 idque
621 2771 654 2820 ad
672 2772 785 2836 planetas
815 2770 1000 2833 conspiciendos
1028 2770 1090 2818 lorte
1118 2770 1219 2817 minime
1245 2769 1376 2824 idoneum;
1405 2783 1465 2832 quos
1484 2771 1582 2835 quidem
1604 2772 1755 2835 planetara

393 2842 417 2891 5.
438 2841 507 2898 Julii,
525 2844 577 2904 jam
597 2857 652 2891 cnm
671 2843 732 2893 Jove
750 2843 873 2891 matutino
893 2842 1007 2897 ndentes,
1027 2841 1117 2904 pluries
1137 2841 1253 2903 conspexi
1273 2846 1347 2903 atque
1367 2840 1492 2889 adnotavi.

482 2931 520 2979 Ex
539 2930 607 2981 coelo
627 2930 731 2995 denique
752 2931 881 2980 descendis
901 2930 932 2978 ad
952 2944 1049 2985 orcum,
1070 2929 1102 2978 ad
1120 2928 1258 2977 Bohemurn
1277 2941 1311 2975 sc.
1332 2928 1413 2985 illum,
1440 2932 1511 2991 cujus
1534 2936 1608 2980 tanta
1626 2936 1655 2980 ut
1672 2930 1753 2981 noun

391 3009 430 3051 est
449 3002 566 3063 audacia,
585 3003 692 3051 stultitia
710 3009 736 3051 et
754 3003 909 3066 ignorantia,
928 3009 957 3049 ut
975 3001 1068 3063 absque
1086 3000 1192 3048 nominis
1216 2999 1281 3047 illius
1300 2999 1379 3063 gloria
1397 3000 1427 3049 de
1446 3015 1476 3050 eo
1495 3003 1570 3051 rerba
1587 3004 1694 3066 prolerre
1713 3002 1751 3053 vel

391 3075 470 3124 etiam
490 3075 609 3136 injuriosa
626 3075 726 3122 minime
745 3075 873 3137 possimus.
911 3072 1004 3121 Lateat
1022 3073 1096 3136 igitur
1115 3070 1181 3133 apud
1200 3085 1300 3124 orcum.
1323 3071 1448 3136 totiusque
1466 3074 1558 3134 pariter
1579 3075 1645 3139 vulgi
1664 3080 1753 3125 coutu-

392 3145 494 3194 meliam
512 3159 602 3208 susque
621 3145 699 3209 deque
717 3145 853 3202 iaciamus3
879 3157 986 3208 namque
1012 3152 1099 3192 contra
1115 3142 1202 3191 Jorem
1221 3156 1267 3190 nec
1288 3141 1424 3205 Gigantes,
1447 3143 1539 3193 nedum
1557 3144 1660 3209 Pigmei.
1698 3145 1754 3195 Stet

393 3215 492 3279 Jupiter
510 3217 535 3264 in
556 3215 623 3265 coelo
643 3223 668 3264 et
687 3216 811 3264 oblatrent
829 3214 1004 3277 sycophantes,
1024 3220 1143 3278 quantum
1162 3213 1255 3261 volunt.

483 3286 560 3342 Petis,
581 3287 707 3335 carissime
725 3286 849 3350 Keplere,
876 3287 938 3334 alios
956 3293 1040 3334 testes.
1079 3284 1202 3348 Magnum
1219 3283 1351 3333 Hetrnriae
1371 3283 1467 3334 Ducem
1485 3285 1609 3348 produco,
1637 3288 1677 3351 qui
1696 3301 1753 3338 eum

394 3358 558 3420 superioribus
581 3359 706 3406 mensibus
733 3357 849 3420 planetas
867 3356 994 3406 Mediceos
1013 3370 1110 3405 mecum
1136 3357 1234 3418 saepius
1254 3355 1407 3404 observasset
1425 3356 1506 3413 Pisis,
1526 3358 1550 3405 iu
1569 3372 1624 3407 meo
1643 3360 1753 3410 discam

392 3443 483 3478 munus
501 3429 573 3491 pretii
586 3429 641 3491 plus
653 3444 727 3492 qnam
746 3443 875 3477 aureorum
888 3428 954 3477 mille
968 3428 1044 3484 dedit,
1064 3427 1186 3490 modoque
1199 3429 1225 3475 in
1237 3427 1345 3490 patriam
1357 3440 1397 3475 me
1410 3435 1539 3485 convocat,
1559 3444 1615 3479 curu
1630 3430 1753 3494 stipendio

392 3502 488 3564 pariter
508 3515 636 3549 aureorum
654 3500 720 3548 mille
736 3502 762 3548 in
781 3500 883 3564 singulis
903 3501 983 3555 annis,
1004 3513 1107 3562 cumque
1125 3497 1198 3546 titulo
1217 3496 1353 3561 philosophi
1371 3504 1397 3546 et
1414 3499 1583 3549 mathematici
1595 3500 1752 3551 celsitudinis

392 3585 463 3626 suae,
483 3572 549 3619 nullo
567 3572 666 3634 insuper
685 3586 759 3619 onere
780 3572 901 3633 imposito,
922 3571 965 3619 sed
984 3569 1183 3632 tranquillissimo
1197 3570 1247 3617 otio
1267 3568 1363 3630 largito,
1385 3584 1512 3632 quomens
1530 3571 1603 3619 libros
1622 3572 1752 3621 conficiam

392 3641 604 3700 Mechauicorum,
627 3641 814 3689 Constitutionis
842 3643 963 3698 unirersI‚
991 3656 1106 3689 necnon
1125 3639 1208 3689 Motus
1226 3638 1312 3688 localis
1337 3645 1390 3686 tum
1418 3641 1539 3689 naturalis
1562 3648 1615 3689 tum
1643 3642 1751 3699 violenti,

393 3715 464 3774 cnjus
490 3719 657 3775 symptomata
683 3713 842 3775 complurima
869 3713 983 3762 inaudita
1008 3718 1034 3761 et
1061 3711 1208 3761 admiranda
1235 3711 1384 3773 geometrice
1412 3712 1560 3760 demonstro.
1602 3712 1644 3761 Me
1672 3714 1751 3776 ipsum

393 3784 519 3847 produco,
547 3785 629 3847 quiin
648 3783 694 3832 hoc
713 3786 842 3847 gymnasio
870 3783 991 3847 stipendio
1019 3784 1108 3847 insigni
1137 3782 1282 3831 lloreuornm
1300 3777 1336 3826 M.
1360 3780 1491 3830 decoratus
1511 3788 1536 3830 et
1553 3782 1631 3846 quale
1654 3784 1750 3833 mathe-

393 3857 542 3904 maticamrn
561 3856 721 3903 scientiarum
739 3856 860 3917 professor
878 3855 958 3904 nullus
977 3854 1064 3903 habuit
1081 3866 1190 3916 unquam
1210 3860 1236 3900 et
1253 3866 1300 3915 quo
1319 3857 1373 3898 tuto
1387 3851 1444 3899 dum
1462 3855 1567 3902 viverem
1581 3853 1627 3901 lrui
1644 3868 1750 3917 possem,

394 3927 472 3976 etiam
490 3924 649 3974 illudentibus
672 3926 779 3989 planetis
798 3933 823 3974 et
842 3924 1032 3990 effugientibus:
1058 3924 1158 3973 discedo
1183 3931 1268 3972 tamen
1288 3928 1313 3969 et
1331 3937 1360 3970 eo
1379 3937 1418 3970 me
1439 3924 1551 3980 confero,
1570 3925 1611 3972 nbi
1630 3924 1749 3975 illusionis

393 4009 468 4045 meae
486 4009 580 4059 poenas
608 3997 706 4059 inopiae
735 4002 809 4061 atque
837 3996 962 4046 dedecoris
987 3996 1087 4045 luerem.
1124 3995 1225 4051 dulium,
1244 3995 1345 4042 tratrem
1363 3992 1456 4043 Juliaui
1475 3993 1514 4043 Ill.
1534 3993 1644 4044 Oratoris
1662 3995 1750 4061 Magni

392 4067 473 4117 Ducis
492 4067 603 4123 exhibeo,
633 4069 674 4130 qui
692 4067 755 4116 Pisis
784 4082 838 4115 cum
866 4068 949 4116 multis
975 4066 1029 4116 aliis
1048 4066 1134 4116 aulicis
1164 4066 1255 4129 pluries
1282 4065 1397 4127 planetas
1425 4066 1569 4115 observavit.
1608 4066 1750 4126 vernari

393 4143 464 4188 errat
482 4139 636 4188 adversarius
655 4153 733 4197 meus,
754 4139 811 4201 quid
831 4140 935 4202 amplius
954 4152 1055 4201 egemus
1072 4137 1199 4187 testibus?
1218 4137 1289 4192 Pisis,
1308 4135 1457 4195 Florentiae,
1470 4136 1607 4193 Bononiae,
1626 4137 1749 4196 Veneriis,

392 4208 497 4259 Paduae
516 4209 666 4272 complurimi
685 4210 812 4266 viderunt,
838 4210 913 4258 silent
932 4223 1016 4258 omnes
1035 4215 1062 4258 et
1078 4208 1222 4258 haesitant:
1249 4206 1358 4255 maxima
1377 4208 1442 4256 enim
1460 4222 1517 4271 pars
1535 4208 1686 4261 necionem
1705 4217 1757 4260 aut·

391 4279 510 4336 Martem,
529 4281 569 4328 rix
587 4280 676 4329 saltem
695 4280 792 4329 Lunam
811 4288 839 4329 nt
856 4281 983 4343 planetam
1008 4279 1163 4343 dignoscunt.
1202 4278 1309 4338 Quidam
1331 4276 1444 4327 venetiis
1470 4285 1557 4346 contra
1575 4295 1614 4329 me
1633 4282 1748 4346 obloque-

390 4351 465 4400 batur
481 4352 610 4413 Jactitans,
630 4365 657 4399 se
677 4357 744 4400 certo
763 4353 833 4413 scire,
852 4352 937 4400 stellas
956 4364 1025 4399 meas
1044 4352 1110 4399 clrca
1122 4350 1209 4400 Jorem
1223 4363 1239 4398 a
1251 4363 1278 4397 se
1296 4348 1386 4412 pluries
1405 4349 1547 4399 observatas
1565 4352 1680 4416 planetas
1699 4347 1748 4403 nou¹

391 4435 455 4478 esse,
475 4436 506 4470 ex
519 4436 548 4470 eo
561 4422 625 4486 qnod
644 4422 701 4470 illas
719 4436 816 4484 semper
833 4438 889 4472 cnm
901 4423 963 4471 Jove
985 4422 1125 4483 spectabat,
1143 4423 1272 4485 ipsumque
1285 4426 1329 4470 aut
1347 4435 1432 4470 ornnes
1445 4427 1490 4470 ant
1500 4436 1557 4485 pars
1575 4424 1648 4472 ruodo
1661 4437 1748 4487 seque·

391 4492 490 4553 bantur,
509 4494 642 4556 praeibant
658 4492 738 4542 modo.
766 4492 831 4552 Quid
843 4495 918 4557 igitur
936 4491 1081 4558 agendam?
1101 4492 1163 4541 Cum
1176 4490 1318 4541 Democrito
1337 4499 1382 4541 aut
1398 4506 1455 4542 cum
1467 4491 1594 4542 Heraclito
1612 4492 1748 4545 standum?

390 4562 464 4621 Volo,
482 4565 516 4612 mi
534 4563 655 4626 Keplere,
683 4570 710 4613 ut
734 4565 858 4613 rideamus
885 4566 1008 4628 insignem
1035 4564 1100 4627 vulgi
1127 4564 1266 4613 stultitiam.
1304 4560 1370 4620 Quid
1389 4562 1455 4612 dices
1474 4562 1505 4612 de
1528 4564 1648 4627 primariis
1675 4565 1748 4627 hujus

390 4635 515 4700 gymnasii
532 4633 698 4698 philosophis,
725 4636 767 4699 qui
786 4635 876 4697 aspidis
897 4635 1036 4699 pertinacia
1062 4634 1151 4697 repleti
1177 4646 1320 4699 nunquam,
1347 4632 1409 4682 licet
1425 4648 1465 4683 me
1487 4633 1551 4682 ultro
1570 4634 1656 4685 dedita
1672 4647 1748 4699 opera

390 4705 479 4755 millies
498 4704 630 4761 offerente,
649 4720 697 4755 nec
716 4706 843 4768 planetas,
863 4720 910 4755 nec
929 4705 1040 4765 Lunam,
1066 4720 1114 4755 nec
1135 4706 1302 4768 perspicillum
1319 4703 1402 4754 ridere
1420 4703 1568 4754 voluerunt?
1598 4705 1699 4766 Verum,
1717 4712 1747 4758 ut

390 4775 432 4825 ille
451 4790 533 4833 aures,
552 4776 588 4825 sic
606 4777 648 4824 isti
667 4777 749 4825 oculos
768 4783 855 4825 contra
873 4777 985 4827 veritatis
1002 4776 1083 4826 lucem
1100 4777 1254 4826 obturarunt.
1278 4772 1376 4838 Magna
1388 4774 1531 4834 mathsee.
1548 4776 1643 4827 nnllam
1661 4784 1747 4828 tamen

389 4846 451 4896 mihi
468 4847 578 4897 inferum
596 4847 792 4897 admirationem.
816 4846 894 4897 Putat
913 4849 978 4898 enim
990 4846 1037 4896 hoe
1055 4847 1181 4897 hominum
1198 4862 1285 4912 genus,
1305 4843 1484 4910 philosophiam
1496 4860 1551 4897 esse
1564 4848 1651 4900 librum
1668 4863 1746 4913 qnan-
1834 4907 1837 4918 Ι

390 4917 457 4979 dara,
476 4918 545 4968 velut
563 4918 678 4968 Aeneida
696 4925 721 4968 et
739 4918 868 4981 Odyssea:
894 4931 952 4967 vera
970 4906 1059 4967 autem
1073 4933 1123 4968 non
1141 4920 1168 4967 in
1186 4919 1276 4968 mundo
1294 4921 1339 4964 aut
1357 4917 1384 4965 iu
1401 4922 1506 4976 natura,
1524 4918 1613 4970 sedin
1632 4919 1745 4970 conhoa-

389 4989 487 5037 tatione
510 4993 622 5039 textuum
640 4984 708 5049 (ntor
729 4988 824 5038 illorum
842 4985 934 5049 verbis)
958 5002 1011 5038 esse
1039 4987 1189 5054 quaerenda.
1228 4987 1278 5038 Cur
1295 4991 1378 5035 tecum
1397 4986 1439 5038 dia
1459 4989 1539 5039 ridere
1556 5005 1607 5039 non
1624 4987 1746 5054 pmsnm!

390 5055 459 5118 Quos
478 5059 564 5110 ederes
583 5056 717 5109 cachinnos
730 5058 838 5125 Keplere
856 5059 1040 5116 humanissIme,
1060 5060 1081 5109 si
1100 5059 1199 5110 audires
1217 5072 1282 5124 quae
1301 5064 1549 5110 connumeratam
1565 5058 1660 5127 Magno
1671 5060 1746 5113 Duas

388 5125 455 5180 Piala
471 5140 490 5181 a
505 5128 649 5195 philosopha
666 5129 733 5182 dhus
748 5131 873 5196 gyruum
889 5130 1004 5195 pdmsslo
1021 5128 1120 5195 prolata
1138 5127 1247 5193 hunus
1266 5127 1326 5182 dam
1343 5130 1496 5195 umente
1513 5129 1668 5199 hglealibas.
1686 5137 1745 5186 tan·
