4584 6192
977 576 1140 627 perreium·
1674 582 1736 650 rsr

383 753 737 833 circumvolutis‚·quos,
762 753 869 813 nemini
894 753 923 813 in
943 754 1021 816 lianc
1045 774 1137 835 usqne
1162 757 1239 816 diem
1265 758 1413 834 cognitos,
1440 759 1601 821 novissime
1632 769 1737 827 auctor

382 843 580 922 deprehendit
602 844 729 923 primus,
755 851 844 921 atque
870 843 1036 904 Medicea
1056 843 1195 904 Sidera
1218 848 1432 925 nuncupandos
1448 849 1591 912 decrevit.
1630 850 1735 913 Vene-

383 932 434 993 tiis
461 929 555 994 1610.
603 933 703 1003 (Idem
728 951 801 1009 opus
826 932 936 1009 prodiit
960 934 1064 994 eodem
1089 953 1166 994 anno
1190 934 1383 995 Fronkofurti
1408 936 1457 1008 „iu
1486 937 1735 1015 Paltheniauo.“)

381 1021 544 1081 Dedicavit
581 1021 687 1082 librum
725 1042 810 1081 suum
845 1018 1000 1082 Galilaeae
1038 1020 1172 1082 Cosmo
1206 1024 1390 1098 Medices,
1428 1026 1541 1111 Magno
1574 1028 1735 1090 Hetruriae

379 1109 457 1170 Duci
481 1110 537 1171 IV.
580 1109 719 1184 „Patavii
742 1106 773 1169 4.
813 1110 884 1169 ldus
908 1110 1011 1170 Martii
1044 1106 1155 1184 1610st
1181 1131 1304 1192 comque
1329 1113 1423 1191 primo
1453 1133 1567 1192 quoque
1601 1124 1735 1196 ternpore

379 1198 511 1276 Pragam
543 1198 713 1258 transmisit
746 1197 897 1258 Juliano
928 1200 1104 1272 Medices,
1138 1201 1240 1276 magni
1268 1202 1427 1262 Hetruriae
1461 1203 1544 1262 ducis
1579 1208 1732 1276 „oratori“

381 1288 459 1366 apud
480 1289 694 1365 Imperatorem
709 1286 910 1365 Rudolphum,
936 1288 1048 1348 additis
1074 1289 1180 1361 literis,
1206 1291 1234 1349 in
1259 1289 1365 1368 quibus
1384 1291 1527 1368 judicium
1548 1292 1672 1371 Kepleri
1696 1297 1733 1357 de

380 1376 432 1436 illo
456 1376 513 1436 sibi
536 1376 672 1453 expetiit.

471 1464 618 1544 Keplerus
643 1465 779 1524 nuncium
804 1464 840 1522 de
866 1462 997 1524 Galilaei
1021 1464 1242 1525 inventionibus
1267 1466 1391 1543 primum
1416 1467 1535 1545 accepit
1558 1489 1576 1529 a
1598 1469 1732 1533 Matthia

377 1553 569 1628 Wackberio,
595 1552 766 1615 consiliario
782 1551 924 1613 Caesaris
933 1573 941 1626 ;
966 1551 1096 1614 nondum
1121 1555 1199 1615 lecto
1227 1554 1307 1615 illius
1337 1556 1410 1616 libro
1436 1556 1628 1631 existimavit,
1655 1579 1731 1639 qua·
1784 1608 1794 1625 .

380 1651 448 1703 tuor
471 1661 564 1703 novos
588 1663 606 1702 a
631 1641 770 1702 Galilaeo
795 1642 931 1702 detectos
957 1643 1135 1719 ,planetas“
1162 1643 1288 1703 comites
1318 1663 1384 1704 esse
1416 1644 1598 1722 singulorum
1623 1648 1729 1726 plane-

377 1739 474 1791 tarum
500 1731 588 1791 triam
613 1732 796 1809 superiorum
822 1741 852 1790 et
876 1732 1023 1804 Veneris,
1058 1732 1156 1792 instar
1179 1732 1282 1791 Lunae
1307 1734 1430 1793 Terram
1454 1735 1635 1796 comitantis.
1681 1738 1730 1799 Re

374 1821 443 1898 ipsa
478 1839 547 1879 vern
582 1821 703 1899 cognita
731 1821 914 1898 (Imperator
942 1819 1119 1900 lindolphus
1154 1820 1210 1898 ipsi
1244 1822 1411 1900 exemplum
1445 1822 1512 1883 libri
1544 1824 1729 1899 tradiderat)

377 1908 579 1989 perlectisque
613 1909 727 1982 literis,
767 1928 841 1987 quas
874 1907 1032 1969 Galilaeae
1065 1909 1104 1969 ad
1135 1909 1286 1986 Legatum
1318 1909 1419 1985 magui
1451 1911 1611 1973 Hetruriae
1635 1914 1729 1975 Ducis

376 1997 518 2070 dederat,
553 1997 747 2057 suadentibus
779 2007 809 2056 et
842 1998 1056 2076 imperantibus
1088 1997 1249 2075 Rudolpbo
1278 2008 1311 2059 et
1342 1999 1543 2073 Wackberin,
1577 2001 1728 2081 Keplerus

371 2086 520 2164 judicium
544 2105 628 2145 snum
654 2088 690 2145 de
715 2085 846 2145 Galilaei
873 2087 1018 2157 ,nunci0“
1044 2086 1239 2163 conscripsit,
1269 2088 1408 2165 redigens
1439 2088 1512 2149 illud
1541 2089 1569 2148 in
1601 2090 1741 2152 formem·

374 2175 542 2253 epistolae,
577 2194 663 2254 quam
688 2175 830 2252 scriptam
856 2173 995 2235 Galilaeo
1021 2175 1205 2247 transmisit,
1241 2176 1421 2254 descriptam
1454 2195 1525 2238 vero
1549 2179 1727 2256 Imperatori

373 2263 500 2343 aliisque
524 2263 696 2342 petentibus
720 2263 863 2324 exhibuit,
911 2261 1009 2332 Quam
1035 2283 1121 2342 quum
1146 2263 1198 2323 alii
1221 2263 1322 2342 plures
1346 2266 1504 2343 legendam
1528 2266 1584 2327 sibi
1599 2274 1727 2345 expete-

372 2361 450 2426 rent,
475 2353 584 2413 statuit
608 2354 688 2413 illam
712 2352 938 2430 imprimendam
962 2372 1083 2426 curare,
1118 2352 1327 2431 inscripsitque
1352 2354 1455 2415 illam:
1489 2353 1737 2417 Dissertatio

372 2460 449 2502 cum
472 2442 613 2502 Nuncio
638 2441 807 2507 Siderea.
832 2460 925 2519 nuper
949 2442 987 2501 ad
1010 2443 1154 2501 mortales
1178 2442 1269 2501 misso
1293 2463 1312 2503 a
1336 2440 1528 2504 Galilaeo.

463 2530 555 2590 Plane
581 2539 645 2590 stat
667 2530 817 2609 Keplerus
841 2530 870 2589 iu
896 2530 952 2590 hac
977 2530 1107 2608 epistola
1124 2548 1191 2589 cum
1217 2528 1367 2603 Galilaeo,
1392 2549 1571 2610 quamquam
1595 2532 1725 2595 nendum

373 2619 538 2679 instructus
554 2621 762 2692 instrumento,
788 2637 844 2698 quo
869 2618 933 2697 ipse
956 2618 1084 2697 propriis
1103 2637 1175 2678 usus
1190 2619 1328 2680 sensibus
1343 2639 1405 2680 rem
1420 2620 1548 2699 probare
1562 2620 1723 2699 potuisset,

373 2708 541 2768 rationibus
567 2708 695 2780 innixus,
720 2727 794 2785 quas
818 2708 1053 2786 suppeditabant
1077 2705 1209 2768 Galilaei
1233 2708 1337 2769 modus
1361 2708 1518 2779 scribendi,
1544 2709 1624 2770 illius
1648 2728 1724 2771 cou-

371 2796 447 2856 ditio
472 2798 500 2856 in
526 2798 682 2856 academia
701 2797 886 2868 Pataviensi,
908 2796 1106 2868 necessitudo
1133 2815 1208 2875 quae
1232 2797 1276 2856 illi
1306 2796 1514 2858 intercedebat
1536 2817 1603 2858 cum
1622 2798 1724 2859 Medi-

371 2885 465 2957 caeis,
491 2885 596 2963 quibus
623 2886 727 2946 librum
752 2904 836 2946 sunm
861 2884 1023 2944 dedicavit.
1071 2882 1413 2964 ConfirmatKepleruru
1439 2886 1466 2946 in
1491 2886 1645 2946 sententia
1668 2906 1724 2948 sua

371 2974 535 3051 descriptio
559 2974 622 3034 tubi
646 2974 758 3053 optici,
783 2993 870 3052 quam
895 2971 1051 3051 praemisit
1078 2970 1245 3047 Galilaeae,
1271 2974 1388 3053 opticae
1412 2974 1567 3054 principiis
1591 2992 1722 3036 consen-

370 3072 472 3134 tanea,
498 3064 543 3122 ita
562 3070 595 3123 ut
617 3063 681 3140 ipse
704 3063 890 3141 polliceatur,
916 3062 1018 3139 optica
1041 3061 1115 3122 duce
1140 3081 1172 3120 se
1197 3063 1258 3123 tale
1274 3064 1476 3125 confecturum
1491 3063 1722 3125 instrumentum

371 3152 419 3224 „si
443 3151 514 3211 talis
539 3152 596 3211 sibi
620 3171 687 3212 sors
703 3151 858 3228 affulgeat,
885 3159 918 3211 ut
941 3150 1114 3211 mechanica
1134 3151 1257 3211 remotis
1273 3151 1438 3212 obstaculis
1453 3146 1719 3230 tentare'possitfl

369 3238 513 3318 Opticam
536 3258 621 3301 snam
646 3248 677 3300 et
700 3241 811 3301 Portae
836 3239 1039 3301 testimonium
1063 3258 1116 3320 pro
1141 3237 1280 3300 Galilaeo
1305 3240 1440 3313 adducit,
1466 3247 1578 3302 certum
1602 3248 1718 3312 tenens,

370 3330 602 3390 instrumentum
626 3329 730 3390 confici
753 3348 852 3408 posse,
878 3348 934 3407 quo
958 3347 1006 3389 res
1030 3336 1116 3388 tauto
1140 3329 1257 3407 majora
1271 3336 1445 3407 appareant,
1471 3336 1614 3408 quantum
1629 3326 1719 3390 Gali-

369 3419 455 3478 laeus
472 3417 592 3478 iudicet.
631 3417 708 3479 Hinc
727 3417 837 3478 transit
850 3417 1000 3497 Keplerus
1020 3417 1059 3477 ad
1074 3436 1119 3489 ea,
1141 3436 1217 3497 quae
1233 3416 1390 3479 Galilaeus
1410 3418 1447 3478 de
1461 3419 1588 3480 Lunae
1611 3435 1720 3495 super-

367 3506 433 3566 ficie
450 3523 503 3583 per
526 3506 629 3567 tubum
648 3515 811 3586 conspecta
830 3514 944 3567 narrat.
982 3505 1130 3578 Maculas,
1156 3525 1230 3584 quas
1253 3506 1283 3566 in
1307 3507 1360 3568 ills
1384 3506 1565 3578 observavit,
1590 3504 1720 3567 sinuosis

367 3596 397 3655 in
422 3595 517 3655 Terra
539 3595 677 3666 vallibus,
704 3614 778 3674 quae
802 3595 831 3655 in
854 3594 911 3655 hac
935 3613 1048 3673 paucae
1073 3603 1256 3672 appareant,
1281 3602 1451 3673 comparat,
1476 3600 1507 3655 et
1530 3613 1596 3656 cum
1618 3592 1719 3654 nullae

366 3682 430 3743 illic
453 3684 514 3745 sint
537 3683 632 3744 valles
656 3684 773 3762 longae,
799 3684 903 3762 quales
926 3683 955 3744 in
976 3684 1070 3745 Terra
1093 3684 1270 3762 complures,
1295 3682 1352 3743 imo
1376 3682 1546 3761 pleraeque,
1570 3681 1719 3760 Keplerus

367 3773 487 3833 Lunam
510 3772 681 3850 suspicatur
706 3773 818 3846 ,veluti
841 3772 986 3850 pumicem
1002 3771 1149 3850 quendam
1169 3791 1246 3846 esse,
1270 3770 1351 3848 poris
1366 3769 1495 3847 undique
1510 3768 1717 3840 distinctam,“

366 3879 402 3920 se
425 3859 524 3938 ipsum
547 3878 619 3921 vero
643 3861 747 3921 statim
772 3860 906 3939 corrigit,
931 3859 1095 3939 respiciens
1119 3859 1158 3920 ad
1182 3879 1233 3933 ea,
1257 3877 1333 3938 quae
1358 3856 1515 3920 Galilaeus
1538 3858 1576 3918 de
1600 3855 1718 3935 ,apici-

366 3948 445 4009 bus“
471 3949 572 4020 refert,
598 3949 646 4027 qui
676 3949 705 4009 in
725 3949 838 4010 Lunari
862 3966 985 4026 corpore
1009 3956 1193 4027 consurgant
1215 3947 1311 4009 instar
1334 3946 1548 4008 altissimorum
1573 3944 1719 4021 montium

365 4036 506 4099 Telluris.
563 4037 702 4099 Errorem
735 4057 837 4111 suum,
875 4055 962 4116 quem
995 4036 1026 4097 in
1059 4034 1171 4115 Optica
1204 4035 1409 4109 commiserat,
1444 4034 1571 4113 ingenue
1604 4034 1718 4095 fatetur

363 4125 533 4203 Keplerus,
558 4127 692 4186 maculas
722 4133 832 4205 putans
856 4144 923 4186 esse
947 4133 1069 4197 terram,
1093 4123 1209 4186 lucidas
1233 4132 1336 4202 partes
1360 4142 1427 4184 esse
1450 4123 1557 4184 maris.
1604 4121 1718 4184 Adreru

364 4213 447 4274 circa
475 4232 582 4292 corpus
605 4215 708 4275 Lunae
733 4216 830 4274 fusum
854 4222 935 4274 recte
958 4214 1119 4292 probatum
1143 4232 1210 4274 esse
1234 4232 1253 4273 a
1277 4210 1417 4274 Galilaea
1441 4211 1529 4283 dicit,
1553 4209 1716 4289 laudatque
1818 4272 1820 4275 ,

364 4302 484 4362 modum
500 4302 724 4364 demonstratae
740 4300 907 4365 altitudinis
926 4301 1069 4363 montium
1088 4301 1261 4373 Lanarium,
1285 4318 1402 4379 semper
1425 4299 1464 4361 ad
1487 4317 1524 4360 ca
1541 4298 1717 4379 respiciens,

366 4409 444 4470 quae
468 4390 496 4450 in
523 4388 635 4468 Optica
657 4411 713 4452 sua
734 4391 843 4472 partim
868 4398 970 4465 certa,
994 4389 1103 4468 partim
1127 4390 1219 4453 dubia
1240 4389 1418 4467 protulerat.
1740 4446 1746 4453 .

457 4477 694 4540 Observationes
717 4479 914 4539 stellarum
937 4479 1108 4553 fixarum,
1134 4498 1208 4559 quas
1233 4475 1390 4539 Galilaeus
1412 4475 1526 4556 prodit,
1551 4473 1716 4553 Keplerum

362 4567 394 4627 iu
425 4567 503 4628 hauc
528 4566 678 4629 deducunt
700 4566 899 4640 sententiam,
939 4585 1066 4645 „corpus
1097 4566 1193 4628 uestri
1217 4563 1298 4628 Solis
1330 4562 1544 4628 inaestimabili
1575 4577 1717 4623 mensura

363 4672 434 4716 esse
458 4654 597 4728 lucidius,
620 4674 708 4734 quam
732 4654 888 4715 universas
907 4655 1002 4716 fixas“
1029 4661 1060 4715 et
1073 4656 1215 4716 muudum
1238 4655 1374 4715 nostrum
1398 4652 1487 4730 louge
1510 4644 1715 4729 praestantius

363 4761 434 4803 esse
456 4742 594 4804 omnibus
617 4742 676 4804 illis
699 4742 776 4817 fixis,
800 4741 870 4802 hinc
894 4760 966 4821 ergo
989 4742 1194 4805 deducendum
1221 4747 1428 4821 argumentum
1460 4746 1566 4800 contra
1587 4734 1724 4798 Jordaui·

361 4829 458 4891 Bruui
482 4830 808 4906 ,innumerabilitatem
830 4829 1036 4892 mundorum.“
1720 4901 1722 4906 ,

452 4917 504 4980 Ad
526 4917 548 4979 J
555 4920 634 4980 ovis
658 4920 784 4998 denique
809 4924 967 4997 quatuor
990 4917 1188 4979 satellites
1211 4924 1420 4996 transgressus
1443 4913 1592 4993 Keplerus
1615 4910 1715 4974 maxi-

361 5025 443 5067 mam
466 5025 505 5069 ex
527 5006 575 5068 his
600 5007 787 5087 prodituram
810 5013 916 5085 sperat
937 5006 1138 5069 asmouomiae
1162 5004 1342 5079 utilitatem,
1375 5008 1553 5081 argumenta
1584 5018 1623 5062 cx
1653 4998 1719 5062 illis

362 5094 471 5157 deduci
493 5113 585 5174 posse
606 5102 697 5175 putat
717 5113 773 5175 pro
789 5092 948 5174 Cupernici
970 5094 1008 5156 da
1031 5094 1140 5157 mundo
1163 5092 1281 5156 ratione
1304 5100 1338 5154 et
1358 5108 1413 5172 pro
1427 5088 1601 5152 harmonica
1613 5085 1716 5159 mundi

1442 5192 1505 5252 29*
