4584 6192
597 1795 601 1810 ,
904 1694 954 1794 n.
989 1696 1252 1822 Rudolpho
1285 1696 1348 1794 11.

485 1876 830 1998 tumnultu
866 1878 1207 1997 triturarum
1241 1877 1458 1998 sullus
1494 1876 1762 1997 AUGUSTO.

1019 2066 1054 2127 P.
1079 2067 1113 2127 F.
1138 2067 1173 2128 P.
1196 2068 1233 2129 P.

618 2240 803 2321 Hungariae,
829 2241 992 2344 Bohemiae
1017 2242 1068 2303 duc.
1094 2241 1183 2323 Regi,
1208 2241 1371 2304 Archiduci
1395 2243 1540 2305 Austriae
1564 2243 1618 2305 duc.

539 2381 614 2444 Cum
637 2382 714 2443 haec
742 2388 828 2443 aetas
851 2393 969 2456 nostra,
996 2380 1135 2445 Caesar
1158 2383 1448 2463 Angustissime,
1479 2382 1639 2463 protulerit
1662 2382 1802 2445 eximium

465 2467 532 2532 illum
554 2480 759 2532 astronomum
783 2471 956 2552 Tychonem
979 2470 1094 2547 Brahe,
1130 2473 1180 2552 qui
1209 2472 1455 2552 exquisitissimis
1484 2470 1747 2534 observationibus
1770 2480 1803 2534 et

467 2558 812 2621 subtilitate'incredibili
836 2579 903 2621 curn
925 2560 992 2638 ipsa
1016 2579 1113 2622 rerum
1138 2569 1248 2621 natura
1271 2562 1415 2635 certavit,
1442 2560 1611 2641 habeatque
1636 2559 1804 2623 Germania
1850 2603 1855 2612 ·

466 2657 569 2724 praeter
591 2647 717 2727 antiqua
740 2648 794 2708 illa
822 2648 1055 2710 mathematicae
1080 2649 1236 2710 facultatis
1261 2650 1385 2724 lumina,
1418 2648 1651 2724 Peurbachium,
1685 2648 1803 2728 Regio-

468 2745 628 2811 nontanum,
652 2736 807 2815 Apianum
831 2746 862 2798 et
886 2757 960 2817 quos
984 2738 1073 2815 longo
1089 2739 1192 2799 ordine
1216 2756 1373 2799 recensere
1397 2746 1499 2818 potest
1520 2737 1705 2800 Viennensis
1729 2757 1803 2800 aca-

469 2822 562 2898 demia,
586 2844 663 2886 nunc
687 2825 778 2885 etiam
803 2844 911 2889 novum
936 2825 990 2888 hoc
1014 2827 1184 2905 exemplum
1208 2825 1296 2906 idque
1320 2827 1445 2889 sublime
1469 2833 1501 2888 et
1524 2826 1731 2888 admirandum
1754 2825 1803 2886 di·

470 2909 592 2990 ligentiae
617 2923 649 2974 et
671 2913 884 2992 perfectionis:
910 2933 1036 2994 aequum
1062 2934 1129 2976 esse
1154 2914 1297 2989 arbitror,
1323 2935 1390 2977 cum
1413 2923 1447 2976 ut
1470 2914 1601 2976 universi
1616 2915 1691 2976 artis
1715 2915 1802 2993 hujus

470 3002 636 3076 professores
681 3003 935 3081 praestantissimi
982 3003 1107 3064 artificis
1154 3003 1285 3081 vestigia
1331 3012 1452 3066 strenue
1496 3010 1661 3084 sequantur
1703 3002 1800 3082 adque

472 3087 520 3165 ejus
539 3092 703 3169 exemplum
738 3110 804 3151 sese
830 3100 1027 3171 componant,
1062 3098 1125 3153 tum
1158 3092 1287 3153 maxime
1316 3101 1350 3153 ut
1379 3091 1522 3153 Germani
1546 3091 1575 3152 in
1602 3090 1632 3152 id
1663 3091 1802 3152 laborent
1849 3118 1856 3131 s

474 3191 515 3251 pro
533 3198 562 3240 se
582 3178 723 3264 quisque,
747 3186 781 3240 ut
804 3179 891 3258 hujus
907 3180 1021 3259 gloriae
1045 3180 1187 3259 palmam,
1212 3181 1360 3242 hactenus
1385 3181 1550 3254 obtentam,
1575 3198 1663 3260 porro
1688 3197 1805 3260 quoquo

474 3262 561 3329 iusua
582 3269 673 3346 'gente
697 3268 858 3329 retineant.
897 3268 1099 3330 inexhaustus
1121 3268 1200 3329 enirn
1224 3277 1272 3330 est
1291 3277 1417 3330 naturae
1433 3287 1608 3332 arcanorum
1632 3268 1805 3339 thesaurus,

475 3355 607 3430 opulentia
630 3356 843 3417 inenarrabilis
850 3376 859 3429 ;
884 3376 938 3418 nec
958 3357 1039 3418 aliud
1062 3365 1215 3436 praestat,
1240 3358 1289 3436 qui
1309 3376 1415 3419 novum
1431 3358 1542 3437 aliquid
1559 3356 1595 3417 de
1611 3357 1692 3419 eain
1708 3358 1805 3419 lucem

475 3443 578 3520 profert,
615 3464 705 3524 quam
729 3445 806 3523 quod
830 3446 909 3507 viam
934 3446 1003 3507 aliis
1027 3445 1125 3524 aperit
1150 3445 1188 3506 ad
1219 3446 1413 3507 succedentia
1436 3446 1681 3526 pervestiganda.
1728 3445 1805 3506 Mihi

477 3528 546 3605 adeo,
568 3534 617 3614 qui
640 3533 749 3612 opticis
773 3534 1081 3613 contemplationibus
1097 3534 1230 3595 nonnihil
1254 3535 1398 3614 temporis
1423 3534 1642 3614 impenderam,
1667 3533 1805 3595 occasio-

476 3632 526 3680 nem
544 3621 747 3701 suppeditavit
770 3622 954 3683 astronomia
969 3623 1155 3704 Tychonica,
1181 3623 1266 3701 cujus
1292 3642 1338 3683 me
1353 3624 1531 3702 participem
1549 3622 1618 3682 vivo
1643 3621 1805 3684 etiamnum

477 3716 573 3771 auctore
597 3710 672 3772 fecit
695 3710 940 3790 splendidissima
963 3712 1037 3773 haec
1053 3711 1230 3790 Majestatis
1246 3712 1328 3773 Tuae
1353 3712 1436 3786 aula,
1462 3719 1495 3772 ut
1518 3711 1664 3789 quaedam
1689 3709 1805 3789 optices

478 3790 655 3872 theoremata,
681 3791 781 3879 specie
806 3800 931 3878 exigua,
957 3801 1012 3860 sed
1035 3819 1133 3861 rerum
1157 3800 1351 3862 maximarum
1367 3798 1545 3872 seminaria,
1569 3797 1751 3878 percolenda
1774 3805 1807 3859 et

476 3885 580 3977 penitius
603 3887 791 3949 enucleanda
814 3907 978 3950 censerem.
1025 3887 1184 3966 Indignum
1208 3888 1286 3949 enim
1311 3889 1413 3968 optica
1435 3887 1565 3950 scientia
1587 3886 1704 3968 putari,
1738 3904 1806 3947 cunr

478 3986 499 4027 1ss
516 3976 691 4037 astronomia
714 3995 820 4037 sensus
846 3984 877 4038 et
900 3978 1100 4038 instrumenta
1115 3978 1318 4058 requirantur,
1343 3978 1373 4038 in
1390 3978 1489 4058 optice
1505 3975 1688 4056 geometrica
1711 3974 1807 4036 certi-

478 4059 529 4121 ulo
548 4085 604 4126 uon
629 4065 726 4133 desit,
751 4067 886 4144 superari
910 4066 987 4127 hanc
1012 4067 1050 4127 ab
1075 4066 1141 4141 illa,
1172 4085 1267 4145 neque
1292 4065 1600 4128 demonstrationibus
1623 4062 1671 4125 hic
1694 4062 1805 4126 firmari

476 4161 559 4226 posse,
583 4153 662 4234 quod
686 4153 748 4214 illic
772 4153 850 4216 oculi
873 4154 1188 4233 comprehendissent:
1220 4154 1374 4233 indignum
1397 4155 1492 4218 multo
1516 4153 1632 4233 magis,
1655 4171 1806 4234 provoca·

477 4240 522 4299 lau
539 4242 574 4303 ab
597 4241 782 4304 astronomis
807 4243 940 4322 opticen,
976 4242 1014 4304 ad
1039 4262 1125 4322 opem
1156 4243 1213 4304 sibi
1239 4243 1408 4319 ferendam,
1444 4262 1502 4304 non
1526 4260 1715 4323 comparere,
1739 4242 1806 4305 cul-

476 4338 576 4410 tamque
608 4331 774 4410 impeditae
811 4332 989 4393 subtilitatis
1026 4331 1260 4406 astronomicae,
1295 4332 1380 4410 cujus
1413 4331 1653 4405 insimularetur,
1688 4352 1707 4393 a
1739 4349 1807 4392 sese

476 4418 566 4481 anolm
588 4439 648 4482 non
671 4437 772 4497 posse.
819 4420 927 4500 Itaque
951 4439 1010 4482 non
1036 4422 1101 4483 leve
1126 4420 1217 4481 decus
1242 4419 1428 4494 existimavi,
1461 4420 1487 4481 si
1511 4419 1583 4481 mihi
1607 4418 1805 4499 contingeret,

476 4504 561 4580 nodos,
585 4509 635 4589 qui
659 4507 874 4586 objicerentur,
899 4509 979 4569 bona
1003 4509 1142 4570 methodo
1167 4518 1199 4570 et
1213 4510 1501 4571 demonstrationum
1517 4508 1669 4570 evidentia
1693 4505 1807 4568 dissol-

476 4604 526 4653 rere
558 4607 588 4659 et
621 4596 753 4680 opticam
786 4597 945 4659 scientiam
969 4597 1007 4658 ad
1032 4618 1098 4659 eam
1130 4597 1332 4660 subtilitatem
1356 4598 1533 4679 perducere,
1568 4605 1602 4659 ut
1634 4602 1806 4657 astronomo

476 4679 627 4747 satisfacere
653 4685 708 4746 illa
730 4693 844 4764 posset.
893 4683 981 4756 Quod
1005 4706 1103 4749 meum
1126 4685 1312 4760 institutum,
1337 4694 1498 4767 postquam
1522 4683 1558 4748 G.
1574 4684 1726 4764 Majestas
1741 4683 1808 4745 Tua

475 4768 597 4849 probavit,
632 4792 747 4834 summa
771 4793 838 4834 cum
866 4773 1015 4838 industria
1044 4776 1184 4856 persequi
1209 4776 1309 4854 coepi,
1344 4775 1542 4855 comportatis
1573 4781 1604 4835 et
1627 4773 1656 4834 in
1680 4772 1807 4833 formam

474 4850 525 4919 lbri
543 4861 689 4935 redactis,
714 4880 790 4943 quae
814 4863 862 4923 vel
887 4863 957 4924 olim
979 4864 1010 4925 iu
1026 4863 1145 4946 Styria‚
1169 4864 1402 4927 Provincialium
1426 4863 1580 4943 stipendia
1602 4878 1732 4934 merens,
1755 4860 1805 4923 in·

473 4956 605 5025 veneram,
629 4950 678 5011 vel
701 4950 831 5012 inventis
856 4959 942 5013 erant
967 4953 1092 5033 denique
1113 4953 1360 5031 superaddenda,
1385 4952 1514 5016 omniurn
1530 4950 1659 5048 quidem
1682 4949 1805 5011 difficil-
1916 5019 1925 5026 ,

472 5027 529 5097 l'mta
548 5056 584 5099 ea
606 5047 639 5100 et
661 5037 907 5101 laboriosissima.
