4584 6192
969 571 1050 637 ceput
1072 572 1116 622 m.
1137 572 1161 623 a.
1551 583 1557 595 ·
1682 567 1740 638 167

387 747 540 838 visumiu
571 750 693 830 plagam
724 751 903 831 oppositam.
951 748 1027 813 Cum
1061 750 1138 812 enim
1169 751 1198 811 iu
1233 750 1377 829 superiori
1410 750 1564 811 schemate
1586 751 1613 812 B
1638 750 1742 813 oculus

387 838 426 899 ad
443 838 574 918 plagam
597 838 654 900 BD
677 850 869 902 convertatur
893 858 946 900 nec
971 839 1068 917 possit
1091 857 1298 917 repercussum
1322 839 1396 899 radii
1416 838 1502 899 ADB
1527 839 1555 899 iu
1574 839 1602 901 D
1627 840 1740 902 facturn

387 926 607 1005 persentiscere
632 926 724 1006 (Cap.
750 931 805 1001 ΙΙΙ,
832 927 883 1002 2),
909 927 998 989 situm
1022 947 1093 1006 ergo
1118 928 1159 988 rei
1189 929 1218 989 in
1243 929 1272 989 A
1302 927 1485 1004 imaginatur
1512 926 1569 988 sibi
1592 927 1621 988 in
1649 929 1742 1008 plaga

387 1015 455 1089 BD,
489 1016 610 1077 scilicet
633 1017 662 1076 iu
685 1017 731 1078 E:
765 1019 809 1078 ita
836 1017 934 1095 imago
959 1039 977 1077 a
1000 1037 1032 1078 re
1057 1037 1111 1079 sua
1144 1037 1237 1077 causa
1266 1018 1322 1077 loci
1356 1016 1517 1077 divellitur.
1564 1017 1648 1077 Idem
1676 1025 1741 1078 esto

384 1103 531 1183 judicium
555 1103 586 1165 iu
610 1107 799 1168 refractione.
845 1106 923 1167 h'am
949 1106 1006 1166 ctsi
1037 1106 1083 1166 hic
1115 1107 1225 1185 plagae
1249 1124 1307 1166 nou
1341 1113 1550 1185 permutantur
1582 1104 1741 1184 oppositis,

389 1191 576 1253 sensibiliter
598 1201 698 1255 tamen
722 1194 872 1256 diliemut.

475 1280 649 1361 Propositio
673 1282 713 1344 V.
761 1283 891 1345 Rursum
916 1302 981 1343 cum
1006 1283 1082 1343 visio
1106 1282 1148 1343 sit
1182 1283 1283 1360 passio
1307 1290 1338 1342 et
1366 1279 1468 1359 passio
1492 1280 1533 1340 sit
1565 1280 1644 1341 inter
1667 1299 1741 1342 eon·

388 1368 491 1441 traria,
518 1388 642 1448 quorum
666 1381 714 1432 est
737 1372 815 1433 idem
839 1391 946 1449 genus,
973 1379 1206 1432 consentaneum
1231 1379 1292 1445 est,
1323 1388 1516 1449 quaecunque
1544 1389 1642 1431 rerum
1665 1369 1743 1430 visi-

388 1457 490 1519 bilium
514 1457 691 1520 affectiones
716 1472 785 1521 sunt
804 1460 890 1522 oculo
914 1479 1085 1521 eorumunes
1108 1462 1225 1521 ratione
1241 1459 1374 1537 ejusdem
1393 1458 1520 1537 generis,
1546 1477 1649 1519 omnes
1672 1457 1742 1519 illas

389 1546 425 1606 ab
449 1546 537 1608 oculo
562 1547 779 1624 quadamtenus
802 1549 926 1629 percipi,
952 1549 1163 1629 adjuvantibus
1188 1547 1383 1609 facultatibus
1408 1545 1525 1607 risoriis
1540 1554 1572 1608 et
1589 1547 1741 1608 mediante

388 1634 440 1696 illa
461 1634 631 1698 allectione.
1389 1677 1396 1695 ,

474 1721 648 1802 Propositio
672 1725 728 1786 VI.
775 1725 906 1787 Primum
930 1725 1035 1786 oculus
1058 1734 1179 1786 constat
1202 1725 1375 1808 humoribus
1398 1722 1572 1802 pellucidis:
1597 1722 1653 1783 hoc
1678 1721 1740 1784 ita-

391 1829 443 1891 que
469 1820 610 1890 respectu
635 1814 708 1874 lucis
733 1821 764 1875 et
788 1815 918 1875 colorum
943 1832 1040 1891 capax
1064 1823 1120 1875 est.
1169 1814 1247 1873 Vide
1272 1814 1330 1887 Ill,
1355 1808 1407 1873 59.
1433 1811 1642 1884 Vitellionis„

475 1898 648 1980 Propositio
673 1902 744 1963 Vll.
792 1903 908 1963 Deinde
932 1903 1025 1980 ligura
1050 1902 1115 1979 ejus
1139 1903 1269 1962 rotunda
1293 1911 1341 1962 est
1371 1919 1464 1980 eaque
1489 1899 1573 1961 varia
1598 1898 1626 1959 in
1650 1898 1742 1961 variis

392 1987 498 2050 tunicis
522 1998 555 2049 et
577 1990 750 2052 humoribus
774 1992 855 2052 intus
879 2000 910 2051 et
934 1999 1030 2051 extra.
1077 1991 1207 2052 Mundus
1231 2009 1302 2051 vero
1325 1990 1372 2052 hic
1402 1986 1598 2067 aspectabilis
1622 1987 1654 2049 e't
1676 1988 1751 2067 ipse·

392 2095 538 2139 concavus
571 2087 602 2139 et
634 2080 778 2140 rotundus
808 2088 874 2153 est,
909 2088 940 2139 et
972 2079 1110 2159 quicquid
1139 2080 1176 2138 de
1209 2078 1428 2158 hemisphaerio
1463 2085 1515 2139 aut
1545 2096 1580 2138 eo
1613 2075 1742 2157 amplius

392 2165 537 2227 iutuemur
560 2186 619 2228 uuo
643 2168 762 2241 obtutu,
788 2169 817 2229 id
841 2188 912 2248 pars
937 2178 983 2227 est
1007 2168 1094 2246 hujus
1124 2167 1329 2230 rotunditatis.
1379 2164 1624 2228 Consentaneum
1652 2165 1743 2243 igitur

393 2263 445 2326 est,
473 2256 699 2334 proportionem
734 2257 1047 2340 singularumrerum
1072 2258 1111 2317 ad
1138 2265 1235 2317 totum
1268 2255 1517 2333 hemisphaerium
1546 2254 1699 2315 aestimari
1725 2274 1743 2313 a

392 2341 452 2403 visu
475 2343 671 2423 proportione
700 2345 812 2425 speciei
843 2346 997 2424 ingressae
1022 2346 1060 2405 ad
1090 2345 1342 2422 hemisphaerium
1366 2343 1451 2403 oculi.
1497 2344 1599 2423 Atque
1622 2342 1669 2403 hic
1695 2349 1742 2402 est

393 2431 476 2510 vulgo
501 2433 601 2494 dictus
633 2435 760 2512 angulus
791 2434 996 2496 visoriusseu
1027 2444 1132 2494 vertex
1163 2434 1327 2514 pyramidis
1359 2432 1488 2493 visoriae
1513 2430 1740 2504 intremulum,

395 2520 471 2598 cujus
500 2520 585 2582 basis
608 2521 638 2581 in
663 2541 694 2582 re
719 2522 794 2601 ipsa.
841 2521 954 2584 Oculus
988 2523 1118 2583 enimin
1152 2542 1210 2583 uno
1241 2523 1375 2602 quolibet
1407 2521 1512 2582 obtutu
1541 2521 1574 2581 lit
1607 2527 1741 2581 centrum

396 2606 600 2688 hemisphaerii
626 2612 831 2690 aspectabilis.
871 2612 937 2672 Hac
962 2631 1033 2689 ergo
1057 2611 1212 2690 superficie
1236 2609 1426 2672 instrumenti
1441 2609 1487 2671 sui
1507 2607 1600 2681 (sitne
1624 2608 1742 2669 iuterna

396 2716 427 2756 au
448 2706 576 2758 externa
600 2700 679 2760 inira
694 2700 721 2760 in
747 2701 985 2761 consideratione
1005 2700 1082 2761 oculi
1108 2701 1237 2773 dicetur)
1263 2702 1358 2761 fretus
1372 2698 1455 2759 visus
1470 2697 1593 2758 metitur
1613 2697 1739 2775 angulos

396 2783 540 2847 visionum.
587 2787 667 2848 Nam
700 2790 835 2867 quamvis
869 2808 972 2850 omnes
1001 2789 1100 2866 auguli
1132 2789 1221 2850 solidi
1247 2789 1275 2849 in
1305 2796 1416 2867 puncto
1449 2786 1557 2860 insint,
1590 2786 1669 2865 quod
1693 2793 1742 2846 est

397 2883 521 2936 centrum
546 2883 600 2936 aut
624 2876 701 2937 oculi
727 2887 779 2937 aut
803 2879 868 2956 ejus
892 2887 994 2938 certae
1019 2877 1146 2955 alicujus
1180 2877 1313 2952 tunicae,
1344 2884 1495 2955 nequeunt
1518 2882 1617 2936 tamen
1644 2873 1686 2935 illi
1711 2872 1741 2933 in'

397 2970 494 3038 puncto
520 2965 668 3025 discerni:
695 2966 854 3045 requiritur
877 2967 968 3040 igitur
991 2966 1172 3041 superficies,
1198 2985 1257 3045 qua
1276 2965 1403 3027 solidum
1423 2964 1564 3042 angulum
1587 2963 1738 3035 metiatur,

399 3059 424 3109 ut
441 3060 526 3129 patet
550 3072 589 3113 err
611 3055 811 3132 geometricis.
859 3054 979 3116 Sufficit
1003 3055 1092 3132 igitur
1116 3054 1183 3133 ipsa
1206 3056 1284 3116 oculi
1307 3056 1402 3132 figura
1430 3052 1573 3126 rotunda,
1607 3059 1639 3111 ut
1662 3051 1740 3112 inter

399 3138 532 3220 principia
555 3142 697 3203 crassiori
721 3144 862 3204 Minerva
885 3144 1026 3217 sciamus,
1052 3145 1168 3204 oculum
1193 3142 1437 3204 sensumhabere
1462 3141 1636 3221 angulorum
1660 3139 1739 3219 apud

401 3245 425 3286 se
443 3230 683 3293 constitutorum.

474 3317 646 3397 Propositio
671 3320 759 3382 VlII.
807 3321 923 3391 Tertio,
948 3339 1014 3381 cum
1037 3319 1099 3379 sint
1123 3319 1248 3398 singulis
1277 3317 1479 3379 animantibus
1503 3337 1521 3378 a
1545 3325 1653 3378 natura
1677 3315 1740 3379 dati

403 3401 451 3466 hini
472 3407 566 3480 oculi,
602 3427 675 3487 quos
708 3408 858 3469 interest
890 3408 992 3488 aliqua
1025 3408 1187 3481 distantia,
1217 3407 1274 3467 hoc
1308 3406 1488 3469 adminiculo
1522 3424 1628 3466 seusus
1655 3405 1740 3466 visus

403 3494 554 3556 rectissime
579 3497 673 3557 utitur
697 3498 734 3557 ad
763 3498 944 3575 judicandas
977 3497 1139 3558 visibilium
1173 3496 1351 3569 distantias,
1382 3495 1541 3556 dummodo
1565 3494 1738 3556 sensibilem

404 3578 497 3644 habeat
520 3584 668 3645 distantia
691 3585 743 3645 illa
766 3586 987 3665 proportionem
1002 3586 1039 3645 ad
1065 3585 1243 3646 distantiam
1267 3585 1428 3645 oculorum.
1468 3584 1547 3645 Nam
1561 3583 1586 3644 si
1601 3581 1738 3645 immanis

324 3687 327 3704 ·
405 3685 529 3733 excessus
554 3673 612 3745 sit,
648 3693 704 3734 non
730 3675 819 3734 aliter
847 3675 994 3735 distantia
1022 3674 1075 3734 illa
1107 3673 1383 3753 comprehenditur,
1418 3691 1507 3751 quam
1531 3672 1655 3751 quaevis
1678 3671 1738 3731 alia

405 3754 508 3822 infinitis
531 3762 670 3841 partibus
695 3764 799 3840 major.
846 3763 904 3823 Est
927 3764 1004 3823 enim
1032 3763 1080 3823 hic
1104 3764 1193 3841 plaue
1218 3761 1359 3839 trianguli
1389 3760 1569 3839 geometria,
1603 3767 1637 3821 ut
1659 3759 1737 3819 infra

405 3844 431 3904 de
449 3850 652 3926 parallaxibus
682 3852 833 3931 copiosius
862 3851 1038 3912 disseretur.
1085 3852 1176 3912 Datis
1205 3850 1282 3911 enim
1312 3849 1425 3910 duobus
1455 3849 1572 3927 augulis
1596 3846 1737 3925 trianguli

405 3951 455 3997 cum
476 3938 635 4018 interjecto
665 3941 760 4002 latere
791 3942 900 4000 dantur
923 3942 1021 4001 latera
1044 3940 1169 4019 reliqua.
1217 3941 1250 3999 ln
1276 3937 1388 3998 visione
1412 3944 1496 3998 tenet
1524 3955 1631 3997 sensus
1655 3953 1738 3996 com-

405 4026 481 4086 munis
504 4029 657 4089 oculorum
681 4048 800 4091 suorum
825 4029 1001 4090 distantiam
1025 4048 1061 4088 ex
1086 4027 1324 4100 assuefactione,
1349 4027 1476 4105 angulos
1499 4042 1569 4085 vero
1594 4024 1633 4083 ad
1656 4024 1738 4084 illam

405 4108 560 4176 distantiam
596 4125 683 4177 notat
715 4137 752 4177 ex
786 4137 874 4179 sensu
908 4117 1104 4178 contest-ionis
1138 4118 1298 4178 oculorum.
1350 4114 1395 4176 Re
1430 4113 1508 4175 enim
1541 4113 1616 4173 adeo
1650 4112 1738 4191 longe

405 4212 509 4276 renrota,
533 4212 567 4266 ut
591 4216 754 4267 evanescat
779 4207 817 4266 ad
842 4226 907 4267 earu
937 4215 1111 4286 comparata
1141 4206 1276 4266 binorum
1308 4204 1459 4265 oculomm
1484 4202 1638 4276 distantia,
1665 4219 1738 4263 axes

405 4292 535 4353 oculomm
558 4296 774 4373 propemodum
797 4294 935 4374 paralleli
960 4287 1150 4373 dirigantur(
1186 4293 1254 4364 Quo
1277 4311 1349 4353 vero
1373 4312 1421 4353 res
1445 4290 1567 4371 propior
1591 4291 1657 4365 erit,
1682 4289 1739 4350 hoc

404 4380 482 4459 uagis
504 4383 582 4443 oculi
606 4384 889 4463 contorquebantur.
1620 4397 1627 4412 ·

438 4537 441 4542 ,
473 4470 540 4532 Etsi
564 4470 656 4549 igitur
680 4472 707 4533 in
732 4473 900 4552 catoptrica
923 4491 980 4532 non
1010 4479 1127 4532 tautum
1156 4480 1226 4531 tunc
1252 4468 1378 4529 deloco
1408 4467 1547 4546 imaginis
1578 4467 1738 4529 statuimus

403 4571 453 4617 eum
471 4558 554 4620 biuos
586 4560 761 4623 adhibemus
786 4562 904 4629 oculos,
936 4561 989 4620 sed
1014 4561 1106 4620 etiam
1135 4568 1206 4620 tunc
1237 4576 1302 4618 oum
1327 4576 1384 4618 uno
1409 4557 1474 4617 solo
1504 4555 1632 4617 utimur:
1663 4554 1738 4615 haec

402 4652 486 4709 limen
516 4648 681 4710 distantias
714 4650 909 4730 dignoscendi
942 4649 1072 4710 facultas
1104 4648 1232 4726 primurn
1257 4667 1275 4706 a
1299 4646 1445 4707 societate
1469 4644 1525 4705 hac
1549 4645 1628 4705 inter
1649 4642 1737 4703 binos

401 4736 487 4798 oculos
518 4745 602 4811 orta,
636 4747 746 4817 postea
768 4739 797 4799 iu
827 4738 995 4816 singulares
1028 4738 1119 4797 etiam
1154 4736 1256 4797 oculos
1289 4734 1442 4795 derivatur
1469 4752 1523 4811 per
1554 4732 1632 4794 alias
1660 4729 1738 4792 oculi

400 4823 567 4888 electiones.

472 4914 591 4977 Etenim
605 4916 685 4976 sicut
700 4923 791 4976 antea
814 4914 1037 4995 proportionem
1053 4914 1095 4973 rei
1111 4913 1150 4973 ad
1175 4910 1426 4990 hemisphaerium
1442 4908 1502 4970 dixi
1527 4905 1738 4986 comprehendi

398 4999 430 5060 ab
450 5004 531 5065 oculo
554 5004 712 5075 (crassiori
736 5014 768 5066 et
791 5003 941 5065 usitatiori
966 5002 1195 5081 imaginatione,
1226 5019 1314 5079 quam
1337 4999 1415 5061 iulra
1438 5015 1504 5075 cap.
1529 4995 1560 5059 5.
1586 4995 1737 5068 evolvam)

397 5104 443 5167 per
463 5092 587 5154 solidam
609 5093 788 5173 pyramida,
812 5093 895 5172 cujus
920 5091 1020 5153 estin
1044 5089 1123 5152 oculi
1144 5099 1257 5169 puncto
1281 5096 1405 5161 vertex,
1434 5085 1463 5147 iu
1488 5104 1520 5147 re
1543 5084 1611 5146 visa
1633 5083 1737 5146 basis:
