4584 6192
1021 585 1154 638 oetaeo·
1702 589 1766 657 ara

411 776 470 818 non
496 766 613 819 tanturn
636 778 690 837 par
713 760 840 832 Lunam,
865 760 944 839 quod
967 761 1117 823 difficilius
1140 764 1174 823 fit
1197 771 1320 841 propter
1334 758 1457 827 ‘varium
1489 776 1521 827 et
1550 769 1678 829 celerem
1702 769 1767 847 ejus

412 853 535 918 motum,
561 847 614 908 sed
642 848 735 909 multo
768 848 895 909 maxime
928 867 981 926 per
1004 852 1090 912 fixas.
1136 851 1179 912 Et
1211 859 1310 912 tamen
1344 854 1392 914 vel
1424 873 1478 932 per
1510 857 1606 917 solam
1637 858 1765 931 Lunam,

411 934 530 995 etiamsi
563 955 621 996 non
655 936 696 996 sit
724 937 909 997 certissimus
933 938 998 1016 ejus
1023 940 1165 1013 calculus,
1191 940 1373 1018 deprehendi
1398 942 1490 1003 facile.
1506 953 1642 1022 possent.
1680 946 1765 1007 Haec

411 1023 447 1083 de
471 1023 646 1084 Vitellionis
671 1024 913 1087 hallucinatione.
961 1027 1159 1088 Excutiamus
1184 1028 1250 1106 jam
1281 1039 1312 1089 et
1336 1030 1436 1091 Pcnae
1468 1051 1636 1094 censuram.
1684 1034 1765 1094 Vere

411 1120 442 1172 et
465 1111 491 1172 is
517 1113 669 1185 defendit,
694 1123 819 1192 propter
842 1114 920 1193 ignis
944 1116 1103 1193 sphaeram
1127 1118 1225 1177 nullas
1250 1118 1422 1195 contingere
1453 1121 1669 1182 retractiones:
1705 1122 1766 1182 fal-

410 1218 475 1259 sum
498 1209 599 1261 tamen
625 1202 718 1275 addit,
744 1204 833 1280 plane
857 1203 957 1263 nullas
981 1206 1164 1283 contingere,
1190 1226 1226 1265 ue
1252 1207 1370 1284 quidem
1401 1207 1480 1268 aeris
1511 1228 1612 1271 causa.
1660 1211 1765 1287 Inepte

411 1287 537 1368 denique
562 1290 691 1350 occurrit
715 1301 890 1369 argumento
918 1292 1109 1367 Vitelliouis,
1145 1294 1203 1353 etsi
1235 1304 1268 1354 ut
1299 1294 1410 1356 dictum
1442 1296 1538 1357 inutili
1570 1307 1602 1358 ot
1625 1298 1764 1358 ruinoso:

409 1376 545 1436 tribuens
569 1379 773 1456 parallaxibus
799 1399 844 1452 ea,
868 1400 943 1458 quae
969 1382 1094 1442 Vitellio
1119 1382 1358 1444 retractionibus
1406 1385 1499 1462 Atqui
1529 1396 1638 1446 norunt
1660 1394 1763 1446 astro-

411 1465 510 1535 nomi,
548 1466 672 1527 duarum
708 1468 812 1529 harum
845 1488 941 1529 rerum
975 1471 1098 1531 effectus
1132 1490 1200 1530 esse
1234 1471 1410 1556 contrarios.
1457 1472 1614 1533 Retractio
1646 1474 1764 1534 Lunam

412 1553 535 1627 attollit,
560 1556 725 1633 parallaxis
751 1557 899 1634 deprimit.
938 1558 1004 1618 Hoc
1028 1578 1085 1619 non
1109 1560 1268 1638 perpendit
1292 1560 1383 1619 Pena.
1426 1560 1488 1620 Sed
1505 1569 1538 1621 ut
1554 1562 1626 1633 diri,
1651 1562 1765 1623 nullum

411 1649 459 1701 est
483 1642 704 1718 detrimentum,
730 1646 787 1705 etsi
810 1646 893 1706 Pena
917 1646 1092 1708 Vitellionis
1116 1648 1313 1708 retractiones
1338 1667 1395 1708 non
1426 1649 1548 1728 effugit:
1592 1659 1663 1709 suut
1686 1649 1764 1710 enirn

410 1729 492 1806 aeris
514 1749 573 1791 non
597 1732 674 1809 ignis
700 1735 834 1795 effectus.
882 1735 973 1795 Aeris
999 1736 1089 1813 igitur
1114 1736 1281 1796 densiorem
1305 1737 1499 1813 superficiem,
1526 1746 1559 1797 ut
1583 1757 1673 1816 supra
1696 1738 1763 1797 dic·

410 1827 491 1891 tum,
526 1819 697 1893 stabiliuut3
736 1822 812 1899 ignis
838 1841 908 1882 vero
934 1824 1098 1884 tenuiorem
1123 1825 1292 1902 regionem,
1328 1826 1406 1903 quod
1430 1827 1495 1886 vult
1519 1826 1619 1899 Pena,
1644 1828 1765 1904 penitus

411 1906 584 1967 convellunt
607 1917 638 1968 et
662 1911 827 1971 eliminant.
878 1910 1024 1991 Utrinque
1048 1912 1138 1989 igitur
1163 1913 1353 1991 praestantia
1381 1915 1548 1992 opticarum
1573 1914 1758 1974 demonstra-

412 1995 526 2055 tionum
551 1996 667 2068 elucet,
701 2008 762 2059 tam
797 2000 824 2059 in
851 1999 1033 2061 stabilienda
1057 2001 1251 2062 distinctione
1276 2002 1356 2062 aeris
1381 2003 1418 2062 ab
1443 2003 1584 2075 aethere,
1624 2022 1711 2081 quam
1734 2001 1763 2062 in

409 2083 544 2144 tollenda
568 2086 674 2145 fictitia
697 2089 827 2165 sphaera
850 2087 938 2166 ignis.

499 2169 612 2241 Quinto
646 2175 711 2235 loeo
741 2178 824 2237 Pena
856 2176 987 2248 iudicat,
1022 2185 1134 2257 quanta
1167 2177 1308 2255 physicos
1343 2177 1515 2255 ignorantia
1547 2186 1651 2237 teneat
1685 2178 1765 2238 circa

410 2260 579 2331 materiam,
604 2262 700 2324 locum
726 2277 757 2325 et
780 2266 904 2326 effectus
928 2274 1121 2339 cometarum,
1147 2266 1205 2326 nisi
1229 2266 1346 2345 opticas
1362 2266 1482 2327 scholas
1498 2267 1609 2327 fuerint
1625 2266 1763 2343 ingressi,

409 2360 442 2408 et
466 2348 535 2427 quid
559 2349 633 2411 haec
658 2352 819 2432 disciplina
844 2354 923 2414 circa
947 2356 1021 2415 talia
1044 2363 1171 2415 naturae
1195 2363 1337 2433 portenta
1361 2354 1470 2415 doceat
1490 2374 1550 2429 eos,
1575 2355 1623 2434 qui
1649 2374 1682 2414 se
1706 2374 1763 2415 non

408 2446 618 2516 aspernantur.

496 2526 626 2588 Rursum
651 2528 751 2608 itaque
776 2549 877 2590 verum
902 2530 956 2590 hoc
976 2530 1080 2591 lectori
1100 2530 1284 2599 commendo,
1309 2537 1492 2592 cometarum
1508 2550 1560 2592 seu
1578 2530 1763 2604 crinitorum,

409 2613 613 2689 barbatorum,
640 2619 835 2678 caudatorum
861 2618 990 2678 siderum
1016 2638 1140 2698 corpora
1166 2619 1255 2698 plane
1280 2619 1430 2698 pellucida
1459 2640 1496 2680 ex
1527 2618 1629 2699 optica
1654 2617 1763 2692 doceri,

411 2713 588 2783 argumento
612 2705 678 2778 hoc,
704 2708 780 2785 quod
806 2708 919 2766 caudas
944 2706 1052 2768 aSole
1077 2717 1181 2769 teuent
1205 2712 1339 2769 aversas.

501 2792 617 2853 Verum'
639 2796 769 2855 secundo
794 2804 825 2854 et
847 2796 902 2856 hoc
927 2805 983 2869 est,
1009 2814 1136 2873 corpora
1160 2796 1212 2856 illa
1235 2796 1385 2875 pellucida
1400 2796 1540 2857 densiora
1555 2814 1622 2856 esse
1642 2794 1765 2855 aethere

408 2880 520 2960 inquo
546 2883 723 2944 discurrunt.
772 2885 885 2944 Verum
910 2895 958 2944 est
983 2894 1014 2944 et
1036 2885 1109 2945 illud
1135 2885 1266 2958 tertium,
1299 2904 1335 2944 ex
1359 2884 1501 2962 analogia
1533 2892 1631 2944 motus
1663 2900 1764 2943 come-

409 2976 509 3030 tarum
532 2971 660 3048 plurima
684 2992 738 3033 nos
763 2974 798 3032 de
824 2973 888 3032 loco
913 2982 1095 3033 cometarum
1120 2973 1233 3047 doceri,
1259 2981 1432 3051 certumque
1461 2972 1581 3043 habere,
1605 2972 1765 3050 plerosque

409 3077 505 3136 supra
527 3059 645 3121 Lunam
669 3061 698 3121 in
724 3062 872 3122 altissimo
898 3063 1019 3122 aethere
1044 3062 1168 3121 uersari.
1215 3064 1260 3122 At
1289 3071 1428 3141 quartum
1461 3061 1539 3140 quod
1572 3060 1657 3120 addit
1681 3060 1764 3120 Pena

412 3146 534 3207 dubium
558 3159 623 3222 est,
659 3170 695 3209 an
730 3152 854 3210 cometis
878 3152 924 3210 vis
949 3149 1146 3211 calefaciendi
1178 3150 1252 3210 insit
1282 3151 1348 3228 lege
1382 3150 1500 3228 optica‚
1540 3150 1608 3209 dum
1641 3147 1764 3209 refracti

409 3232 492 3295 Solis
524 3237 601 3296 radii
639 3238 668 3297 in
698 3239 831 3317 corporis
865 3239 1002 3300 cometici
1041 3239 1177 3316 ingressu
1210 3238 1351 3318 exituque
1383 3247 1454 3317 post
1486 3257 1593 3316 corpus
1626 3238 1663 3297 ad
1697 3234 1764 3298 coni

408 3341 580 3385 mucronem
604 3336 867 3406 coguntur,eaque
901 3328 1056 3387 coactione
1091 3328 1151 3386 vim
1183 3325 1361 3388 incendendi
1394 3327 1573 3405 concipiunt.
1619 3327 1698 3387 Nam
1730 3332 1765 3386 ut

409 3412 490 3487 dem,
523 3415 624 3475 radios
649 3415 692 3476 sic
716 3416 745 3475 in
771 3436 874 3477 conum
899 3416 1009 3489 coire,
1025 3416 1161 3495 nuspiam
1186 3426 1328 3495 sequetur
1352 3414 1594 3477 inflammationis
1618 3413 1765 3475 violentia
1831 3486 1835 3492 ἱ

408 3500 466 3562 nisi
490 3502 518 3562 iu
543 3503 594 3562 illo
620 3504 685 3581 ipso
716 3506 782 3566 coni
817 3524 956 3565 mucrone
989 3506 1019 3565 in
1052 3505 1199 3583 profundo
1233 3505 1365 3567 aethere.
1414 3502 1493 3574 Quid
1526 3523 1598 3564 vero
1632 3504 1687 3563 hoc
1725 3502 1764 3562 ad

408 3597 527 3651 aestum
550 3591 642 3666 illum,
668 3593 716 3671 qui
736 3593 783 3653 hic
803 3594 832 3654 in
847 3594 948 3654 Terris
973 3593 1142 3655 excitatur?
1168 3593 1284 3654 Deinde
1299 3613 1357 3653 non
1382 3593 1478 3653 cauda
1503 3593 1556 3653 illa
1579 3599 1761 3653 cometarum

410 3679 572 3757 conspicua
596 3699 687 3742 conus
711 3681 775 3761 ipse
800 3691 848 3742 est
871 3683 1029 3755 radiorum,
1056 3702 1127 3743 usus
1152 3700 1275 3759 corpore
1300 3689 1436 3740 cometae
1460 3699 1513 3759 pro
1538 3679 1621 3752 basi;
1660 3677 1764 3739 sedai

410 3768 568 3847 plurimum
592 3768 660 3830 huic
685 3771 883 3848 speculationi
908 3771 1109 3845 tribuerimus,
1135 3771 1233 3830 cauda
1255 3770 1331 3829 haee
1355 3788 1449 3829 novus
1473 3786 1565 3829 conus
1590 3779 1654 3835 est,
1684 3765 1762 3826 inci·

408 3858 495 3936 piens
519 3858 559 3919 ibi
584 3858 633 3919 ubi
658 3878 749 3920 conus
774 3861 869 3933 alter,
904 3860 988 3938 cujus
1020 3860 1049 3919 in
1083 3877 1205 3938 corpore
1230 3867 1365 3918 cornetae
1394 3858 1495 3931 basis,
1531 3857 1559 3917 in
1593 3872 1763 3916 mucronem

409 3946 535 4007 desiuit:
575 3948 654 4025 quod
678 3948 726 4008 lex
751 3949 853 4027 optica
877 3949 965 4009 docet
987 3948 1121 4027 proxime
1145 3955 1216 4025 post
1247 3966 1356 4025 corpus
1389 3953 1525 4006 cometae
1554 3944 1625 4005 lieri.
1673 3942 1764 4004 Radii

409 4034 503 4113 igitur
527 4033 629 4108 Solia,
665 4045 812 4115 quatenus
846 4037 1032 4098 constituunt
1063 4036 1257 4115 conspicuum
1288 4035 1372 4096 illum
1404 4043 1551 4106 tractum,
1590 4051 1677 4111 quem
1710 4049 1765 4123 nos

408 4124 536 4184 caudam
561 4126 758 4203 appellamus,
779 4127 843 4205 jam
869 4125 976 4186 iterum
1001 4125 1172 4202 divergunt.
1211 4125 1349 4186 lucensio
1373 4143 1444 4185 vero
1459 4142 1517 4184 uon
1533 4141 1569 4182 ex
1585 4122 1764 4193 diversione,

408 4212 463 4273 sed
496 4232 534 4273 ex
567 4214 700 4275 sectione
735 4216 886 4276 radiorum
924 4214 1026 4276 oritur.
1073 4214 1167 4275 Nulla
1196 4214 1287 4293 igitur
1318 4213 1348 4273 in
1381 4213 1477 4273 cauda
1499 4211 1545 4272 vis
1577 4209 1764 4283 incendendi,¹

408 4301 462 4362 sed
487 4302 514 4362 si
538 4312 586 4363 est
609 4303 727 4384 aliqua,
761 4312 809 4365 est
841 4303 869 4364 iu
894 4304 1028 4364 sectione
1051 4300 1203 4364 radiorum
1225 4302 1361 4381 proxime
1395 4319 1522 4381 corpus,
1558 4300 1634 4362 unde
1670 4299 1766 4361 cauda

408 4390 481 4451 talis
505 4390 619 4468 incipit.

498 4479 567 4540 Etsi
592 4499 662 4542 vero
687 4481 779 4542 dubia
802 4488 860 4554 est,
885 4488 919 4541 ut
942 4478 1013 4553 dixi,
1038 4479 1229 4541 haecPenae
1253 4476 1445 4540 ratiocinatio
1470 4477 1507 4538 de
1532 4476 1639 4537 effectu
1662 4492 1763 4536 come·

408 4576 475 4642 tae,
510 4577 628 4629 tautum
658 4576 761 4630 'tamen
797 4569 886 4630 abest
919 4577 952 4629 ut
982 4568 1102 4648 penitus
1136 4567 1383 4629 contemnendam
1411 4565 1561 4645 judicem,
1600 4572 1634 4625 ut
1665 4562 1765 4644 potius

409 4657 676 4736 generosissimam
700 4659 837 4720 omnibus
861 4658 1066 4719 commendem
1090 4664 1122 4718 et
1145 4656 1247 4731 talem,
1273 4674 1311 4716 cx
1335 4655 1444 4734 quade
1462 4663 1645 4716 cometarum
1661 4651 1765 4713 caudis

408 4745 667 4809 abstrusissimum
692 4756 817 4809 naturae
842 4765 985 4808 arcanum
1010 4746 1072 4807 erui
1095 4763 1186 4825 posse
1216 4744 1394 4806 existimem.
1442 4741 1556 4824 Scripsi
1587 4742 1643 4802 hac
1672 4741 1708 4801 de
1732 4757 1765 4802 re

408 4834 523 4915 aliquid
556 4835 586 4896 in
619 4837 821 4916 descriptione
847 4834 1031 4898 Germanica
1063 4842 1216 4909 cometae,
1251 4834 1301 4914 qui
1331 4832 1417 4895 fulsit
1440 4850 1517 4893 anuo
1547 4825 1642 4893 1607:
1676 4848 1765 4908 quarn
1828 4905 1832 4913 Ι

408 4924 503 4986 latine
527 4925 619 4985 etiam
643 4926 862 4987 adornaveram
886 4943 953 4985 cum
977 4923 1234 4984 demonstratione
1252 4921 1454 5002 pulcherrima
1467 4920 1613 5000 trajectus
1629 4927 1764 4981 cometae

407 5014 559 5075 rectilinei
592 5032 646 5094 per
679 5014 810 5075 aetheris
839 5012 1031 5092 profundum:
1065 5013 1120 5074 sed
1149 5009 1406 5091 exspectationem
1438 5028 1535 5071 meam
1558 5008 1764 5090 typographus

409 5103 511 5175 elusit,
535 5111 696 5184 manetque
722 5103 839 5165 libellus
863 5102 892 5163 in
917 5100 1036 5163 scriniis
1061 5101 1153 5162 aliam
1177 5107 1358 5180 exspectans
1381 5099 1581 5161 occasionem.
1601 5091 1645 5171 ²¹)
