4584 6192
1804 599 2416 652 Lxxxrv-Lxxxwr.
3330 603 3462 672 549

752 770 1180 850 propinquiori.
1258 770 1462 843 Quare
1495 775 1721 836 duobus
1763 777 2095 839 nominibus
2136 779 2318 839 ctiam
2367 779 2604 858 singula
2651 799 2990 842 eversorum
3041 783 3187 842 fiunt
3231 782 3464 844 minora

754 860 805 918 si
854 861 983 921 lens
1032 862 1109 921 ab
1156 862 1327 922 oculo
1377 865 1676 925 remotior.

931 950 1257 1011 LXXXV.
1308 951 1664 1014 Problem
1682 974 1737 1015 a.
1807 955 1944 1015 L'na
1976 956 2135 1015 lente
2166 975 2438 1017 convexa
2485 956 2772 1018 distincta
2817 966 3128 1035 praestare
3177 959 3460 1035 visibilia,

752 1038 863 1098 sed
908 1058 1125 1099 eversa
1170 1050 1232 1100 et
1280 1040 1528 1101 minora.

933 1125 1161 1188 Oculus
1209 1129 1535 1190 collocetur
1581 1140 1720 1209 post
1768 1138 2047 1209 punctum
2098 1151 2420 1193 concursus
2467 1152 2573 1210 pro
2637 1135 2874 1195 modulo
2940 1154 3084 1194 suae
3153 1136 3464 1197 facultatis

756 1215 813 1275 in
864 1227 1029 1276 certo
1080 1217 1277 1296 aliquo
1324 1231 1567 1295 puncto.
1663 1221 1818 1279 Nam
1884 1227 2021 1298 (per
2070 1221 2426 1290 LXXIIX.)
2472 1239 2659 1302 μυωψ
2701 1223 2930 1283 videbit
2989 1225 3307 1296 distincte,
3356 1225 3464 1286 sed

752 1307 892 1383 (per
942 1305 1237 1379 LXXV.)
1288 1325 1498 1367 everso
1548 1307 1664 1368 situ
1716 1319 1775 1369 et
1825 1311 1960 1387 (per
2006 1309 2399 1378 LXXXIV.)
2467 1311 2693 1372 minora
2749 1312 2949 1389 justo:
3018 1320 3196 1391 prout
3257 1314 3465 1375 oculus

752 1402 1046 1454 remotum
1094 1395 1335 1473 aliquod
1384 1395 1789 1458 distinctionis
1836 1406 2119 1476 punctum
2165 1399 2508 1476 postularit.
3107 1420 3212 1484 Fig.
3257 1416 3340 1466 17.

846 1535 1223 1595 Hactenus
1273 1537 1360 1595 de
1410 1555 1548 1596 una
1596 1537 1789 1596 lente
1849 1557 2196 1599 convexa.
2280 1539 2438 1599 Jam
2490 1541 2572 1600 de
2613 1540 2895 1619 junctis

1501 1625 1848 1687 convexis
1897 1627 2094 1688 inter
2140 1647 2235 1686 se.

932 1747 1293 1808 LXXXVI.
1316 1748 1499 1807 Prob
1519 1748 1578 1807 le
1602 1769 1657 1808 m
1677 1768 1730 1808 a.
1764 1749 2013 1810 Duobus
2034 1741 2316 1811 convexis
2349 1752 2579 1830 majora
2608 1761 2670 1814 et
2698 1752 2988 1814 distincta

751 1845 1071 1914 praestare
1122 1837 1404 1909 visibilia,
1451 1837 1558 1896 sed
1607 1856 1817 1897 everso
1867 1838 2007 1898 situ.

932 1925 1066 1985 Duo
1124 1944 1393 1985 convexa
1440 1925 1563 1985 sint
1610 1924 1696 1985 sic
1762 1927 2061 2003 disposita
2108 1928 2183 1987 ad
2248 1929 2510 2002 oculum,
2581 1938 2647 1991 ut
2695 1930 2984 1991 remotius
3082 1960 3089 1996 ‚³

752 2101 1136 2174 distinctam,
1206 2103 1313 2162 sed
1363 2113 1428 2163 ut
1475 2104 1679 2162 oculus
1731 2104 1873 2162 lenti
1942 2106 2023 2164 sit
2081 2105 2327 2183 propior
2365 2125 2444 2166 ,eo
2493 2117 2714 2184 puncto
2764 2108 2820 2167 in
2871 2126 2986 2186 quo

752 2191 1046 2252 distincta
1085 2199 1635 2268 repraesentantur,
1675 2211 1782 2269 per
1813 2192 2165 2254 LXXVIII.
2226 2194 2312 2254 Ut
2349 2194 2400 2253 si
2441 2194 2497 2254 in
2539 2195 2844 2255 schemate
2885 2195 2982 2256 17.
3090 2189 3094 2197 ¹

752 2367 925 2428 ODP
990 2380 1199 2429 essent
1265 2369 1439 2429 nimis
1490 2388 1710 2447 magna
1757 2387 1865 2447 pro
1924 2371 2113 2442 ocuIO,
2166 2372 2487 2449 oculusque
2547 2372 2604 2432 in
2654 2370 2764 2432 ΟΡ
2820 2380 2988 2433 esset
3303 2385 3305 2389 ’

752 2466 929 2517 extra
976 2457 1050 2532 D,
1101 2457 1153 2516 Ε
1201 2466 1425 2537 puncta
1472 2477 1818 2518 concursus.
1915 2460 2342 2538 Interponatur
2399 2460 2613 2520 deinde
2664 2461 2792 2522 lens
2839 2480 2984 2540 pro·
3166 2523 3182 2540 ,,
3246 2477 3258 2549 ’.Ι
3399 2479 3407 2538 '2

3214 2545 3218 2549 .
3258 2552 3267 2598 ,Ι

752 2635 961 2695 oculus
1007 2634 1089 2695 sit
1138 2635 1293 2696 intra
1356 2635 1527 2713 hujus
1593 2643 1874 2714 punctum
1941 2656 2301 2710 concursuS,
2351 2645 2418 2697 ut
2466 2638 2516 2697 si
2569 2638 2772 2699 oculus
2821 2645 2989 2697 esset
3094 2437 3170 2749 ᾗ

753 2723 811 2783 in
860 2719 974 2784 IG.
1072 2722 1205 2793 Quo
1252 2735 1432 2802 pacto
1482 2724 1687 2784 oculus
1734 2743 1844 2802 per
1893 2725 2043 2785 hanc
2093 2725 2314 2786 lentem
2373 2725 2707 2787 solitariam
2761 2726 2990 2786 videbit
3062 2692 3194 2865 'fffhff'j'
3395 2721 3419 2805 :¹

754 2821 961 2872 erecta
981 2814 1234 2874 confusa
1253 2813 1491 2873 itidem:
1534 2814 1640 2873 sed
1662 2813 1737 2873 ob
1768 2833 2011 2875 causam
2045 2815 2410 2875 contrariam
2427 2833 2718 2894 perprop.
2747 2815 2984 2877 LXXI.
3046 2793 3102 2869 ¹¹¹³
3150 2805 3310 2859 ὓ-Π-Ῑέ
3407 2766 3471 2930 ¹¹¹¹

3170 2944 3172 2953 v
3295 2933 3299 2956 l

742 2989 874 3068 jam
922 3010 958 3049 a
1003 2989 1280 3070 propiore
1330 2990 1756 3068 convergentia
1802 2992 2128 3062 contraria,
2179 2991 2265 3051 illi
2307 2990 2524 3052 nimiae
2574 2991 2988 3071 divergentiae
3054 2949 3194 3087 ¹⁵¹·¹¹l¹'l¹''
3279 2954 3296 3073 ΙιΙΙ
3399 2973 3419 3017 ¹

751 3079 1117 3152 medebitur,
1178 3088 1240 3140 ut
1290 3080 1376 3139 ita
1430 3080 1765 3157 corrigatur
1813 3089 1874 3139 et
1932 3081 2255 3140 emendata
2323 3081 2578 3141 accedat
2624 3081 2702 3142 ad
2751 3081 2988 3141 oculum
3070 3041 3218 3182 'frlh'ff'Jg'
3379 3069 3383 3078 ¹

931 3255 1017 3317 Et
1063 3256 1201 3335 quia
1248 3259 1447 3334 imago
1497 3258 1580 3317 rei
1633 3257 1886 3316 visibilis
1936 3267 2032 3316 est
2078 3276 2292 3317 eversa
2339 3275 2447 3334 per
2495 3275 2671 3316 unam
2723 3257 2987 3318 lentem:

754 3346 885 3405 lens
935 3364 1075 3406 vero
1123 3346 1363 3424 propior
1413 3365 1526 3406 nou
1577 3344 1794 3405 evertit
1842 3346 2036 3405 denuo
2085 3346 2242 3423 quod
2307 3346 2531 3423 accipit
2576 3367 2613 3404 a
2659 3345 2987 3420 remotiori,

752 2013 1027 2074 solitarie
1094 2014 1172 2073 ad
1238 2014 1466 2074 oculum
1536 2014 1742 2074 mittat
1817 2015 2136 2094 imaginem
2204 2036 2520 2092 eversam,
2601 2038 2714 2078 non
2783 2027 2986 2079 tamen

750 2280 1131 2358 divergentia
1178 2281 1479 2340 radiorum
1529 2281 1605 2340 ab
1656 2300 1767 2339 uno
1816 2289 2037 2358 puncto
2087 2280 2222 2355 ΒΟ,
2254 2283 2382 2350 DP,
2433 2284 2680 2362 ejusque
2729 2285 2986 2362 angulus
3066 2265 3078 2325 Ῑ-
3110 2246 3130 2354 ,¹
3178 2277 3291 2397 ¹¹
3323 2272 3330 2361 J

750 2545 1028 2624 pinquior
1083 2546 1241 2607 inter
1306 2548 1524 2607 lentem
1587 2547 1749 2607 illam
1815 2547 2075 2624 priorem
2124 2555 2187 2608 et
2243 2549 2476 2609 oculum
2539 2549 2650 2609 hoc
2699 2550 2858 2623 situ,
2923 2557 2990 2609 ut-

784 2901 804 2916 ,
1049 2902 1061 2914 .
1435 2901 1446 2913 .
1860 2902 1873 2914 .
2138 2903 2149 2914 .
2284 2904 2298 2916 .
2369 2902 2382 2914 .
2937 2903 2950 2916 .
3007 2862 3082 2913 w
3387 2873 3399 2877 “

752 2900 917 2980 hrgo
966 2921 1106 2983 qma
1152 2923 1190 2962 a
1234 2911 1555 2962 remotiore
1606 2903 1766 2961 lente
1816 2903 2192 2980 divergentla
2241 2922 2418 2963 nnms
2459 2911 2555 2962 est
2601 2921 2840 2982 magna,
2893 2903 2989 2964 hle
3050 2893 3399 2966 *ww-‘ff'
3493 2945 3506 2954 -

752 3167 829 3226 ad
880 3167 1229 3228 distinctam
1278 3169 1570 3228 visionem
1618 3168 2066 3248 praestandam.
2985 3235 3020 3262 ·
3086 3206 3138 3278 .'=1·
3186 3214 3234 3261 '.-

752 3434 861 3494 sed
906 3433 991 3494 sic
1041 3442 1104 3494 ut
1151 3436 1368 3513 accipit
1418 3435 1493 3493 ad
1544 3436 1777 3494 oculum
1827 3433 2186 3494 transmittit
2235 3453 2310 3493 ex
2368 3434 2702 3512 supposito,
2769 3434 2994 3512 accipit

752 3530 957 3582 autem
1007 3533 1281 3603 respectu
1322 3524 1407 3583 rei
1455 3523 1708 3584 visibilis
1758 3524 2078 3600 imaginem
2120 3541 2430 3582 eversam:
2483 3542 2756 3583 eversam
2805 3523 2993 3602 igitur
3090 3536 3133 3569 κ’
3173 3543 3270 3577 :s
3351 3573 3359 3597 Ι

752 3621 1032 3692 respectu
1083 3613 1165 3673 rei
1216 3612 1469 3673 visibilis
1520 3613 1597 3672 ad
1645 3612 1878 3672 oculum
1930 3611 2133 3671 mittit.
2743 3627 2756 3636 ·

934 3700 1017 3760 Et
1045 3701 1184 3780 quia
1235 3702 1429 3779 imago
1464 3701 1593 3779 ipsa
1634 3720 1846 3760 eversa
1877 3718 2060 3779 propo
2110 3705 2392 3777 punctum
2443 3716 2767 3757 concursus
2797 3698 2992 3775 major

754 3799 1013 3868 apparet
1059 3809 1121 3850 re
1172 3791 1335 3869 ipsa,
1396 3790 1681 3850 remotius
1732 3788 2031 3868 aequaliS,
2083 3797 2146 3847 et
2194 3787 2388 3847 adhuc
2453 3786 2740 3846 remotius
2798 3787 2991 3846 minor

752 3896 862 3956 per
905 3878 1268 3953 LXXXIV,
1321 3880 1517 3956 imago
1550 3877 1742 3954 igitur
1781 3878 1929 3937 haec
1976 3875 2063 3936 sic
2096 3894 2312 3936 eversa
2343 3874 2438 3936 ubi
2475 3874 2656 3934 fuerit
2703 3873 2992 3952 ampliata

752 3985 863 4046 per
912 3966 1136 4028 lentem
1194 3968 1560 4046 propiorem,
1632 3966 1860 4026 duobus
1926 3964 2136 4043 primis
2201 3963 2444 4024 casibus
2503 3964 2696 4043 major
2751 3961 2989 4023 omnino

754 4055 979 4116 evadet
1025 4076 1086 4117 re
1136 4057 1287 4135 ipsa,
1338 4056 1545 4116 ultimo
1595 4074 1739 4114 casu
1789 4055 1884 4114 vel
1932 4053 2124 4130 major
2171 4053 2265 4112 vel
2315 4052 2587 4132 aequalis
2635 4051 2730 4111 vel
2779 4051 2988 4124 minor,

750 4153 935 4223 prout
992 4145 1172 4206 fuerit
1238 4146 1481 4206 lentium
1549 4146 1705 4204 inter
1751 4163 1817 4202 se
1872 4141 2212 4222 proportiO,
2276 4160 2429 4221 quae
2488 4147 2586 4200 est
2633 4141 2690 4200 in
2741 4138 2990 4200 arbitrio
3098 4165 3106 4189 a

752 4233 1043 4293 artificis:
1092 4244 1254 4295 certe
1297 4246 1497 4294 tamen
1529 4233 1735 4310 mnjor,
1788 4251 1961 4310 quam
2004 4237 2290 4308 quantam
2339 4229 2468 4288 lens
2509 4229 2679 4290 oculo
2719 4228 2993 4306 proxima

752 4341 885 4383 eam
935 4332 1257 4402 acceperat
1304 4344 1343 4383 a
1391 4324 1549 4384 lente
1597 4320 1903 4382 remotiori
1951 4337 2057 4398 per
2102 4318 2372 4379 LXXX.
2403 4311 2490 4390 ²⁸)

932 4411 1324 4473 LXXXVII.
1384 4411 1802 4472 Problema.
1878 4408 2126 4470 Duobus
2174 4406 2458 4467 convexis
2488 4404 2778 4466 distincta
2803 4423 2989 4484 prae-

751 4509 921 4562 stare
968 4500 1235 4562 visibilia
1282 4509 1346 4561 et
1393 4507 1614 4573 erecta,
1664 4500 1771 4560 sed
1820 4498 2069 4560 minora.

930 4590 1100 4651 Haec
1149 4591 1265 4651 duo
1325 4607 1596 4650 convexa
1661 4595 1901 4666 oportet-
1950 4587 2005 4646 in
2060 4582 2382 4646 sufficienti
2449 4582 2789 4643 discrimine
2853 4600 2990 4643 esse

752 4679 1225 4740 convexitatum.
1304 4677 1652 4739 Collocetur
1698 4677 1883 4756 igitur
1928 4675 2137 4736 oculus
2186 4678 2361 4732 extra
2408 4671 2713 4749 utriusque
2763 4679 2991 4749 puncta

752 4787 1185 4840 concursuum‚
1255 4767 1505 4828 alterius
1564 4773 1787 4845 puncto
1849 4760 2259 4825 distinctionis
2325 4759 2602 4840 propior,
2673 4779 2710 4820 a
2773 4758 2989 4839 reliqui

749 4863 977 4935 puncto
1036 4855 1441 4917 distinctionis
1504 4854 1821 4926 remotior,
1890 4860 1959 4913 ut
2016 4852 2108 4913 ita
2165 4855 2374 4909 neutro
2431 4847 2703 4908 solitario
2770 4866 2992 4909 eversa

753 4945 1042 5007 distincte
1090 4950 1427 5008 cernantur.
1506 4942 1574 5005 Si
1614 4943 1771 5003 enim
1819 4941 2045 5003 fuerint
2088 4940 2287 5000 lentes
2327 4937 2440 4998 hoc
2476 4936 2600 4997 situ
2637 4955 2769 4998 cum
2815 4937 2989 4998 oculo

751 5033 810 5095 in
861 5035 1113 5096 eandem
1164 5033 1384 5095 lineam
1429 5033 1817 5112 compositae.
1868 5029 2173 5092 contraria
2220 5024 2372 5087 vitia
2408 5043 2475 5085 se
2522 5032 2728 5087 mutuo
2776 5025 2994 5088 tollent

750 5131 816 5185 et
862 5122 1175 5185 distinctio
1224 5129 1527 5204 sequetur.
3150 5141 3206 5217 φ..
3311 5145 3343 5201 l*
