4584 6192
532 600 600 669 460
956 599 1056 651 therse
1074 600 1177 665 Kepleri
1195 600 1346 665 aliorumque
1364 606 1466 652 mutuae
1564 654 1566 656 ,

623 778 704 839 Quam
722 778 808 827 ultimo
825 777 880 827 loco
898 776 970 826 verbo
989 777 1072 841 tangit
1090 776 1213 840 Keplerns
1239 778 1373 826 editionem
1390 776 1582 826 Dissertaticnis
1600 789 1661 825 suae
1683 776 1768 825 furtim
1784 775 1889 833 luctam,

532 850 734 915 insequentibus
753 851 851 913 propius
871 849 930 897 adit.
970 846 1031 907 Quis
1049 847 1116 896 illam
1136 850 1200 912 typis
1218 850 1405 911 imprimendam
1427 851 1556 904 curaverit,
1576 854 1656 896 utrum
1674 847 1710 896 illi
1726 848 1767 911 qui
1786 845 1889 910 Kepleri

532 935 607 971 seusa
624 936 752 984 perperam
770 926 887 984 percepta
905 934 975 967 suum
989 920 1014 966 in
1028 934 1098 967 usum
1117 927 1211 968 uertere
1224 920 1347 976 volebant,
1367 929 1515 982 usurpantes
1528 919 1591 967 illins
1606 920 1782 967 anctoritatem
1802 923 1890 966 centn

532 992 685 1049 esttecum,
705 1006 738 1040 an
757 991 863 1040 Galilaei
881 996 1030 1048 sectatores,
1056 1005 1104 1038 non
1125 997 1231 1039 constat.
1268 990 1397 1054 Inscriptio
1417 997 1455 1040 est
1473 990 1545 1052 hujus
1569 991 1684 1039 editionis
1703 989 1806 1045 eadem,
1825 1002 1889 1052 quae

532 1064 674 1129 Pssgensis,
694 1064 785 1111 omissa
802 1077 858 1110 vero
876 1062 972 1110 Alcinoi
990 1061 1065 1109 rerba
1083 1059 1150 1122 (vide
1168 1059 1261 1121 inira),
1290 1071 1316 1109 et
1333 1062 1397 1126 quod
1416 1077 1446 1111 ex
1464 1070 1535 1125 parte
1552 1062 1618 1110 inest
1645 1061 1729 1110 libello
1746 1061 1889 1110 Florentino

532 1133 570 1184 bu
588 1134 679 1183 additis
698 1135 791 1183 verbis:
812 1133 893 1190 „Huic
912 1135 1018 1182 accessit
1036 1133 1228 1182 Phaenomenon
1247 1133 1371 1197 singulare
1391 1134 1421 1182 de
1435 1133 1556 1182 Mercurio
1577 1133 1608 1182 ab
1628 1133 1715 1181 eodem
1733 1132 1845 1196 Keplero
1864 1132 1890 1179 in

533 1202 590 1256 Sole
610 1203 769 1268 deprehenso.
807 1204 947 1253 Florentiae
967 1204 1031 1267 apud
1050 1203 1089 1253 Jo.
1110 1206 1201 1252 Anton.
1225 1203 1378 1252 Cenaeum.“

621 1276 642 1325 E
660 1276 737 1324 literis
756 1274 861 1324 Galilaei
880 1275 912 1323 ad
930 1276 1057 1324 lulianum
1075 1274 1195 1334 Medices,
1216 1275 1247 1323 ad
1267 1289 1328 1337 quas
1341 1274 1464 1337 Keplerns
1484 1289 1514 1323 ex
1532 1282 1602 1336 parte
1621 1274 1757 1337 respondit,
1777 1280 1888 1338 apparet,

532 1345 608 1411 ipsius
634 1347 786 1396 adversarios
813 1353 911 1395 11101111
931 1347 1036 1395 Galilaei
1064 1347 1164 1395 fortuna
1187 1348 1338 1395 sententiam
1357 1348 1388 1394 de
1407 1346 1447 1394 illo
1466 1348 1526 1394 item
1544 1353 1663 1394 mutasse.
1702 1347 1835 1408 Accepisse
1853 1359 1889 1399 se,

532 1418 620 1469 scribit
632 1418 766 1475 Galilaeae,
786 1416 882 1482 Magini
895 1418 988 1471 literas,
1007 1419 1031 1464 in
1045 1418 1130 1480 quibus
1143 1417 1184 1465 ille
1197 1419 1307 1472 nunciet,
1328 1424 1472 1479 conspectos
1486 1431 1540 1464 esse
1553 1432 1628 1465 novos
1648 1417 1763 1479 planetas
1775 1417 1890 1466 Venetiis

533 1489 566 1552 sb
584 1490 663 1539 amico
687 1502 730 1537 suo
749 1490 856 1537 Antonio
876 1488 974 1538 Sontini
993 1496 1019 1536 et
1038 1502 1054 1535 a
1072 1488 1189 1550 Keplero.
1227 1488 1303 1538 Simul
1330 1497 1414 1537 autem
1442 1490 1546 1536 nunciat
1565 1489 1705 1547 Galilaeus,
1735 1489 1844 1537 noudum
1862 1501 1889 1537 ss

532 1557 635 1626 Kopleri
662 1560 747 1609 literas
774 1559 874 1618 (contra
891 1559 1021 1619 Horlrium)
1050 1560 1141 1621 publici
1167 1560 1227 1621 Juris
1256 1560 1360 1610 iecisse.
1390 1560 1448 1621 quia
1466 1560 1581 1607 statuerit
1599 1559 1671 1607 simul
1690 1574 1746 1608 cnm
1768 1560 1806 1608 his
1825 1559 1890 1623 typis

531 1630 706 1696 imprimendas
725 1644 811 1679 curare
829 1631 914 1679 literas
937 1630 1057 1694 quasdam
1075 1629 1129 1678 doh.
1152 1631 1252 1678 Antonii
1271 1630 1378 1678 Roffenii
1399 1628 1553 1692 (professoris
1572 1629 1741 1693 philosophiae
1760 1630 1888 1679 Bononiae

533 1702 655 1765 0101110111,
682 1703 722 1764 qui
741 1701 844 1765 11131110
871 1711 967 1750 mortuo
986 1701 1120 1763 Keplerum
1149 1703 1270 1759 inritavit,
1290 1708 1318 1749 ut
1336 1703 1360 1748 in
1381 1704 1433 1762 ejus
1453 1702 1533 1750 locum
1561 1699 1718 1762 succederet)
1738 1702 1769 1750 de
1788 1702 1889 1757 llorkio,

532 1787 606 1837 quem
623 1771 731 1821 1101111111
749 1774 774 1821 in
790 1772 1024 1836 „Peregrinatione”
1045 1786 1091 1820 sua
1109 1774 1134 1819 in
1154 1774 1262 1821 favorem
1280 1773 1427 1821 relationum
1446 1786 1545 1821 suarum
1563 1773 1683 1835 producat
1702 1770 1794 1836 (comp.
1809 1772 1890 1835 Opere

532 1844 655 1909 complete
674 1844 698 1891 di
717 1844 812 1892 Galileo
832 1842 929 1892 Galilei.
966 1844 1069 1892 Firenze
1089 1841 1159 1890 teta
1179 1859 1210 1891 ss.
1241 1842 1295 1891 Vol.
1315 1843 1385 1899 Vlll,
1412 1860 1435 1905 p.
1457 1841 1490 1889 76
1514 1850 1540 1892 et
1566 1842 1636 1903 106).
1675 1845 1715 1892 Ad
1740 1846 1890 1907 praemissas

534 1914 637 1980 Kepleri
651 1915 736 1963 literas
749 1916 857 1963 marium
869 1915 1022 1977 respondisse
1036 1914 1131 1962 ridetur
1143 1914 1271 1963 Galilaeus
1283 1916 1433 1973 urbanitate,
1448 1915 1521 1978 quod,
1535 1931 1591 1964 cum
1604 1916 1668 1964 desit
1679 1915 1743 1964 haec
1756 1916 1890 1978 responsio,

533 1999 565 2036 ex
581 1985 619 2034 bis
637 1986 740 2048 Kepleri
757 1986 834 2033 literis
863 1986 1009 2035 concludere
1027 1985 1097 2038 licet.
1126 2000 1187 2049 quas
1209 2000 1286 2033 manu
1304 1985 1406 2048 Kepleri
1434 1992 1567 2048 conceptas
1586 2001 1665 2050 neque
1685 2001 1740 2035 vero
1765 1986 1891 2035 absolutas

533 2058 645 2107 0011111101
657 2057 703 2104 rol.
717 2056 737 2105 Ι.
756 2055 979 2120 Manusoriptorum
992 2056 1180 2105 Viennensium.
1206 2056 1285 2105 Deest
1303 2057 1399 2120 quidem
1420 2057 1480 2113 dies,
1501 2072 1547 2120 quo
1565 2057 1629 2106 haec
1647 2058 1746 2120 scripsit
1757 2056 1889 2120 Keplerns,

533 2134 638 2192 apparet
656 2135 740 2177 antem
759 2142 789 2176 ex
807 2134 933 2184 contextu,
952 2129 1077 2189 scripsisse
1096 2128 1233 2189 Keplerum
1251 2128 1314 2176 haec
1333 2135 1388 2190 post
1407 2129 1484 2177 lectas
1498 2128 1604 2177 Galilaei
1623 2128 1656 2177 ad
1673 2128 1800 2177 lulianum
1819 2128 1892 2177 datas

532 2199 619 2250 11101111
637 2199 662 2248 d,
684 2196 724 2247 ts.
744 2198 807 2248 Nor.
828 2197 905 2258 1610,
935 2199 1098 2263 qnae·.paulo
1124 2200 1190 2247 inira
1216 2206 1357 2263 sequentur.
1397 2199 1511 2248 Ceterum
1531 2200 1636 2249 editores
1656 2199 1765 2263 Operum
1784 2199 1891 2248 Galilaei

533 2284 598 2336 quae
615 2270 688 2320 modo
707 2270 809 2319 diximus
828 2272 983 2324 existimant,
1001 2270 1066 2319 banc
1085 2270 1186 2333 Kepleri
1206 2270 1349 2334 epistolam,
1377 2286 1432 2319 cnm
1452 2271 1605 2319 desideretur
1624 2273 1649 2319 in
1668 2272 1891 2333 manuscriptorum

534 2339 686 2396 collectione,
708 2355 772 2405 quae
791 2341 951 2389 fundamento
970 2341 1016 2389 fuit
1034 2341 1068 2388 illi
1087 2342 1202 2396 editioni,
1221 2342 1296 2404 plane
1316 2357 1364 2389 non
1384 2342 1522 2389 absolutam
1547 2356 1627 2406 neque
1646 2344 1818 2390 transmissam
1838 2354 1892 2389 esse

533 2411 656 2468 Galilaeo,
674 2414 751 2476 iisque
769 2426 814 2460 uos
834 2414 999 2461 consentimus
1017 2413 1087 2461 lectis
1100 2411 1203 2474 Kepleri
1221 2413 1297 2461 literis
1317 2412 1339 2459 d.
1356 2409 1379 2459 9.
1391 2412 1449 2460 Jan.
1464 2412 1543 2472 1611,
1562 2428 1624 2477 quas
1643 2413 1742 2462 exbibet
1760 2413 1806 2461 rol.
1820 2411 1891 2460 vna

534 2482 601 2534 illius
620 2483 734 2533 editionis
753 2498 777 2546 p.
799 2481 857 2531 129.
877 2498 986 2548 quasque
1005 2484 1070 2531 inira
1087 2498 1257 2546 proponemus.

623 2578 695 2627 flacc
713 2579 788 2642 igitur
804 2564 988 2641 Keplorur:
1012 2569 1079 2648 Ego
1104 2569 1243 2630 Galilaea
1269 2569 1444 2632 Clarissime
1469 2592 1563 2652 neque
1588 2573 1683 2635 Italus
1707 2592 1772 2633 snm
1797 2589 1892 2651 neque

534 2676 572 2720 ex
595 2658 776 2738 politissima
810 2658 1027 2720 Germanorum
1060 2659 1181 2719 natione
1214 2660 1354 2720 oriundus
1388 2680 1482 2740 neque
1513 2663 1605 2723 lautis
1639 2664 1743 2722 domus
1774 2661 1892 2741 patriae

534 2746 755 2809 conditionibus
789 2747 866 2809 inter
898 2748 1036 2826 speciosa
1068 2748 1215 2807 sermonis
1248 2756 1444 2828 gestuumque
1478 2751 1623 2812 exercitia
1656 2752 1820 2824 educatus,
1858 2759 1892 2810 nt

533 2844 633 2897 1000111
657 2835 767 2913 insigni
791 2836 904 2897 artifice
928 2836 1099 2896 urbanitate
1123 2838 1322 2910 contendam,
1357 2839 1404 2917 qui
1436 2857 1502 2900 cum
1537 2841 1654 2919 quidvis
1686 2840 1766 2900 aliud
1791 2838 1889 2916 scrip-

533 2933 616 2987 turus
640 2923 783 2985 videreris
808 2925 1049 3004 deprecationem
1073 2925 1261 3004 potissimum
1285 2927 1446 3006 arripuisti.

623 3031 718 3092 Lecto
742 3032 868 3092 Bohemi
893 3031 1008 3093 scurrili
1034 3032 1134 3093 libello
1160 3034 1324 3107 excandui,
1355 3034 1392 3094 ad
1417 3035 1460 3094 Te
1484 3033 1673 3094 scribendum
1697 3033 1820 3106 censui,
1854 3053 1891 3095 ne

535 3120 657 3183 silentio
685 3120 804 3182 viderer
837 3122 1004 3200 approbare
1029 3122 1249 3183 simulationem
1280 3122 1443 3199 pessimam
1476 3122 1547 3182 mihi
1581 3123 1768 3201 imputatam.
1815 3124 1891 3184 Eam

535 3210 696 3291 epistolam
719 3210 764 3269 ita
787 3210 904 3287 scripsi,
930 3219 962 3269 ut
986 3210 1011 3269 si
1037 3212 1113 3270 l'orte
1136 3210 1180 3271 tui
1205 3211 1385 3272 defendendi
1409 3231 1502 3272 causa
1526 3230 1591 3271 eam
1616 3212 1711 3272 uelles
1735 3213 1836 3286 edere,
1861 3214 1891 3273 id

534 3299 720 3376 intelligeres
744 3298 799 3357 tibi
823 3317 876 3376 per
899 3318 945 3358 me
970 3298 1070 3360 licere.
1110 3297 1185 3360 Cum
1208 3308 1316 3377 postea
1340 3318 1463 3379 rogares
1484 3318 1580 3360 meam
1601 3301 1784 3361 seutentiam
1802 3321 1892 3381 super

535 3387 601 3449 loco
625 3386 752 3465 quodam
777 3386 1009 3447 Dissertaticnis
1033 3407 1053 3446 a
1076 3407 1122 3447 me
1147 3390 1327 3465 praeterito,
1363 3389 1419 3449 lroc
1440 3389 1504 3467 jam
1537 3398 1650 3449 certum
1683 3401 1891 3467 argumentum

537 3474 608 3537 milri
632 3483 698 3535 erat
722 3475 891 3536 destinatae
917 3476 970 3536 abs
995 3485 1026 3536 te
1051 3476 1200 3549 editionis,
1227 3496 1320 3555 eoque
1344 3479 1388 3537 sic
1413 3479 1613 3555 attemperavi
1638 3497 1833 3557 responsum,
1859 3488 1891 3539 ut

536 3564 614 3645 quod
638 3571 721 3624 esset
745 3564 900 3625 edendum.
949 3571 1046 3640 (comp.
1068 3572 1149 3635 opere
1168 3574 1193 3622 11
1213 3574 1284 3623 cuir.
1306 3573 1361 3621 vu.
1381 3574 1450 3635 1111,
1469 3591 1492 3636 p.
1514 3572 1568 3634 es.)
1618 3564 1652 3625 Si
1676 3567 1825 3629 edidisses
1848 3568 1890 3627 tui

535 3652 716 3715 defendendi
739 3672 839 3723 causa,
864 3654 937 3714 nihil
962 3673 1043 3714 eram
1067 3654 1223 3715 habiturus
1248 3673 1304 3733 quo
1330 3655 1366 3713 de
1396 3674 1534 3734 quererer
1545 3697 1561 3726 ‚.
1583 3656 1691 3733 quippe
1718 3657 1797 3733 quod
1826 3656 1839 3734 j

536 3742 583 3804 bis
607 3761 825 3803 concesseram.
879 3742 932 3803 Sin
958 3753 1058 3803 autem
1084 3743 1140 3803 mei
1161 3744 1288 3803 nominis
1313 3744 1412 3803 studio
1438 3744 1466 3801 id
1492 3744 1633 3814 fecisses,
1658 3744 1781 3821 insuper
1801 3746 1889 3805 etiam

536 3832 652 3912 gratiae
677 3831 731 3891 tibi
756 3851 775 3889 a
798 3850 844 3890 me
875 3831 1069 3892 debebantur.
1128 3830 1309 3909 Supervenit
1342 3832 1546 3892 reconciliatio
1579 3832 1723 3901 Bohemi,
1762 3834 1889 3894 hominis

535 3920 744 3982 contemnendi
769 3920 869 3997 potius
894 3922 931 3979 ob
956 3921 1084 3980 nourinis
1109 3921 1325 3981 obscuritatem
1346 3921 1514 4000 ingeniique
1539 3921 1730 3990 tenuitatem,
1756 3923 1888 4002 adeoque

536 4007 764 4071 commiserandi
789 4008 826 4067 ob
851 4009 1051 4070 temeritatem
1076 4008 1240 4081 infelicem,
1267 4028 1354 4088 quam
1378 4009 1574 4087 persequendi
1597 4009 1715 4086 publice
1741 4010 1779 4070 ob
1804 4030 1889 4071 scur-

535 4097 689 4161 rilitatem.
746 4097 853 4175 Itaque
878 4097 1015 4157 revocari
1046 4098 1124 4177 quod
1144 4096 1363 4168 concesseram,
1389 4118 1445 4157 non
1465 4098 1533 4175 jore
1558 4098 1640 4157 uisus
1665 4098 1718 4157 sed
1743 4100 1889 4178 precibus.

536 4184 570 4247 Si
590 4187 653 4265 jam
677 4185 761 4245 edita
785 4193 851 4245 erat
875 4205 941 4245 mea
965 4187 1137 4265 responsio,
1172 4186 1242 4246 nibil
1277 4188 1306 4246 in
1335 4206 1382 4245 me
1415 4195 1591 4264 peccatum,
1627 4188 1771 4265 temporis
1805 4188 1892 4266 culpa

535 4281 602 4337 est:
636 4272 682 4334 siu
716 4292 764 4335 res
797 4283 845 4334 est
880 4275 998 4353 integra
1029 4284 1118 4354 tuque
1150 4275 1325 4335 intermittis
1359 4274 1473 4354 meique
1507 4294 1608 4334 aurore
1642 4275 1695 4335 tibi
1724 4275 1783 4353 ipsi
1808 4277 1890 4347 dees,

498 4402 501 4408 ,
534 4382 653 4426 rursum
677 4381 732 4441 030
757 4362 872 4441 gratias
897 4364 1001 4423 debeo.
1049 4363 1102 4424 Sin
1128 4372 1236 4436 autern,
1263 4364 1340 4442 qnod
1365 4364 1482 4436 scribis
1509 4364 1601 4424 multo
1626 4362 1747 4423 minoris
1774 4366 1849 4425 iacis
1874 4385 1892 4425 1

537 4452 671 4515 Bohemo
696 4451 879 4529 vituperari,
905 4471 992 4530 quam
1017 4470 1071 4528 030
1102 4452 1236 4525 laudari,
1269 4452 1453 4530 gratulemur
1485 4452 1612 4511 invicem
1647 4462 1789 4530 uterque,
1825 4472 1891 4532 030,

537 4542 613 4625 quod
639 4558 737 4603 errore
762 4559 825 4599 sum
850 4540 994 4601 liberatus
1019 4540 1099 4600 circa
1122 4548 1204 4601 tuum
1229 4541 1369 4601 editionis
1403 4542 1538 4618 agitatae
1555 4540 1720 4610 cousiliurn,
1744 4552 1786 4614 tu,
1813 4542 1891 4622 quod

536 4630 678 4693 editionis
712 4629 841 4707 mihique
875 4630 1062 4706 gratificandi
1104 4648 1192 4689 onere
1232 4630 1388 4709 conjuncto
1423 4648 1487 4689 curn
1522 4629 1623 4706 aliqua
1657 4638 1709 4689 tua
1742 4630 1892 4691 molestia.

494 4733 506 4740 ·
534 4718 657 4781 Nullum
682 4717 764 4778 ullibi
789 4718 904 4795 reperio
930 4718 1131 4795 deprecationi
1158 4719 1273 4791 locum,
1311 4718 1367 4777 nisi
1397 4727 1449 4778 tua
1481 4718 1628 4777 civilitate
1657 4717 1773 4798 meique
1799 4720 1891 4792 cultu,

536 4825 625 4888 quem
647 4804 778 4867 vicissim
804 4806 956 4884 deprecor.
1004 4805 1106 4875 Quare
1130 4808 1285 4867 mittamus
1319 4807 1389 4866 ista.
1443 4806 1538 4866 Unum
1572 4823 1664 4881 rogo,
1699 4809 1892 4868 transmittas

536 4895 576 4959 ad
599 4895 646 4957 Ill.
663 4892 823 4956 Oratorem
847 4895 874 4954 si
898 4894 967 4972 qnid
992 4902 1040 4954 est
1064 4895 1186 4957 editum.
1234 4894 1306 4955 Vidi
1330 4894 1611 4954 Wodderbornii
1638 4895 1891 4969 confutationem

534 4983 647 5064 placet.
692 4989 836 5052 („Quatuor
854 4990 1044 5046 Problematnm,
1064 5005 1128 5055 quae
1152 4990 1187 5039 M.
1207 4990 1292 5052 llorlry
1320 5000 1406 5041 contra
1429 4991 1551 5040 Nuncium
1578 4990 1705 5041 Sidereum
1731 4991 1762 5041 de
1788 5000 1894 5058 quatuor

532 5071 647 5122 'Planetis
665 5073 733 5120 noris
751 5071 890 5134 proposuit,
908 5069 1045 5120 0011111110
1062 5084 1106 5133 per
1123 5069 1246 5119 Joannem
1265 5070 1486 5120 Wodderbomium
1505 5071 1748 5120 Scotobritannum.“
1793 5072 1893 5123 Patavii

538 5146 631 5213 1110.)
675 5145 705 5204 A
728 5141 853 5204 ludicris
884 5141 921 5203 ad
954 5141 1045 5220 paulo
1075 5141 1156 5202 seria
1178 5143 1276 5221 magis
1300 5143 1436 5221 quamvis
1459 5142 1571 5204 tenuia.
1617 5144 1762 5222 Ignosce!
1800 5143 1895 5205 Diffi-
