4584 6192
1064 604 1103 654 Dc
1123 601 1202 653 Stella
1219 601 1291 652 Nora
1308 599 1460 665 Serpeutarli

1073 920 1077 926 ,
1121 834 1241 933 capa
1267 829 1394 906 xxu.

735 1015 908 1079 Materiam
930 1011 1016 1077 Noui
1039 1014 1167 1077 Sideris
1181 1012 1288 1095 fuisse
1311 1008 1480 1089 coelestem,
1504 1020 1534 1077 et
1556 1014 1595 1075 de
1617 1019 1692 1076 ortu
1716 1013 1799 1101 qiua.

669 1174 799 1255 Rejecta
814 1173 905 1253 igitur
924 1193 1024 1236 eorum
1039 1172 1201 1247 sententia,
1227 1171 1275 1254 qni
1290 1190 1451 1252 perennem
1474 1173 1627 1236 iaciebant
1650 1172 1764 1236 sideris
1789 1170 1943 1235 materiam

537 1257 541 1268 ’
581 1277 613 1331 et
635 1284 752 1345 corpus,
777 1264 912 1344 sequitur
935 1273 968 1324 nt
992 1263 1081 1325 etiam
1096 1260 1277 1325 contrariam
1294 1261 1469 1340 expendam.
1507 1262 1612 1345 ltaque
1634 1262 1661 1324 si
1678 1263 1718 1324 de
1734 1281 1818 1324 novo
1834 1261 1944 1323 exstitit

581 1358 630 1418 vel
653 1353 781 1416 materia
803 1352 890 1432 hujus
914 1354 1066 1427 flammae,
1100 1352 1149 1412 vel
1182 1369 1289 1431 corpus
1316 1350 1404 1429 hujus
1428 1352 1551 1426 stellae,
1586 1360 1639 1415 aut
1662 1361 1794 1433 oportet
1818 1358 1942 1414 creatum

565 1464 648 1509 *esse
672 1441 815 1504 divinitus
839 1450 893 1502 aut
916 1442 1016 1521 aliqua
1040 1450 1166 1503 naturae
1190 1440 1219 1501 ui
1243 1448 1433 1521 prognatum.
1480 1441 1657 1523 Priusquam
1677 1452 1786 1503 autem
1803 1440 1844 1502 ad
1863 1458 1939 1502 crea-

579 1533 705 1604 tionem,
737 1532 794 1592 hoo
827 1540 875 1591 est
897 1530 945 1591 ad
977 1531 1065 1592 finem
1098 1528 1194 1591 omnis
1229 1528 1440 1609 disputationis
1464 1530 1636 1607 veniamus,
1671 1530 1833 1593 tentanda
1855 1528 1942 1591 omnia

579 1622 728 1685 existimo.
776 1617 864 1689 Quod
889 1619 1026 1699 equidem
1050 1627 1134 1681 tanto
1160 1617 1237 1679 facio
1261 1617 1426 1691 lubentius,
1461 1621 1538 1700 quod
1568 1620 1704 1695 videam,
1739 1620 1828 1682 intra
1857 1636 1940 1680 aonoa

579 1708 622 1774 30
644 1709 722 1772 hanc
741 1708 805 1788 jam
830 1716 967 1789 quartam
992 1716 1046 1769 ant
1068 1716 1149 1770 certe
1172 1707 1295 1769 tertiam
1318 1725 1386 1768 esse
1410 1727 1518 1769 novam
1542 1710 1681 1771 stellam:
1717 1708 1863 1789 quodque
1884 1706 1940 1769 Pli-

580 1801 647 1863 nius
672 1798 763 1859 etiam
788 1796 867 1859 inter
889 1816 968 1858 nova
991 1797 1105 1871 sidera,
1137 1815 1213 1877 qnae
1238 1805 1358 1857 comata
1381 1807 1451 1858 sunt
1474 1799 1707 1879 utplurimum,
1739 1817 1836 1860 unum
1861 1797 1940 1859 etiam

580 1908 676 1970 genus
700 1885 795 1948 faciat
818 1886 1027 1948 immobilium:
1051 1887 1128 1947 unde
1152 1885 1312 1965 conjicias,
1346 1893 1378 1946 et
1408 1886 1478 1947 olim
1501 1888 1625 1950 fixarum
1657 1886 1821 1967 regionem
1845 1885 1940 1966 lmjns·

581 1978 661 2041 modi
685 1976 786 2038 sidera
808 1975 980 2056 protulisse.
1027 1975 1092 2037 Nec
1116 1975 1215 2036 nullae
1239 1973 1424 2053 suspiciones
1448 1995 1485 2036 ex
1509 1975 1644 2040 historiis
1675 1976 1849 2057 superioris
1873 1974 1939 2037 aeci.

578 2066 658 2129 Vide
690 2066 925 2147 Progymnasm:
956 2059 1166 2147 Tychonis.³¹)
1213 2061 1329 2134 Quodsi
1362 2062 1466 2143 genita
1498 2074 1623 2128 naturae
1646 2065 1694 2140 vi,
1729 2066 1941 2146 quaeritaret

579 2157 615 2218 de
640 2163 722 2217 certo
747 2155 894 2216 efficiente
920 2173 974 2215 sen
1006 2153 1212 2234 progenitore,
1246 2161 1279 2213 et
1311 2153 1347 2213 de
1377 2155 1513 2217 materia.
1560 2156 1603 2218 Ut
1634 2174 1706 2216 vero
1743 2155 1785 2216 de
1819 2152 1939 2217 materia

578 2244 661 2325 prius
684 2263 773 2322 agam
797 2252 830 2304 et
851 2250 1037 2323 pertractum
1061 2244 1207 2304 hactenus
1232 2242 1464 2321 disputationem
1487 2243 1601 2306 liniam:
1627 2263 1720 2325 supra
1745 2243 1823 2320 dixi,
1849 2253 1939 2305 mata·

578 2335 652 2398 riam
678 2352 714 2394 ex
738 2334 832 2394 Terra
853 2352 923 2415 non!
937 2332 1038 2395 luisse.
1084 2331 1132 2393 Ex
1157 2331 1240 2392 coelo
1263 2330 1354 2410 igitur
1377 2330 1434 2393 luit
1456 2333 1594 2395 desumta
1617 2332 1767 2408 materia;
1801 2332 1938 2414 siquiden

578 2424 678 2503 aliquo
702 2431 791 2501 pacto
816 2422 924 2483 stellae
947 2421 1103 2501 generatio
1127 2420 1203 2489 (etsi
1228 2428 1407 2496 monstrosa,
1432 2431 1467 2484 nt
1485 2423 1636 2504 anguillae
1652 2421 1800 2502 genitura
1823 2423 1855 2484 in
1879 2422 1938 2482 alvo

577 2511 722 2584 hnmano)
754 2518 857 2591 potest
889 2518 1014 2572 naturae
1047 2510 1161 2572 viribus
1194 2508 1363 2571 transcribi.
1418 2511 1498 2573 Nam
1532 2511 1608 2574 citra
1640 2512 1806 2574 materiam
1842 2521 1939 2573 natura

544 2607 546 2612 ’
578 2601 651 2663 nihil
674 2608 823 2680 procreat.
869 2599 911 2661 Et
934 2600 1068 2681 quidem,
1102 2598 1128 2661 si
1162 2608 1297 2660 cometae
1326 2599 1354 2659 in
1378 2601 1462 2661 coelo
1487 2609 1569 2671 sunt¹
1601 2601 1647 2675 si,
1682 2601 1767 2680 quod
1800 2598 1938 2679 exemplis

579 2690 777 2752 demonstrari
800 2697 918 2769 potest,
952 2708 990 2750 ex
1011 2688 1244 2768 profundissimo
1278 2688 1400 2749 aethere
1424 2689 1572 2752 Tellurem
1605 2709 1713 2751 uersus
1749 2691 1889 2752 seruntur
1911 2695 1937 2748 et

580 2778 741 2860 aliqnando
764 2778 896 2857 proximo
922 2778 999 2840 hanc
1023 2787 1104 2839 motu
1127 2786 1210 2840 recto
1235 2787 1440 2857 praetereunt,
1473 2780 1498 2840 si
1526 2798 1622 2841 norae
1653 2780 1735 2839 inter
1760 2781 1848 2860 ipsas
1870 2780 1935 2841 lixas

580 2868 715 2929 oriuntur
736 2868 862 2929 stellae:
886 2867 956 2948 qnid
980 2867 1120 2946 prohibet
1142 2867 1302 2938 affirmare,
1327 2866 1396 2927 illas
1419 2888 1457 2929 ex
1471 2857 1607 2930 aeth'eria
1626 2876 1771 2930 constare
1788 2866 1935 2930 essentia!

669 2956 726 3018 Hic
746 2956 811 3036 jam
835 2976 926 3037 snpra
949 2957 1061 3018 mentio
1085 2957 1168 3018 iacta
1191 2964 1239 3017 ost
1259 2954 1475 3035 pulcherrimae
1494 2958 1673 3032 sententiae,
1698 2976 1793 3037 qnam
1808 2957 1934 3020 Bralnens

579 3045 670 3108 dixit:
705 3046 810 3107 stellas
838 3045 1007 3126 hujusmodi
1028 3044 1179 3126 procreari
1210 3064 1247 3106 ex
1278 3044 1329 3106 via
1356 3046 1465 3107 lactea.
1513 3047 1553 3109 Et
1584 3048 1666 3108 visus
1690 3056 1743 3107 est
1766 3049 1942 3109 confirmare

580 3155 642 3198 rem
668 3155 758 3197 sensu
781 3136 942 3208 oculorum,
968 3144 1091 3196 ostensa
1115 3135 1222 3196 lacuna
1246 3153 1280 3194 eo
1304 3134 1379 3210 locu,
1405 3154 1461 3215 qno
1485 3137 1568 3198 sidus
1592 3136 1661 3197 anni
1688 3134 1789 3200 1572.
1818 3137 1933 3207 elfulsit;

581 3224 667 3305 quasi
690 3223 788 3303 portio
813 3224 866 3285 illa
888 3224 1032 3286 materiae
1055 3224 1084 3285 in
1110 3242 1217 3303 corpus
1241 3222 1350 3285 sideris
1373 3232 1480 3286 coacta
1504 3225 1608 3298 luerit,
1639 3245 1718 3306 qnae
1750 3226 1935 3306 postmodun

580 3316 709 3375 fortasse
742 3314 976 3393 conflagraverit
1007 3321 1060 3375 ant
1092 3312 1242 3392 dissipata
1274 3312 1373 3374 suerit.
1428 3311 1485 3376 cni
1520 3314 1727 3393 experimento
1763 3317 1885 3378 accedit
1911 3323 1936 3375 et

580 3411 685 3464 nostra
707 3403 782 3464 haec
807 3422 884 3464 nova
907 3404 1011 3475 stella,
1045 3402 1130 3481 cnjus
1163 3408 1285 3462 exortus
1318 3421 1434 3464 rursum
1466 3404 1495 3464 in
1529 3402 1686 3465 confinium
1724 3405 1796 3466 viae
1832 3408 1934 3468 lacteae

580 3493 699 3554 cecidit.
747 3489 833 3561 Quae
857 3511 927 3553 vero
952 3511 1029 3553 anno
1056 3488 1150 3554 1600.
1182 3490 1210 3551 in
1237 3488 1341 3572 O'yguo
1375 3493 1486 3554 effulsit
1523 3494 1597 3571 (qua
1629 3493 1722 3554 dein
1750 3495 1932 3574 appendice),

580 3582 669 3661 plane
694 3581 723 3642 in
749 3581 814 3660 ipso
838 3582 926 3661 pleno
950 3582 1029 3642 lacte
1054 3581 1149 3653 fulget
1173 3581 1345 3641 etiamnum.
1392 3579 1433 3641 Et
1464 3583 1562 3661 possis
1595 3581 1653 3642 huc
1683 3583 1816 3646 trahere
1851 3584 1932 3646 tradi-

582 3672 693 3734 tionem
706 3670 884 3733 Aristotelis
899 3680 930 3732 et
945 3669 1043 3743 Plinii,
1068 3670 1116 3751 qui
1137 3677 1269 3730 cometas
1290 3670 1491 3749 utplurimum
1507 3671 1592 3751 ajunt
1607 3671 1662 3731 sub
1679 3672 1787 3734 lactea
1804 3676 1934 3743 existere

580 3760 606 3821 si
637 3770 749 3821 certum
779 3770 874 3833 esset,
908 3761 988 3841 loqui
1020 3759 1089 3820 illos
1122 3758 1213 3819 etiam
1243 3759 1280 3818 de
1310 3758 1377 3820 fixis
1407 3760 1502 3821 novis.
1549 3760 1591 3822 Ut
1619 3779 1693 3821 vero
1719 3762 1816 3825 fidem
1843 3764 1932 3826 lucian

581 3859 702 3911 nostrae
726 3849 831 3910 Novae
857 3850 893 3909 de
918 3849 1027 3910 vicinia
1050 3847 1117 3908 viae
1152 3849 1285 3920 lacteae,
1316 3867 1371 3927 age
1403 3868 1439 3909 ex
1462 3848 1637 3910 Ptolemaeo
1663 3870 1870 3932 excerpamus
1891 3853 1932 3912 de·

581 3938 773 4018 scriptionem
797 3940 861 4019 ejus
885 3938 942 4000 loci
966 3939 1055 4017 plane
1080 3936 1324 4009 curiosissimam,
1350 3945 1382 3998 et
1398 3945 1430 3999 nt
1453 3938 1518 4018 ipse
1533 3939 1731 4001 Ptolomaeus
1757 3944 1816 4018 ait,
1842 3963 1932 4021 nepte

583 4051 688 4107 pocorp
710 4048 913 4107 aupucqpqoer
936 4029 1058 4088 factam.
1106 4024 1193 4096 Quod
1224 4026 1341 4107 quidem
1374 4035 1459 4088 tanto
1491 4029 1587 4106 magis
1621 4033 1850 4109 necessarium,
1881 4031 1932 4113 qnia

582 4118 666 4178 locus
690 4117 740 4177 ille
765 4116 793 4177 in
819 4128 920 4179 nostro
944 4116 1063 4177 cliunate
1088 4114 1233 4177 horizonti
1263 4116 1338 4176 adeo
1369 4116 1484 4178 vicinus
1514 4127 1577 4193 est,
1614 4128 1648 4179 ut
1679 4121 1852 4184 candorem
1882 4121 1930 4181 riae

584 4206 701 4266 lacteae
726 4206 763 4266 ob
788 4226 915 4287 vapores
939 4226 997 4267 non
1022 4205 1109 4266 facile
1133 4205 1287 4265 discernas
1311 4205 1386 4267 visu.

672 4288 726 4359 V'ia
746 4306 847 4370 lactea,
872 4296 984 4376 inquit,
1010 4310 1130 4375 apparet
1159 4305 1335 4376 aliquatenus
1365 4307 1486 4377 duplex,
1519 4307 1597 4361 initio
1636 4308 1715 4362 facto
1753 4328 1775 4366 a
1797 4309 1929 4367 Thuribnlo

583 4389 670 4456 utque
700 4388 734 4439 ud
756 4388 903 4441 Gallinam.
944 4388 984 4441 Et
1012 4402 1077 4456 pars
1108 4385 1192 4454 hujus
1222 4403 1309 4440 zonae
1340 4390 1508 4456 praecedens
1538 4405 1714 4458 nequaquam
1746 4410 1875 4447 connexa
1899 4401 1931 4442 est

584 4466 676 4520 alteri.
718 4467 852 4521 Deiectus
874 4467 945 4522 enim
971 4465 1039 4520 iacit
1063 4467 1152 4535 juxta
1182 4466 1386 4531 commissuras,
1417 4485 1489 4538 quae
1520 4476 1586 4522 aunt
1616 4466 1691 4539 apud
1714 4473 1894 4528 Tbun‘bulmn
1909 4475 1930 4520 el

584 4555 724 4609 Gallinam
746 4548 814 4616 (seu
837 4545 999 4628 Cygnum).
1038 4546 1151 4607 Postea
1174 4554 1291 4625 partem
1316 4558 1500 4626 sequentem,
1526 4567 1602 4627 quae
1621 4548 1712 4611 hodie
1739 4555 1825 4632 apud
1848 4546 1929 4631 puncti

584 4633 691 4716 tropici
720 4634 847 4696 confinia
879 4636 1034 4697 zodiacum
1068 4634 1193 4703 transit,
1227 4635 1360 4696 traducit
1383 4656 1401 4696 a
1425 4636 1588 4698 Thuribulo
1616 4656 1670 4717 per
1705 4639 1797 4703 sidus
1821 4636 1928 4719 Scorpi,

574 4742 636 4801 ‚pcr
656 4722 830 4797 Antinoum,
855 4726 996 4806 Aquilam
1021 4733 1052 4786 et
1067 4723 1220 4804 Sagittam
1245 4726 1282 4785 ad
1309 4723 1472 4788 Gallinam.
1519 4726 1560 4788 Et
1581 4728 1736 4808 descripto
1765 4740 1834 4793 toto
1854 4742 1929 4792 zonae

585 4812 699 4874 ambitu
731 4811 900 4875 subnectit:
934 4827 1012 4879 Zona
1031 4844 1115 4890 uero,
1147 4842 1203 4896 qua
1223 4828 1256 4879 de
1277 4826 1371 4895 prius,
1402 4827 1603 4897 interruptione
1624 4835 1656 4881 ut
1678 4830 1739 4884 dixi
1771 4834 1849 4887 factu
1874 4826 1929 4899 apul

584 4903 808 4973 comprehensam
829 4906 939 4959 stellam
961 4906 988 4959 in
1007 4906 1158 4960 Thuribnlo
1180 4905 1296 4976 indeque
1318 4915 1399 4976 capto
1420 4908 1507 4972 initio,
1531 4916 1587 4961 tres
1610 4909 1719 4978 quidem
1743 4916 1832 4967 nodos
1853 4923 1930 4965 acor·

585 5001 652 5053 porc
667 4984 823 5053 Scorpionis
845 4985 1001 5055 intercipit:
1025 4987 1105 5040 trium
1120 5004 1186 5040 uero
1205 4986 1231 5039 in
1247 5003 1360 5056 corpore
1374 4988 1480 5058 Scorpii
1495 5006 1554 5043 eam
1570 5005 1641 5059 quae
1663 4993 1797 5062 sequitur
1817 4988 1928 5048 excludit

586 5064 711 5135 margine
738 5065 900 5119 occidentali
926 5067 1032 5119 distans
1053 5068 1089 5120 ab
1110 5085 1145 5120 ea
1170 5069 1286 5137 gradum
1307 5085 1399 5122 unum.
1444 5070 1522 5131 Quae
1544 5088 1608 5122 uero
1635 5079 1680 5124 est
1702 5074 1730 5125 in
1756 5071 1929 5145 quartando

586 5144 699 5213 Scorpii,
722 5162 819 5215 purum
840 5147 948 5200 obtinet
968 5152 1060 5200 adrem
1082 5149 1199 5201 medium
1220 5148 1291 5200 inter
1311 5157 1457 5220 utramque
1478 5168 1584 5213 zonam,
1607 5157 1832 5222 quamproxime
1852 5150 1927 5222 „qm
