4584 6192
2122 611 2286 678 caput
2320 611 2526 667 xxm.
2719 619 2726 628 ·
3530 613 3656 690 715

876 783 903 845 .”
973 788 1338 852 refutatione
1386 788 1639 863 dictum)
1688 806 1802 850 non
1857 797 2104 869 posset3
2169 797 2373 853 tamen
2427 789 2601 862 nobis
2654 790 2809 854 hanc
2873 791 3132 860 stellam¹
3159 792 3271 855 hoc
3314 793 3460 857 'loco
3507 812 3655 856 con-
3697 867 3702 872 .

936 877 1283 941 ·st1tuer1t⁹
1329 879 1410 941 Et
1438 889 1652 958 quarta
1679 878 1915 958 quidem
1943 880 2244 941 sententia
2280 900 2527 942 causam
2568 859 3005 955 subministrat,
3046 883 3201 945 Oaeov
3227 879 3347 945 ἀπο
3373 897 3655 964 mxumo,

966 967 1079 1029 sed
1127 975 1250 1028 tum
1296 968 1550 1041 demum,
1599 967 1700 1029 ubi
1745 986 1853 1029 nos
1900 968 2097 1029 omnia
2143 969 2444 1031 naturalia
2488 969 2834 1031 defecerint.

1156 1053 1487 1120 Conflictns
1547 1057 1728 1135 igitur
1782 1057 2210 1119 sententiarum
2272 1058 2451 1120 trium
2513 1057 2700 1121 oritur
2761 1056 3105 1121 acerrimus.
3193 1058 3452 1123 Primum
3500 1061 3655 1124 enim

968 1144 1308 1219 dubitatur,
1374 1164 1695 1208 concursus
1743 1145 1871 1207 iste.
1919 1147 2055 1208 novi
2101 1146 2316 1209 sideris
2362 1167 2494 1212 cum
2540 1148 2911 1227 planetarum
2961 1147 3173 1226 copula
3217 1149 3653 1213 consectarium

961 1235 1051 1297 sit
1094 1255 1170 1295 an
1218 1235 1555 1315 quaesitum
1599 1234 1936 1315 quippiam;
2001 1243 2064 1297 et
2125 1237 2265 1317 quia
2328 1236 2655 1310 versimile,
2724 1235 3055 1316 quaesitum
3119 1235 3422 1316 quippiam
3475 1258 3647 1302 esse:

962 1315 1224 1404 amplius
1267 1323 1603 1398 dubitatur,
1668 1334 1960 1386 naturane
2021 1325 2130 1387 hoc
2195 1325 2562 1406 quaesiverit
2617 1344 2691 1387 an
2740 1325 2904 1386 Deus
2952 1323 3081 1404 ipse
3128 1334 3301 1387 extra
3344 1311 3650 1391 ordinem⁹

963 1412 1228 1475 Rursum
1277 1425 1518 1487 -,autem
1586 1413 1725 1493 quia
1782 1414 2022 1476 difficile
2079 1414 2347 1486 creditu
2404 1421 2677 1476 naturam
2724 1421 2957 1488 tantum
3010 1432 3218 1496 posse,
3275 1417 3651 1482 temerarium

966 1520 1132 1576 vero,
1179 1502 1308 1563 Deo
1357 1503 1477 1564 ista
1523 1502 1800 1576 tribuere,
1848 1511 2169 1583 propterea
2214 1506 2370 1582 quod
2417 1504 2505 1566 sic
2547 1504 2741 1583 ipsum
2786 1502 2843 1564 in
2883 1502 3049 1581 leges
3085 1502 3479 1584 astrologicae
3518 1512 3650 1574 tra-
3692 1572 3707 1586 ,

962 1590 1195 1658 bimus:
1257 1591 1487 1654 animus
1535 1591 1593 1652 in
1641 1590 1956 1671 angiporto
2015 1612 2129 1655 non
2177 1594 2382 1673 pervio
2429 1593 2789 1655 constitutus
2848 1589 3168 1662 revertitur
3213 1594 3288 1653 ad
3334 1592 3649 1673 pristinam

956 1680 1351 1755 sententiam,
1409 1699 1562 1761 quae
1618 1699 1732 1741 non
1798 1681 2047 1744 consilio
2107 1693 2488 1761 procuratum
2549 1683 2701 1744 hunc
2759 1699 3134 1755 concursum,
3192 1681 3330 1743 sed
3346 1673 3646 1747 materiali

958 1768 1326 1831 necessitate
1388 1780 1770 1832 consecutum
1827 1771 2161 1833 asserebat.
2255 1772 2453 1833 Multa
2515 1770 2751 1851 quidem
2819 1769 3072 1850 diximus
3128 1769 3188 1831 in
3243 1766 3645 1850 superioribus

954 1859 1032 1920 de
1081 1847 1280 1919 causis
1325 1859 1732 1932 naturalibus,
1792 1860 2004 1938 quibus
2068 1860 2181 1922 hoc
2236 1862 2409 1964 'dus
2470 1861 2744 1922 effectum
2807 1878 2940 1921 esse
2975 1869 3463 1936 consentaneum
3506 1855 3643 1934 fiat.

954 1966 1110 2027 quae
1158 1949 1594 2027 qualescunque
1642 1947 1790 2023 siut,
1831 1948 2044 2027 jubent
2086 1969 2196 2011 nos
2243 1948 2622 2012 considerare
2672 1947 2998 2027 theologi„
3031 1967 3104 2009 ne
3153 1948 3315 2028 'quid
3351 1937 3524 2013 nimis
3555 1951 3645 2018 iis

955 2035 1310 2098 tribuamus.
1402 2036 1487 2098 Et
1533 2036 1808 2099 videntur
1852 2048 2205 2117 argumenta
2251 2057 2411 2113 esse,
2476 2039 2687 2119 quibus
2732 2036 3165 2117 persuadeatur
3208 2037 3408 2113 nobis,
3462 2039 3643 2102 altius
3729 2034 3734 2043 ’

952 2144 1166 2187 munus
1213 2144 1347 2187 esse
1392 2125 1734 2205 providere,
1802 2137 1868 2187 ut
1930 2147 2144 2190 novum
2199 2128 2363 2190 sidus
2420 2128 2477 2189 in
2543 2145 2926 2229 congressum
2971 2125 3351 2205 planetarum
3393 2127 3642 2204 incidat,

950 2233 1132 2317 quam
1177 2223 1245 2276 ut
1290 2224 1558 2291 naturae,
1607 2215 1717 2276 hoc
1764 2225 1859 2277 est
1906 2217 1988 2278 illi
2037 2216 2273 2296 spiritui
2317 2216 2504 2278 totius
2551 2215 2811 2277 universi
2857 2214 3038 2276 tribui
3061 2215 3298 2317 possit.
3376 2216 3640 2292 Primum
3677 2274 3688 2286 ,

951 2304 1112 2365 enim
1155 2305 1634 2382 potentissimum
1680 2323 1815 2365 esse
1863 2305 2014 2367 hunc
2060 2306 2333 2385 spiritum
2379 2324 2629 2368 necesse
2675 2305 2818 2379 erit;
2865 2312 2931 2364 ut
2977 2303 3088 2383 qui
3122 2304 3200 2365 ad
3235 2298 3643 2385 gubernacula
3737 2328 3743 2335 ·

950 2390 1168 2455 sedeat
1214 2401 1467 2455 naturae
1511 2393 1820 2467 coelestis,
1868 2395 2115 2474 ejusque
2162 2394 2282 2456 vim
2329 2395 2417 2457 ita
2461 2393 2755 2456 moderari
2801 2392 3023 2473 possit,
3075 2399 3142 2454 ut
3189 2396 3460 2496 quaesito
3508 2391 3662 2498 loco*

948 2491 1016 2544 et
1062 2490 1328 2585 tempore
1372 2483 1553 2544 talem
1596 2490 1832 2563 partum
1882 2485 2159 2547 enitatur.
2252 2484 2483 2546 Deinde
2530 2493 2592 2545 et
2636 2483 2891 2545 scientia
2945 2480 3314 2562 amplissima
3375 2484 3629 2566 requiri-

948 2580 1082 2646 tur,
1149 2572 1420 2634 nimirum
1488 2580 1553 2633 ut
1614 2572 1958 2651 provideat,
2026 2574 2124 2653 qui
2187 2575 2472 2656 qualesve
2535 2562 2894 2652 congressus
2958 2571 3330 2650 planetarum
3388 2592 3465 2636 ex
3522 2574 3636 2637 hac

946 2672 1159 2722 nostra
1189 2662 1426 2722 Tellure
1475 2660 1804 2741 apparituri
1851 2664 1989 2737 sint,
2038 2673 2105 2725 et
2146 2664 2470 2725 secundum
2516 2663 2669 2724 banc
2713 2659 3177 2741 praescientiam
3216 2661 3315 2762 jus
3361 2681 3529 2726 suum
3563 2665 3634 2742 in

945 2751 1199 2813 coelum·
1242 2750 1523 2812 extimum
1587 2761 1886 2813 exerceat.
1981 2749 2131 2823 Quis
2194 2763 2293 2814 est
2354 2752 2532 2831 igitur
2588 2751 2719 2827 ille,
2785 2769 2954 2832 quus
3016 2749 3272 2812 scientia
3316 2732 3631 2829 Tellurem,

944 2839 1224 2918 potentia
1270 2842 1495 2901 coelum
1545 2839 1826 2901 extimum
1872 2841 2324 2920 complectitur?
2417 2839 2686 2920 Denique
2752 2838 2966 2903 eximie
3033 2838 3245 2902 bonum
3314 2851 3390 2912 et·
3442 2843 3636 2921 φιλαν·

944 2932 1200 3007 θρωπω
1244 2928 1465 2990 evincit
1510 2929 1661 3003 finis,
1711 2929 1789 2990 ad
1836 2949 2010 3009 quem
2055 2930 2203 2994 haec
2249 2930 2625 3009 providentia
2667 2928 2994 2990 contendit.
3091 2924 3202 2989 Cui
3259 2928 3414 2994 enim
3460 2944 3632 2996 crea-

949 3025 1123 3078 turae
1188 3019 1557 3097 propositum
1623 3018 1932 3081 existimas
1992 3019 2106 3081 hoc
2169 3018 2652 3099 spectaculum?.
2704 3018 2861 3080 Num
2926 3016 3104 3079 alicui
3166 3018 3454 3102 coelesti?
3542 3023 3634 3085 At

950 3106 1181 3168 dictum
1226 3117 1320 3169 est
1365 3107 1424 3167 in
1471 3108 1696 3186 primae
1743 3108 2080 3170 sententiae
2144 3109 2538 3183 refutatione,
2604 3105 2884 3209 nuspiam
2920 3104 3121 3168 mundi
3183 3106 3298 3168 nisi
3362 3126 3439 3171 ex
3502 3112 3633 3172 sola

894 3188 898 3192 ’
948 3196 1142 3260 Terra
1186 3196 1378 3258 visum
1427 3215 1558 3257 esse
1608 3196 1774 3259 sidus
1818 3198 2080 3277 planetis
2125 3200 2511 3260 associatum.
2604 3197 2763 3260 Num
2806 3195 2988 3276 igitur
3026 3194 3132 3257 alu
3147 3195 3336 3259 alicui
3363 3200 3636 3262 terrestri

946 3293 1266 3346 creaturae
1311 3286 1681 3365 propositum
1730 3298 1827 3347 est
1872 3288 1981 3347 boc
2027 3288 2437 3367 spectaculum
2484 3296 2725 3367 praeter
2768 3284 3108 3361 hominem?
3577 3317 3583 3324 ·

1126 3374 1240 3436 His
1287 3375 1467 3453 igitur
1515 3376 1878 3455 argumentis
1927 3377 2121 3439 evinci
2157 3376 2426 3439 videtur:
2488 3377 2782 3465 signidem
2843 3373 3118 3455 quaesita
3161 3373 3245 3436 sit
3287 3374 3438 3438 haec
3481 3394 3630 3438 con-

942 3464 1230 3543 gruentia
1273 3464 1388 3525 loci
1437 3474 1500 3524 et
1545 3465 1861 3546 temporie,
1912 3465 2133 3528 nemini
2178 3486 2313 3528 eam
2358 3465 2473 3528 nisi
2521 3466 2634 3529 soli
2680 3466 2809 3528 Deo
2837 3462 3207 3528 transscribi
3252 3480 3451 3569 posse.
3541 3466 3633 3528 At

942 3561 1194 3627 contra,
1242 3571 1357 3614 non
1409 3554 1656 3615 trahunt
1711 3554 1821 3616 hoc
1867 3556 1927 3617 in
1976 3556 2446 3618 controversiam
2498 3555 2932 3635 conjecturales
2977 3552 3064 3615 illi
3108 3552 3374 3633 physici,
3401 3537 3627 3617 'Deum

943 3662 1089 3704 esse
1135 3654 1425 3704 summam
1471 3654 1532 3704 et
1577 3644 1829 3722 primam
1876 3664 2118 3708 causam
2167 3665 2360 3707 rerum
2399 3645 2675 3716 omnium,
2722 3645 2832 3707 sed
2858 3641 3251 3711 contendunt·
3266 3641 3377 3703 hoc
3415 3643 3625 3721 solum,
3729 3712 3733 3715 ,

940 3731 1141 3793 medio
1191 3731 1270 3793 ad
1315 3732 1426 3792 hoc
1474 3732 1639 3793 sidus
1686 3734 2060 3796 efficiendum
2108 3754 2278 3796 usum
2324 3754 2458 3796 esse
2505 3732 2832 3794 ordinario:
2898 3750 3009 3794 nec
3054 3730 3186 3792 ideo
3231 3728 3425 3793 Deum
3470 3731 3628 3796 effici

939 3840 1021 3882 ex
1064 3821 1168 3882 illo
1214 3840 1322 3882 suo
1354 3819 1584 3900 Spiritu
1632 3842 1737 3902 per
1785 3833 1974 3885 totum
2022 3825 2299 3890 mundum
2345 3822 2589 3898 meanti,
2637 3821 2691 3881 si
2720 3821 2973 3884 maxime
3019 3817 3107 3881 illi
3138 3827 3200 3881 et
3235 3818 3387 3881 hanc
3424 3800 3631 3884 scieu-

944 3910 1098 3973 tiam
1142 3918 1207 3971 et
1251 3910 1404 3971 hanc
1448 3913 1778 3989 potentiam
1828 3922 1890 3974 et
1935 3913 2088 3975 hanc
2121 3913 2453 3975 bonitatem
2482 3911 2827 3973 tribuamus.
2899 3908 3162 3971 Primum
3212 3907 3367 3971 enim
3398 3909 3625 3974 finitum

938 3997 1042 4061 est
1086 4018 1216 4060 cum
1263 4000 1373 4060 hoc
1421 4018 1568 4078 opus
1616 4011 1740 4062 tum
1788 4002 2291 4065 universus.adeo
2340 4001 2625 4064 mundus:
2673 4000 2843 4063 finita
2887 3998 3068 4079 igitur
3112 3998 3417 4077 potentia,
3466 4019 3619 4082 quae

939 4089 1042 4151 hic
1089 4088 1403 4150 exseritur.
1444 4089 1595 4151 ,Dei
1641 4109 1782 4152 vero
1817 4091 2072 4153 virtutes
2109 4111 2314 4153 omnes
2350 4090 2637 4154 infinitae.
2707 4090 2942 4153 Deinde
2978 4105 3087 4150 nec
3124 4086 3416 4167 qualitate
3444 4108 3627 4170 supra

936 4187 1253 4240 creaturas
1313 4187 1454 4240 sunt
1518 4178 1657 4242 ista.
1770 4177 1946 4250 Quod
2010 4180 2164 4242 enim
2230 4180 2546 4243 scientiam
2611 4188 2906 4244 astrorum
2968 4174 3225 4258 attinet,
3287 4178 3622 4250 certissime

935 4267 1338 4329 demonstrari
1384 4276 1606 4345 potest,
1659 4269 1968 4332 universae
2007 4270 2431 4345 astronomiae,
2479 4270 2679 4351 qualis
2712 4275 2966 4349 apparet
3000 4266 3060 4329 in
3104 4265 3311 4341 Terra,
3358 4267 3618 4351 impres-

934 4358 1169 4419 sionem
1215 4365 1277 4418 et
1323 4358 1766 4437 perceptionem
1810 4358 1964 4426 citra
2009 4358 2246 4439 quidem
2292 4360 2624 4424 discursum
2669 4360 2867 4445 inesse
2908 4365 3158 4420 naturae
3185 4375 3380 4424 retum
3407 4360 3611 4422 sublu-

933 4445 1172 4507 narium
1223 4453 1286 4506 et
1344 4446 1733 4510 facultatibus
1796 4448 2195 4525 namralibus,
2256 4458 2383 4517 tam
2445 4468 2597 4553 quae
2659 4451 2720 4512 in
2767 4449 2989 4511 Terrae
3052 4444 3378 4516 visceribus
3441 4466 3618 4529 quam

931 4553 1091 4615 quae
1137 4533 1196 4595 in
1244 4534 1646 4597 animantibus
1695 4538 1912 4601 insunt.
2006 4534 2165 4607 Quid
2210 4537 2418 4601 mirum
2462 4538 2660 4619 igitur,
2709 4538 2761 4601 si
2808 4537 3019 4599 eadem
3057 4543 3120 4596 et
3143 4533 3248 4597 ini
3282 4555 3391 4616 per
3419 4538 3617 4600 omnia

933 4624 1163 4686 meanti
1200 4605 1453 4704 'Spiritui
1501 4626 1868 4688 tribuamus?
1940 4627 2283 4691 Potentiam
2326 4646 2469 4690 vero
2526 4627 2786 4707 ejusdem
2847 4628 2985 4689 dum
3030 4623 3182 4687 coeli
3227 4625 3615 4707 amplitudine

930 4713 1229 4776 metimur.
1276 4732 1509 4775 rursum
1557 4715 1792 4777 humaui
1821 4716 1960 4796 quid
1998 4717 2535 4798 patimur,·quibus
2562 4718 2798 4779 coelum
2820 4716 2895 4778 ob
2922 4715 3112 4778 solam
3147 4715 3614 4798 magnitudinem

931 4810 1043 4882 est⁸
1077 4801 1460 4871 admirabile,
1507 4819 1638 4866 cum
1686 4826 1795 4868 nos
1841 4809 1918 4867 ob
1965 4806 2356 4885 exiguitatem
2405 4808 2585 4869 simus
2632 4805 3091 4869 contemtibiles.
3183 4803 3332 4882 Mihi
3377 4804 3613 4885 quidem

931 4891 1122 4954 multo
1170 4890 1423 4953 nobilior
1469 4894 1728 4957 facultas
1775 4894 1994 4957 homini
2040 4895 2276 4958 videtur
2320 4889 2548 4976 tributa
2593 4896 2923 4976 ceterisque
2970 4892 3404 4969 animantibus,
3472 4895 3609 4973 gig-

931 4977 1114 5042 nendi
1160 4980 1273 5043 sibi
1337 4980 1561 5057 simile,
1627 4993 1867 5065 propter
1928 4983 2220 5047 infinitam
2284 4986 2673 5047 membrorum
2737 4985 2995 5060 omnium
3055 4983 3138 5045 ad
3200 4984 3368 5045 finem
3436 5005 3609 5049 suum

930 5070 1431 5144 ordinationems
1469 5092 1691 5152 quam
1708 5075 1856 5137 haec
1920 5081 2018 5136 est
2081 5074 2235 5137 coeli
2293 5075 2570 5154 potentia
2632 5075 2711 5137 ad
2770 5074 3183 5178 conglobanda
3227 5085 3609 5141 excrementa

930 5159 1274 5234 coelestia
1258 5162 1319 5222 ιιι
1348 5179 1526 5225 unam
1553 5163 1771 5227 stellae
1815 5182 2009 5246 novae
2035 5163 2304 5245 figuram.
2393 5161 2524 5228 Nec
2568 5166 2773 5244 refert,
2827 5164 2889 5228 in
2934 5172 3220 5249 quantum
3264 5152 3520 5249 spatium
3568 5185 3609 5241 q.
