4584 6192
1019 553 1052 604 dc
1066 555 1137 604 robur
1157 554 1259 617 opum.

914 727 1032 789 Nobilis
1062 736 1095 788 et
1117 728 1278 806 Magnifice
1308 730 1374 790 Vir.

999 818 1113 878 Fautor
1143 818 1288 894 gratiose.

552 902 679 963 Literas
704 902 808 981 Magn.
833 904 915 964 Tuae
939 924 1004 965 cum
1035 905 1163 981 adjectis
1187 903 1207 967 ti
1231 905 1357 967 Ducatis
1381 911 1461 968 recte
1487 905 1599 984 accepi.
1648 905 1821 973 Gratiarum

466 990 613 1052 actionem
648 993 930 1053 commemoratione
965 1003 995 1054 et
1028 993 1266 1054 dinumeratione
1296 994 1522 1065 beneficiorum,
1556 1012 1631 1074 quae
1665 1016 1724 1058 una
1757 1000 1822 1059 vice

467 1079 579 1159 accepi,
605 1080 633 1141 in
659 1099 804 1158 praesens
829 1080 1005 1159 transigam.
1044 1082 1122 1142 Nam
1147 1092 1179 1142 et
1202 1082 1397 1143 oscitantiam
1421 1091 1452 1141 et
1476 1081 1699 1145 festinationem
1724 1105 1822 1148 msam

465 1168 596 1247 ineptam
622 1168 716 1230 libelli
740 1168 883 1248 supplicis
907 1170 1061 1232 curatione
1086 1170 1263 1233 correxisti:
1289 1179 1320 1231 et
1335 1168 1643 1232 commendationibus
1662 1173 1722 1234 tuis
1743 1174 1821 1235 libe-

466 1256 648 1318 ralissimum
673 1256 746 1317 mihi
771 1258 959 1318 honorarium
985 1279 1003 1319 a
1026 1257 1227 1321 Serenissimo
1252 1260 1365 1320 Vestro
1389 1258 1572 1337 impetrasti,
1606 1270 1695 1339 atque
1720 1260 1764 1336 id,
1789 1271 1823 1323 ut

465 1344 672 1424 cxpectationi
696 1364 781 1406 meae
805 1346 1010 1422 satisfaceres,
1036 1348 1072 1407 de
1092 1348 1211 1426 proprio
1230 1345 1476 1426 repraesentasti.
1515 1343 1636 1415 Quanto
1657 1357 1709 1409 tua
1727 1349 1824 1429 major

467 1434 517 1495 init
543 1434 572 1493 in
601 1433 708 1495 ultimo
736 1434 916 1508 humanitas,
941 1437 970 1495 in
995 1437 1091 1497 medio
1115 1435 1309 1514 promtitudo,
1336 1444 1421 1496 tanto
1444 1433 1515 1496 mibi
1541 1437 1652 1497 salsius
1672 1439 1822 1516 exprobro

467 1522 526 1600 ipse
551 1541 653 1583 meam
678 1522 706 1582 in
731 1524 861 1601 petendo
886 1524 1154 1605 importunitatem.
1193 1523 1416 1585 Immodestiam
1437 1522 1515 1584 enim
1535 1542 1593 1585 non
1617 1524 1724 1600 dicam,
1751 1526 1822 1588 mibi

469 1610 520 1690 ipsi
545 1610 767 1688 indulgentior,
801 1630 836 1672 eo
867 1614 944 1691 quod
974 1632 1050 1693 quae
1080 1614 1211 1673 omnium
1243 1632 1327 1673 meae
1361 1611 1475 1673 farinae
1508 1611 1657 1673 hominum
1687 1614 1822 1693 exemplo

470 1702 601 1761 facturus
637 1699 766 1772 fueram,
801 1699 950 1761 invidiosa
979 1699 1133 1762 civilitatis
1163 1702 1355 1762 affectatione
1388 1699 1564 1779 petitionem
1595 1701 1700 1762 velans
1732 1702 1822 1765 oflicii

469 1797 670 1866 praetextum,
696 1788 800 1848 eadem
832 1789 971 1850 candoris
1004 1790 1174 1850 existimari
1199 1790 1331 1869 ingenua
1361 1787 1549 1849 confessione
1573 1790 1713 1868 detegere
1738 1799 1770 1851 et
1793 1790 1822 1851 in

470 1885 569 1955 aperto
604 1876 764 1937 collocare.
812 1874 900 1946 Quod
935 1886 1034 1939 autem
1060 1879 1098 1938 ad
1129 1878 1276 1957 primum,
1311 1897 1368 1939 nou
1402 1895 1524 1956 possum
1557 1876 1611 1938 tibi
1640 1897 1696 1939 non
1732 1877 1821 1940 fateri

470 1964 600 2026 dolorem
635 1984 752 2038 meum;
787 1965 835 2044 qui
869 1965 986 2027 rideam
1020 1968 1075 2028 huc
1108 1967 1262 2044 accepisse
1295 1986 1390 2028 ineam
1424 1964 1654 2044 negligentiam,
1688 1976 1722 2028 ut
1743 1966 1823 2028 infra

471 2053 626 2132 dignitatis
646 2061 717 2114 tuae
741 2052 852 2115 limites
872 2056 910 2115 ad
930 2054 986 2115 hoc
1006 2074 1099 2134 genus
1119 2055 1209 2117 oflicii
1229 2063 1260 2116 et
1281 2053 1476 2116 humanitatis
1501 2054 1700 2117 descenderis.
1734 2052 1822 2126 Quod

471 2141 493 2202 si
514 2141 646 2202 futurum
671 2141 892 2220 praescissem:
919 2144 1006 2205 relim
1026 2144 1097 2203 mihi
1121 2153 1153 2204 ut
1177 2145 1253 2205 bono
1269 2144 1333 2204 viro
1357 2143 1473 2216 credas,
1498 2161 1557 2203 non
1581 2142 1658 2203 tanti
1682 2142 1822 2206 fecissem

472 2229 517 2290 illa
538 2229 576 2290 D.
603 2229 762 2308 Vihepccb
792 2231 949 2292 occasione
980 2233 1042 2293 nti:
1068 2233 1136 2312 quin
1161 2233 1260 2310 potius
1286 2233 1376 2293 libros
1399 2231 1459 2309 jam
1483 2233 1708 2293 commendatos
1732 2251 1821 2311 repe-

473 2317 581 2379 bissem
603 2327 634 2379 et
654 2318 716 2380 alia
735 2320 893 2380 occasione
914 2339 973 2381 una
992 2340 1058 2381 cum
1077 2321 1296 2400 supplicatione
1317 2320 1475 2382 misissem.
1514 2318 1575 2381 Sed
1596 2320 1674 2399 quod
1693 2318 1822 2381 mirabili

475 2418 519 2467 tua
537 2406 688 2468 facilitate
717 2417 852 2469 curatum
879 2417 927 2470 est
951 2410 1057 2470 vulnus
1076 2428 1152 2487 pene
1172 2409 1344 2489 priusquam
1360 2407 1563 2486 infligeretur,
1590 2408 1658 2470 nolo
1679 2408 1820 2472 refricare

476 2515 535 2557 sera
557 2502 588 2556 et
612 2495 710 2556 inutili
734 2496 929 2574 poenitentia.
972 2525 975 2530 ·

552 2584 652 2646 Unum
677 2602 739 2653 oro,
764 2585 905 2646 schedam
926 2607 954 2646 n.
972 2586 1052 2646 illam
1076 2605 1172 2646 meam
1193 2585 1234 2657 tsi
1258 2585 1376 2664 quidem
1404 2605 1440 2645 ea
1465 2583 1587 2645 fortuito
1610 2603 1704 2663 penes
1723 2586 1766 2645 M.
1785 2586 1822 2646 V.

477 2671 626 2734 etiamnum
650 2671 795 2746 oberret),
822 2682 852 2734 ut
877 2674 946 2753 quid
970 2676 1008 2735 ad
1033 2673 1143 2735 Secum
1169 2674 1339 2753 scripserim
1361 2672 1504 2735 memoria
1527 2672 1682 2734 retineam.

552 2760 765 2832 Decreveram,
787 2761 813 2821 si
829 2762 972 2824 schedam
993 2762 1062 2823 mihi
1085 2763 1125 2823 Μ.
1147 2763 1181 2825 Τ.
1202 2781 1256 2822 suo
1271 2761 1449 2839 interposito
1464 2759 1577 2838 judicio
1595 2758 1823 2822 describendam

478 2849 653 2924 remisisset,
689 2868 808 2910 monere
839 2851 1089 2923 Serenissimum,
1123 2872 1160 2911 an
1185 2850 1306 2929 placeat
1331 2850 1358 2909 in
1383 2849 1550 2927 hujusmodi
1574 2850 1711 2921 theatro,
1735 2850 1822 2930 quale

479 2932 543 3016 Cap.
568 2938 607 2998 ll.
632 2938 787 3017 proposui,
813 2938 942 3001 futuram
967 2938 1090 3017 eclipsin
1116 2938 1193 3000 citra
1214 2939 1353 2999 damnum
1378 2938 1527 2997 oculorum
1552 2936 1671 2999 intueri.
1706 2938 1823 3000 Poterit

478 3022 501 3083 id
520 3025 563 3086 M.
584 3026 619 3087 Τ.
645 3034 731 3086 tanto
756 3027 925 3103 expeditius
945 3028 1122 3100 deliberare,
1149 3036 1260 3106 quanto
1281 3025 1484 3104 exploratiora
1507 3025 1601 3087 habet
1623 3024 1657 3086 S.
1674 3025 1822 3105 Principis

478 3114 567 3174 studia
589 3123 621 3175 et
645 3113 804 3175 desideria.

553 3201 600 3262 De
625 3202 730 3281 eclipsi
747 3202 783 3263 B.
800 3202 922 3262 Martini
944 3204 1029 3281 plura
1049 3202 1182 3262 scribere
1200 3221 1257 3262 uon
1277 3221 1410 3280 possum,
1436 3220 1524 3280 quam
1545 3202 1573 3262 in
1593 3221 1683 3280 opere
1703 3201 1820 3280 scripsi.

477 3287 570 3369 h'eqne
598 3290 677 3351 enirn
710 3291 826 3352 calculo
860 3291 940 3351 illam
974 3289 1122 3370 quaesivi,
1157 3310 1251 3369 neque
1286 3309 1361 3369 quae
1390 3290 1426 3349 de
1460 3289 1665 3368 magnitudine
1697 3292 1821 3353 duarum

478 3380 653 3458 sequentium
678 3379 785 3457 scripsi
810 3379 840 3440 in
864 3379 939 3439 hanc
963 3380 1192 3457 praecedentem
1217 3387 1287 3439 sunt
1310 3378 1467 3439 trahenda.
1506 3378 1576 3440 Fuit
1599 3379 1714 3441 additio
1738 3399 1822 3441 mar-

477 3465 583 3542 ginalis,
610 3467 712 3546 itaque
737 3477 896 3528 contextus
922 3486 978 3527 non
1004 3477 1053 3527 est
1079 3470 1169 3545 plane
1200 3467 1393 3527 clarissimus.
1442 3466 1547 3527 Verba
1568 3465 1821 3547 Liechtembcrgii

476 3566 566 3616 sumta
588 3563 661 3615 suut
684 3574 721 3615 ex
737 3553 918 3616 Germanico
941 3556 1083 3634 opusculo
1105 3555 1132 3615 in
1159 3564 1275 3634 quarto,
1301 3556 1364 3615 sine
1383 3554 1449 3629 loci,
1474 3555 1654 3636 typographi
1675 3566 1728 3617 aut
1752 3557 1821 3618 anni

478 3641 677 3723 impressionis
700 3644 860 3704 mentione.
908 3643 967 3704 Est
990 3652 1088 3706 autem
1112 3643 1273 3705 fasciculus
1296 3643 1535 3722 prophetiarum,
1560 3643 1609 3705 ubi
1634 3642 1743 3724 Capite
1767 3641 1820 3706 23.

478 3730 514 3793 sic
536 3733 634 3812 inquit
657 3732 694 3793 dc
719 3732 822 3809 eclipsi
843 3732 912 3793 anni
936 3728 1029 3807 1485,
1054 3733 1133 3812 quod
1152 3731 1210 3810 ipsi
1233 3731 1382 3793 scribendi
1406 3731 1573 3810 subjectum
1597 3731 1671 3794 fuit:
1697 3733 1754 3794 don
1777 3732 1821 3792 sie

478 3818 510 3881 ist
531 3823 585 3881 mit
609 3820 837 3898 grausamhheit
860 3820 918 3881 und
942 3820 1165 3899 greisslichheit
1188 3820 1255 3880 weit
1280 3819 1440 3898 iiberlegen
1464 3820 1518 3880 der
1541 3819 1730 3895 frinsternus,
1763 3838 1821 3880 ron

478 3909 595 3971 rolcber
620 3907 722 3969 Vnser
746 3908 878 3969 Vorfam
903 3927 1012 3986 sagon,
1046 3909 1093 3968 die
1119 3926 1170 3968 zur
1193 3908 1262 3968 Zeit
1285 3908 1338 3968 des
1369 3905 1499 3986 heiligen
1523 3905 1673 3969 Bischoffs
1696 3907 1821 3969 Martini

479 3996 513 4057 ist
532 4004 658 4084 gewest.
695 3997 760 4058 h'eo
782 3997 879 4075 plura.
918 3995 1051 4077 Objicies
1069 3996 1140 4058 mihi
1160 4004 1192 4057 et
1209 3997 1278 4075 jure
1299 3995 1428 4075 quodam
1451 3993 1665 4058 obscuritatem
1680 3995 1820 4058 auctoris.

478 4085 515 4145 nt
533 4085 562 4146 in
587 4103 655 4147 meo
681 4085 813 4145 themate
837 4085 912 4145 haec
935 4084 1005 4145 mihi
1026 4104 1083 4146 non
1108 4085 1232 4145 multum
1257 4093 1355 4155 nocet,
1378 4102 1443 4145 cum
1463 4084 1554 4146 etiam
1577 4081 1705 4145 rusticus
1729 4084 1821 4146 testi-

478 4176 594 4235 monium
618 4172 719 4252 possit
740 4172 895 4251 praebere.
943 4172 1107 4234 Praeterea
1131 4174 1168 4233 ad
1193 4172 1324 4251 majores
1348 4180 1503 4251 provocat.

556 4260 647 4332 Quod
671 4262 816 4322 calculum
841 4262 952 4323 attinet
976 4261 1143 4340 eclipsium,
1179 4279 1234 4339 quo
1259 4260 1356 4321 minus
1380 4260 1408 4321 in
1432 4278 1577 4340 praesens
1605 4278 1702 4321 meam
1726 4258 1821 4340 ipsios

481 4367 590 4428 operam
613 4348 657 4411 M.
683 4349 718 4410 T.
742 4350 820 4411 ultro
850 4352 986 4424 offeram,
1020 4367 1106 4410 nemo
1130 4368 1177 4409 me
1206 4348 1325 4428 teipso
1358 4348 1517 4410 excusabit
1548 4347 1677 4424 rectius,
1712 4347 1761 4429 qni
1784 4349 1849 4411 def

482 4435 568 4502 Muta
591 4446 655 4500 tarn
678 4436 840 4515 diligenter
860 4458 897 4498 ex
915 4457 962 4498 nre
981 4438 1110 4518 qrraeris.
1145 4437 1316 4510 Studiosus,
1341 4457 1398 4517 quo
1418 4456 1483 4498 sum
1500 4456 1581 4508 usus,
1605 4455 1652 4498 me
1671 4437 1820 4499 deseruit:

483 4533 509 4585 et
525 4545 592 4588 rere
616 4525 736 4606 quidem
755 4526 853 4587 instar
876 4545 982 4587 manus
1006 4526 1108 4600 habet,
1134 4544 1210 4605 qnae
1228 4526 1324 4605 quoad
1348 4526 1465 4605 corpori
1485 4525 1631 4586 adhaeret
1648 4531 1698 4587 est
1719 4526 1821 4587 utilia·

486 4611 556 4688 sina,
579 4621 702 4677 resecta
733 4615 866 4677 moritur.
915 4613 966 4674 Sic
990 4615 1026 4675 de
1051 4615 1116 4692 ipso
1140 4614 1182 4674 nii
1214 4632 1333 4692 possem
1366 4611 1516 4692 polliceri,
1549 4613 1606 4675 nisi
1630 4632 1746 4676 mecum
1770 4614 1821 4675 ait.

485 4697 614 4784 Proposni
633 4701 691 4781 ipsi
716 4702 860 4780 legendas
877 4704 920 4763 M.
941 4701 976 4762 T.
998 4702 1112 4764 literas.
1152 4701 1276 4763 Prornta
1292 4701 1411 4763 ridetur
1428 4720 1494 4764 esso
1511 4702 1686 4765 voluntate:
1711 4708 1822 4774 metuo,

486 4797 578 4891 cttsuo
600 4809 684 4893 more
708 4792 884 4853 temerarius
907 4792 949 4852 M.
965 4791 1047 4852 Tuae
1070 4790 1178 4852 fiducia
1201 4808 1270 4851 sese
1293 4789 1321 4851 in
1344 4788 1403 4851 iter
1425 4788 1577 4868 conjiciat
1614 4788 1686 4852 Jam
1707 4789 1823 4869 pridem

486 4891 550 4940 mm
559 4880 784 5030 Sbrbbrrelbtaria
807 4965 843 5026 de
868 4966 998 5028 motibus
1021 4974 1046 5035 ὁ
1070 4971 1101 5027 et
1124 4964 1185 5027 nni
1207 4964 1329 5040 tabulas
1352 4963 1544 5044 computandi
1568 4964 1645 5025 hunc
1667 4962 1823 5042 planetam

489 5051 632 5119 facillimas
655 5053 710 5117 sed
737 5054 888 5133 prolixas,
910 5053 1070 5116 Natalitiis
1095 5051 1207 5114 tradidi
1231 5049 1373 5127 Caesari,
1398 5050 1452 5113 sed
1476 5069 1533 5113 non
1557 5050 1646 5130 plane
1670 5049 1823 5131 descripta

1557 5149 1601 5203 θ’
1664 5149 1670 5163 “
