4584 6192
981 520 1063 585 capue
1081 521 1125 571 vr.
1150 520 1189 570 m.
1705 524 1770 592 293

494 694 536 758 Et
553 696 620 776 jam
644 702 747 757 notum
771 715 839 757 esse
864 696 964 768 debet,
990 697 1168 776 saepissime
1193 719 1248 759 usu
1272 700 1381 773 venire,
1408 706 1441 760 ιιι
1464 700 1594 763 Veneris
1617 704 1710 766 stella
1732 704 1770 766 de

406 785 455 847 die
477 792 633 855 cernatur,
668 782 749 846 Solis
773 785 867 846 radiis
891 804 957 846 com
982 787 1047 866 ipso
1071 784 1143 847 Sole
1168 787 1337 862 inclinatis,
1369 796 1401 849 et
1424 789 1561 852 extincta
1583 792 1695 854 eximia
1717 793 1771 855 illa

406 873 538 935 meridiei
562 873 714 936 claritate.
760 874 863 953 Atque
888 874 933 935 his
958 876 1020 936 lere
1044 875 1210 936 rationibus
1242 884 1273 936 et
1301 877 1516 957 experimentis
1540 881 1701 943 verisimile
1724 883 1767 957 lit,

407 963 523 1024 Lunam
547 964 654 1025 eodem
678 964 726 1024 die
751 973 823 1024 ante
846 971 878 1023 et
901 972 970 1042 post
994 962 1097 1025 Solem
1120 965 1215 1026 videri
1239 983 1341 1043 posse.

727 1103 776 1166 12.
814 1104 865 1165 De
890 1104 1024 1165 lumine
1049 1113 1253 1166 ceterorum
1278 1106 1451 1168 siderum.

493 1230 661 1294 Existimat
684 1229 886 1307 Albategnius
914 1247 981 1307 cap.
1017 1228 1069 1292 30.
1099 1240 1129 1290 ct
1159 1231 1284 1292 Vitellio
1314 1231 1364 1293 lib.
1390 1232 1444 1292 IV.
1470 1249 1554 1311 prop.
1581 1230 1634 1293 77.
1664 1233 1762 1296 stellis

406 1322 543 1386 omuibus
566 1342 585 1381 a
609 1317 680 1379 Sole
705 1337 788 1379 suurn
813 1337 880 1378 esso
906 1318 980 1377 lucis
1005 1319 1167 1392 modulum,
1204 1320 1271 1379 inde
1299 1321 1375 1380 adeo
1408 1320 1507 1400 sequi,
1537 1328 1570 1381 ut
1603 1322 1684 1381 aucti
1716 1324 1765 1385 vel

406 1412 511 1476 minuti
533 1408 644 1471 lumine
668 1417 859 1468 censeantur.
907 1404 995 1475 Quod
1020 1416 1120 1468 autem
1145 1427 1202 1468 non
1227 1416 1260 1468 ut·
1276 1409 1364 1470 Luna
1387 1409 1561 1469 dimidiatae
1586 1420 1763 1489 appareant,

407 1520 530 1564 causam
555 1516 623 1559 esse
652 1496 828 1558 distantiam
862 1495 1103 1569 immoderatam,
1138 1516 1192 1575 per
1221 1517 1309 1576 quam
1341 1498 1435 1577 ligura
1465 1497 1594 1559 discerni
1625 1510 1763 1578 nequeat

406 1590 466 1654 Alii
489 1609 510 1649 a
533 1588 606 1650 Sole
639 1584 757 1663 quidem
790 1584 945 1645 stellarum
978 1585 1074 1645 lumen
1108 1587 1250 1646 dictitant
1273 1606 1350 1661 esse,
1384 1587 1438 1648 sed
1463 1587 1592 1648 transire
1615 1606 1671 1666 per
1694 1607 1764 1651 cor·

404 1699 478 1760 pora
500 1674 686 1756 pellucentia
717 1682 749 1734 et
772 1674 816 1734 sic
843 1673 954 1734 vibrari
978 1675 1110 1735 tandem.
1158 1672 1292 1743 Quorum
1323 1676 1477 1738 sententia
1504 1675 1682 1737 imbecillior
1714 1686 1763 1740 est

406 1770 512 1831 altera.
560 1765 642 1825 Vere
676 1782 816 1841 namque,
851 1770 883 1822 ut
906 1761 987 1840 prins
1016 1764 1052 1823 de
1077 1764 1164 1825 Luna
1196 1764 1383 1839 dicebamus,
1417 1765 1520 1845 siper
1549 1764 1763 1828 refractionem

406 1857 481 1919 radii
507 1852 624 1916 Solaria
648 1853 748 1913 locent
771 1851 883 1923 sidera,
914 1852 1084 1912 transibunt
1114 1854 1320 1914 tantummodo
1349 1854 1378 1914 in
1409 1854 1617 1915 diametralem
1646 1874 1666 1913 a
1688 1853 1760 1916 Sole

406 1947 525 2018 lineam,
550 1951 584 2006 ut
597 1942 711 2003 candae
726 1950 917 2011 cometarum,
943 1960 998 2001 nec
1022 1942 1060 2001 ad
1084 1960 1138 2002 nos
1154 1941 1355 2004 lucidissimos
1379 1963 1450 2004 suos
1466 1943 1566 2004 radios
1581 1942 1740 2021 projicient
1754 1963 1778 2003 :·

406 2032 585 2114 praesertim
609 2030 660 2092 nbi
682 2031 760 2090 mole
784 2030 916 2107 corporis
940 2029 985 2089 sni
1010 2030 1200 2101 obsteterint,
1234 2050 1290 2110 quo
1321 2031 1417 2093 minus
1443 2032 1471 2092 in
1501 2031 1566 2093 loco
1591 2031 1763 2093 exeuntium

405 2123 485 2186 Solis
510 2121 660 2184 radiomm
684 2117 778 2179 videri
801 2118 929 2201 possint.
964 2138 998 2177 eo
1022 2137 1140 2180 sursum
1163 2136 1261 2181 verso.
1309 2121 1414 2200 Itaque
1439 2139 1532 2200 prope
1556 2117 1658 2181 Solem
1683 2121 1762 2181 late·

405 2222 485 2284 rent,
517 2211 603 2288 cujus
627 2208 809 2269 contrarium
836 2214 967 2267 testatur
1000 2208 1185 2287 experientia
1208 2216 1239 2268 et
1262 2209 1429 2271 Ptolemaei
1453 2209 1575 2287 regulae
1600 2210 1636 2270 de
1660 2227 1760 2270 erner-

405 2301 539 2363 sionibus
563 2297 780 2360 discedentium
809 2295 847 2356 ab
871 2314 1016 2374 apogaeo.
1065 2296 1261 2357 Vitellionem
1286 2316 1373 2371 vero,
1400 2299 1426 2360 si
1450 2298 1548 2359 nullus
1579 2297 1760 2376 reliquorum

403 2392 604 2469 planetarum,
640 2387 744 2446 Venus
774 2394 873 2444 tamen
903 2386 1053 2446 sufficiens
1078 2394 1126 2446 est
1158 2386 1300 2448 refutare.
1347 2387 1427 2449 Nam
1459 2387 1530 2467 quia
1560 2387 1634 2448 haec
1667 2387 1759 2448 stella

403 2478 505 2541 Solem
528 2475 666 2539 circumit
684 2475 746 2553 jam
766 2473 900 2550 superior
924 2492 958 2533 eo
977 2475 1041 2552 jam
1060 2474 1183 2535 inferior
1207 2477 1281 2553 (qua
1304 2477 1341 2536 de
1364 2496 1396 2536 re
1416 2495 1512 2549 nemo,
1538 2476 1616 2555 qnod
1631 2474 1759 2547 dubitet,

403 2568 503 2638 babet,
527 2573 687 2645 postquam
710 2562 879 2623 nniversam
903 2562 932 2622 in
948 2563 1165 2643 hypothesibus
1189 2564 1271 2624 hisce
1294 2565 1521 2644 ambiguitatem
1545 2564 1633 2626 hodie
1657 2564 1685 2623 in
1701 2564 1759 2625 duo

403 2658 503 2738 capita
526 2655 750 2732 discerpserunt
774 2650 957 2729 Cepernicns
982 2662 1013 2712 et
1037 2652 1138 2732 Tycha
1163 2653 1277 2743 Brahe,
1311 2655 1387 2715 adeo
1412 2662 1446 2715 ιιι
1468 2654 1593 2715 alterius
1617 2671 1655 2713 ex
1678 2652 1761 2714 hisce

403 2744 583 2807 sententiam
608 2761 709 2803 veram
734 2760 801 2802 esse
825 2759 947 2800 necesse
972 2741 1022 2801 sit.
1069 2742 1114 2802 At
1138 2751 1262 2820 uterque
1287 2761 1343 2802 uno
1368 2762 1419 2804 ore
1443 2743 1603 2816 affirmant,
1629 2740 1760 2803 Veneris

403 2835 458 2897 iter
479 2834 562 2895 circa
576 2831 679 2893 Solem
703 2829 859 2908 torqueri),
886 2829 1084 2891 conveniebat
1103 2831 1214 2909 itaque,
1239 2832 1336 2892 lumen
1353 2832 1483 2893 Veneris
1501 2839 1535 2892 ut
1554 2831 1668 2904 Lunae,
1693 2849 1760 2891 cum

404 2922 505 2985 Solem
530 2923 609 2983 iuter
632 2928 662 2980 et
692 2938 746 2979 nos
770 2918 869 2988 venit,
904 2918 1052 2997 extingui,
1087 2920 1302 2997 amplissimum
1327 2939 1398 2981 vero
1431 2921 1540 2994 videri,
1565 2919 1686 2979 Venere
1720 2919 1759 2978 ad

402 3012 584 3091 superiorem
608 3026 800 3087 congressum
833 3007 977 3084 fugiente.
1024 3009 1069 3068 At
1097 3007 1153 3067 hoc
1182 3028 1269 3070 secus
1301 3010 1402 3072 habet.
1450 3008 1508 3069 Diu
1532 3026 1659 3087 namque
1683 3007 1760 3068 latet

400 3101 429 3162 in
453 3099 602 3178 superiori
625 3096 842 3175 conjunctione,
867 3107 989 3156 etcum
1012 3097 1100 3157 valde
1125 3106 1173 3157 est
1197 3100 1269 3171 alta,
1293 3098 1391 3159 lumen
1416 3097 1514 3158 debile
1538 3096 1665 3175 spargit,
1690 3114 1757 3156 um-

400 3190 481 3250 bram
505 3187 635 3266 maligne
660 3184 779 3265 projicit
802 3206 821 3244 a
843 3185 1027 3262 corporibus.
1060 3185 1133 3246 Inde
1158 3206 1214 3265 quo
1239 3188 1335 3265 magis
1360 3187 1525 3260 descendit,
1550 3186 1606 3246 hoc
1630 3184 1758 3245 efficitur

401 3278 508 3339 clarior
531 3277 688 3354 lumenque
713 3274 842 3334 Lunaris
867 3274 1013 3335 aemulum
1036 3274 1137 3335 vibrat
1169 3284 1201 3336 et
1233 3277 1359 3355 deniqne
1387 3283 1492 3337 tantae
1526 3272 1674 3335 claritatis
1698 3281 1756 3348 est,

400 3375 432 3427 ut
455 3366 485 3427 in
510 3366 576 3444 ipso
600 3363 748 3424 interdurn
774 3361 991 3441 conjunctionis
1016 3363 1143 3423 articulo
1168 3366 1249 3425 cerni
1272 3374 1363 3444 queat
1385 3366 1482 3426 instar
1496 3381 1623 3441 magnae
1638 3362 1757 3435 stellae,

399 3465 431 3516 nt
454 3462 633 3515 annotatum
657 3451 756 3512 inveni
775 3451 804 3511 in
829 3451 997 3513 Braheanis
1021 3452 1299 3524 observationibus,
1333 3474 1388 3515 nec
1411 3454 1588 3515 obliteretur
1611 3452 1769 3513 immensar

398 3561 490 3624 prope
527 3542 607 3603 aeris
645 3540 783 3602 claritate
821 3539 1013 3601 circumcirca
1046 3542 1169 3616 diffusa,
1200 3543 1268 3622 ipsa
1295 3562 1384 3604 unum
1414 3550 1556 3622 punctum
1585 3558 1756 3619 occupans:

398 3651 456 3711 qoa
479 3630 643 3692 solitudine
671 3629 767 3689 visum
798 3648 921 3689 movens
951 3637 982 3688 et
1011 3631 1048 3689 ad
1078 3649 1110 3690 se
1139 3639 1333 3706 convertens,
1368 3631 1534 3693 fortissima
1562 3629 1663 3708 utique
1691 3629 1757 3689 luce

397 3722 500 3800 pollet.
549 3719 704 3797 Proprium
729 3717 819 3795 igitur
842 3719 898 3780 hoc
922 3718 1061 3778 eximium
1087 3719 1185 3780 lumen
1209 3721 1322 3782 habeat
1344 3739 1469 3781 necesse
1493 3725 1550 3780 est.
1706 3776 1710 3781 .

483 3810 592 3888 Itaque
617 3807 646 3867 in
670 3806 805 3867 thesibus
830 3808 921 3880 meis,
947 3827 1021 3886 quas
1046 3827 1122 3869 anno
1151 3804 1233 3871 1602
1259 3810 1295 3870 de
1320 3808 1515 3887 Astrologiae
1539 3804 1756 3867 Fundamentis

398 3898 485 3973 edidi,
509 3897 639 3977 primum
659 3894 738 3957 thesi
753 3892 806 3957 25.
832 3903 900 3966 (Vol.
924 3904 943 3953 Ι.
970 3920 994 3967 p.
1015 3900 1079 3965 424)
1105 3905 1233 3976 quatuor
1247 3897 1430 3978 argumentis
1450 3895 1611 3959 verisimile
1627 3893 1754 3967 reddidi,

398 4006 464 4048 csse
487 3985 621 4066 planetis
644 3984 794 4063 proprium
819 3986 925 4046 lumen.
973 3986 1070 4047 Unum
1094 3987 1149 4047 boc
1178 3987 1273 4067 ipsum
1305 3995 1386 4061 erat,
1420 3987 1496 4066 quod
1517 3986 1581 4063 jam
1605 3981 1753 4060 expedivi.

398 4076 478 4137 Vere
502 4094 631 4154 namque
655 4074 759 4133 Venus
784 4073 892 4134 faciem
915 4082 1047 4135 mutaret
1079 4084 1109 4134 et
1133 4077 1271 4155 perderet
1295 4084 1328 4137 nt
1351 4077 1456 4146 launa,
1489 4075 1515 4134 si
1544 4072 1608 4133 luce
1637 4078 1755 4131 tantum

397 4184 433 4226 ex
447 4162 521 4226 Sole
545 4163 765 4224 communicata
787 4163 910 4223 luceret.
943 4162 1081 4224 Secundo
1106 4183 1163 4224 non
1187 4184 1254 4226 esse
1278 4184 1412 4237 necesse,
1439 4171 1473 4224 ut
1487 4160 1583 4223 omnis
1606 4161 1636 4222 in
1652 4158 1754 4221 Solem

396 4253 446 4315 lux
476 4253 519 4315 sit
546 4252 688 4319 collecta,
723 4251 841 4313 ostendi
879 4253 1024 4332 exemplis
1061 4272 1160 4314 rerum
1197 4255 1410 4315 sublunarinm.
1456 4252 1536 4315 Nam
1564 4249 1612 4311 hic
1642 4248 1755 4309 multae

397 4343 582 4413 animantes,
607 4348 639 4401 nt
663 4341 699 4400 de
723 4340 864 4401 inanimis
889 4348 1025 4415 taceam,
1050 4343 1167 4403 luculae
1191 4343 1324 4404 nonnihil
1347 4343 1461 4402 habent
1478 4340 1614 4401 insitum.
1648 4335 1752 4398 Tertio

397 4450 433 4491 ex
456 4431 586 4511 quadarn
609 4429 844 4491 differentiarum
869 4431 1116 4507 geometricarum
1140 4432 1359 4492 combinatione
1375 4439 1407 4491 et
1421 4430 1518 4491 officio
1544 4427 1618 4488 lucis
1634 4426 1753 4488 coeles·

397 4519 435 4579 tis
459 4518 598 4592 ostendi,
625 4517 772 4579 sideribus
797 4538 871 4597 opus
895 4537 963 4580 esse
988 4520 1097 4598 duplici
1124 4522 1207 4593 luce,
1234 4527 1264 4580 et
1287 4521 1406 4598 propria
1430 4527 1461 4579 et
1484 4536 1522 4578 ex
1541 4515 1612 4578 Sole
1637 4515 1754 4575 adven-

398 4608 480 4669 titia:
517 4608 637 4687 quade
662 4607 921 4684 argumentatione
941 4608 1087 4686 judicium
1111 4608 1215 4671 lectori
1239 4609 1395 4689 permitto,
1425 4627 1493 4668 nam
1523 4625 1560 4665 ea
1582 4603 1671 4681 hujus
1696 4600 1753 4663 loci

398 4715 453 4757 non
479 4706 536 4757 est.
584 4695 720 4775 Denique
744 4703 977 4758 consentaneum
1010 4716 1077 4759 esse
1107 4697 1184 4770 dixi,
1212 4705 1245 4759 ut
1269 4698 1367 4775 fulgor
1391 4703 1422 4758 et
1445 4693 1621 4756 scintillatio
1645 4695 1755 4769 arguat

396 4785 491 4846 lucem
514 4782 684 4864 propriam,
717 4785 904 4848 nebulositas
928 4794 959 4847 et
981 4786 1119 4864 pigrities
1144 4786 1282 4849 alienam.
1330 4786 1407 4846 Nam
1441 4801 1559 4845 omnem
1587 4776 1754 4841 communi-

396 4883 493 4935 catam
517 4882 549 4934 et
572 4873 699 4934 tinctam
722 4873 751 4933 in
776 4874 905 4935 materia
928 4875 1024 4936 lucem
1048 4876 1164 4937 retundi
1186 4894 1310 4936 necesse
1333 4882 1401 4936 est:
1427 4873 1503 4953 quod
1528 4877 1560 4931 et
1574 4866 1754 4930 Cleomedes

398 4962 540 5036 inculcat,
565 4962 816 5023 communicatam
841 4964 960 5024 aliunde
989 4963 1086 5025 lucem
1109 4983 1167 5025 non
1192 4964 1279 5043 longe
1304 4962 1414 5024 vibrari
1438 4962 1603 5023 affirmans.
1650 4957 1754 5035 Atque

397 5050 452 5112 hac
475 5051 541 5131 lege
566 5051 672 5112 Lunae
696 5052 911 5127 mutuatitiom,
946 5052 1045 5115 stellis
1074 5052 1225 5135 plerisque
1252 5051 1403 5132 proprium
1432 5051 1529 5112 lumen
1562 5043 1752 5120 adscribitur,
