4584 6192
906 587 1181 640 LXXXVIII-XCIV.

509 817 697 878 Hactenus
721 818 762 877 de
791 817 954 878 lentibus
984 817 1176 879 convexis:
1207 815 1374 896 sequitur
1397 818 1438 878 de
1463 813 1578 876 cavis.

457 956 526 1019 XC.
575 958 795 1036 Propositio.
843 958 933 1020 Radii
957 961 994 1020 ab
1019 979 1075 1020 uno
1101 961 1218 1020 lucente
1247 968 1357 1039 puncto
1385 957 1525 1037 paralleli
1549 955 1597 1015 vel
1621 953 1723 1017 diver-

369 1053 477 1126 gentes
501 1048 527 1106 si
551 1046 661 1107 luerint
685 1047 811 1125 ingressi
836 1046 863 1107 in
889 1068 994 1109 caram
1019 1048 1166 1109 densioris
1191 1048 1379 1128 superficiem
1399 1045 1560 1126 (siquidem
1584 1052 1724 1122 punctum

370 1136 473 1197 lucens
496 1144 584 1196 extra
607 1143 741 1197 centrum
765 1138 930 1214 superficiei
955 1138 1069 1210 l'uerit),
1096 1137 1255 1216 divergeut
1277 1138 1344 1215 plus
1368 1152 1551 1215 percorpus
1576 1132 1670 1196 densi.

458 1224 507 1285 Ex
538 1227 568 1286 A
600 1225 711 1285 lucenti
743 1234 854 1303 puncto
889 1227 1075 1286 descendant
1107 1227 1181 1286 radii
1216 1226 1408 1304 divergeutes
1435 1224 1509 1296 AB,
1531 1219 1588 1282 AC
1619 1222 1648 1282 in
1673 1218 1726 1282 ΒΟ

371 1331 478 1374 cavam
502 1313 650 1373 densioris
674 1313 868 1391 superficiem,
895 1315 979 1392 cujus
994 1325 1128 1375 centrum
1146 1315 1229 1376 sitD
1250 1315 1330 1375 intra
1494 1382 1499 1394 ,

371 1402 558 1481 complexum
590 1402 663 1469 AB,
697 1400 763 1462 AC.
816 1402 891 1463 Dico
923 1404 996 1476 AB,
1028 1400 1084 1463 AC
1118 1404 1331 1464 refractionem
1474 1382 1526 1447 ΡΨ·
1549 1377 1590 1428 ¹⁹·

370 1509 479 1570 passos
494 1489 524 1550 in
537 1490 574 1558 B,
592 1488 626 1563 C,
652 1491 823 1551 diversuros
839 1491 967 1570 amplius
982 1491 1060 1552 iufra
1074 1489 1138 1553 ΒΟ.
1173 1491 1328 1552 Ducentur
1514 1520 1538 1567 A

371 1579 452 1640 enirn
476 1597 514 1639 ex
535 1579 564 1638 D
588 1587 692 1640 centro
715 1581 978 1659 perpendiculares
1003 1581 1030 1640 in
1056 1581 1244 1660 superficiem
1259 1581 1325 1653 DB,

372 1666 428 1728 Dc
452 1675 484 1728 et
507 1668 716 1729 continuentur
740 1669 933 1748 aliquousque
957 1670 986 1729 in
1005 1668 1041 1741 Β,
1058 1670 1092 1744 F,
1117 1670 1326 1730 continuentur

372 1765 405 1817 et
428 1756 494 1830 AB,
510 1753 566 1817 Ac
591 1755 619 1817 iu
645 1755 682 1828 G,
699 1757 739 1816 H.
778 1756 853 1818 Cum
878 1776 949 1836 ergo
973 1758 1029 1817 ΑΒ
1054 1757 1214 1819 inclinetur
1237 1775 1326 1836 super

372 1843 520 1906 densioris
547 1845 746 1924 superficiem,
776 1847 956 1924 refringatur
980 1846 1010 1906 iu
1032 1847 1058 1906 B
1083 1854 1114 1906 et
1137 1848 1286 1909 refractus
1310 1867 1329 1906 a

372 1930 433 1995 BG
456 1931 621 1994 declinabit
644 1953 748 1995 versus
773 1934 826 1993 ΒΕ
850 1935 1126 2014 perpendicularem
1150 1954 1203 2013 per
1222 1936 1262 2003 ΙΙ,
1287 1935 1328 1994 sit

372 2021 439 2083 BL.
486 2020 633 2083 Similiter
656 2031 687 2083 et
717 2021 774 2084 AC
808 2024 986 2103 refringetur
1010 2022 1087 2084 inC
1116 2032 1149 2085 et
1181 2025 1328 2086 ret'ractus

373 2131 393 2170 a
417 2107 473 2171 CII
497 2129 602 2171 versus
627 2109 679 2172 CF
701 2113 977 2190 perpendicularem
1007 2112 1189 2185 declinabit,
1224 2121 1257 2172 ut
1288 2112 1329 2172 sit

374 2197 444 2261 CM.
478 2197 540 2260 Sed
564 2199 657 2272 DBB,
682 2198 765 2260 DCF
788 2201 854 2279 plus
879 2201 1046 2279 diverguut,
1072 2202 1142 2280 quia
1162 2222 1180 2260 a
1199 2201 1328 2281 propiori
1438 2237 1440 2241 -

373 2297 486 2367 puncto
510 2306 599 2366 quarn
623 2285 693 2361 AG,
719 2290 778 2349 ΛΗ
802 2311 821 2350 a
843 2290 994 2350 remotiori
1026 2308 1079 2368 per
1111 2290 1218 2351 eadem
1240 2290 1276 2363 B,
1303 2287 1328 2350 C

374 2387 489 2457 puncta
512 2377 658 2449 traducti,
683 2385 714 2437 et
736 2379 801 2449 BL,
826 2376 885 2438 Olli
909 2379 947 2438 ad
971 2397 1023 2439 eos
1046 2379 1113 2457 plus
1137 2378 1329 2457 divergeutes

375 2465 540 2539 accedunt,
565 2485 584 2525 a
607 2463 675 2540 BG,
701 2463 758 2528 CII
788 2468 885 2528 miuus
917 2466 1141 2545 divergeutibus
1176 2467 1329 2540 recedunt,

375 2556 444 2634 plus
477 2553 568 2633 igitur
600 2554 759 2633 divergunt
791 2576 879 2636 quam
915 2555 988 2629 ΑΒ,
1019 2553 1095 2630 ΑΟ,
1130 2557 1218 2636 idque
1250 2556 1331 2618 iutra

375 2661 485 2722 corpus
510 2643 644 2703 densum.

465 2729 552 2794 XCI.
589 2730 812 2810 Propositio.
859 2730 893 2792 Si
916 2738 1059 2811 punctum
1082 2732 1186 2794 lucens
1208 2733 1331 2812 propius

377 2818 469 2881 fuerit
492 2820 566 2881 lenti
595 2829 698 2881 centro
729 2821 891 2894 caritatis,
926 2821 1117 2898 divergentes
1150 2822 1331 2884 refractione

377 2910 462 2970 facta
485 2909 582 2970 minus
607 2909 765 2987 divergeut
787 2909 867 2971 iutra
890 2929 998 2990 corpus
1022 2909 1157 2972 densum.

466 2996 516 3058 Sit
547 2997 624 3060 enirn
652 2998 715 3077 jam
748 2997 777 3058 A
809 3006 942 3059 centrum
974 2998 1096 3072 circuli,
1129 3000 1159 3059 D
1190 3007 1332 3079 puuctum
1354 3047 1378 3088 Ι

377 3086 511 3148 radians.
558 3085 656 3147 Bruut
686 3088 776 3165 igitur
807 3085 907 3161 ABG,
936 3084 1026 3148 ΛΟΜ
1057 3088 1330 3166 perpendiculares,
1427 3129 1446 3183 ρ
1525 3126 1545 3166 1.
1624 3146 1648 3185 ι
1677 3043 1703 3121 Β

377 3185 411 3235 et
434 3174 498 3248 DB,
514 3173 570 3236 DC
595 3175 680 3248 radii,
706 3175 753 3254 qui
778 3195 845 3235 cum
869 3176 1013 3236 deberent
1035 3194 1160 3254 pergere
1184 3178 1263 3238 viam
1278 3177 1333 3239 ΒΕ
1697 3137 1712 3178 ⁰

378 3274 412 3325 et
436 3261 499 3337 CF,
524 3263 726 3342 refringuutur
756 3264 783 3323 in
808 3265 845 3336 B,
871 3262 895 3324 0
930 3265 1050 3344 punctis
1074 3275 1105 3324 et
1136 3266 1284 3327 accedunt
1311 3269 1350 3329 ad
1382 3260 1642 3347 perpendiculares
1664 3252 1733 3329 BG,

379 3351 446 3426 CII,
471 3354 603 3431 fiuntque
626 3352 691 3421 BL,
717 3350 787 3425 CM,
813 3353 862 3431 qui
887 3354 983 3414 minus
1008 3352 1168 3432 direrguut
1191 3375 1279 3436 quam
1302 3357 1367 3433 ΒΕ,
1393 3354 1454 3417 CF.
1514 3355 1518 3360 ’

356 3502 359 3506 ,
469 3438 572 3504 XCII.
620 3441 844 3519 Propositio.
892 3442 1091 3521 Divergentes
1116 3444 1196 3505 iutra
1218 3465 1326 3525 corpus
1352 3444 1474 3507 densius
1501 3458 1606 3501 versus
1629 3455 1736 3499 cavum

380 3530 448 3608 ejus
473 3530 638 3603 terminum,
665 3550 699 3590 eo
725 3530 854 3591 transito
879 3532 1039 3610 direrguut
1063 3532 1201 3612 amplius.

468 3618 639 3697 Dirergant
661 3619 725 3693 BL,
751 3617 811 3679 CM
835 3638 939 3681 versus
964 3639 1070 3681 cavum
1098 3621 1182 3682 densi
1214 3622 1372 3682 terminum
1396 3619 1466 3694 LM,
1491 3617 1575 3696 cujus
1598 3621 1735 3675 centrum

379 3708 415 3775 P,
441 3726 478 3768 ex
501 3725 558 3786 quo
581 3708 842 3786 perpendiculares
865 3709 894 3769 in
919 3717 1032 3788 puncta
1055 3709 1091 3782 L,
1116 3709 1150 3769 M
1173 3710 1296 3770 ueniant
1318 3708 1381 3781 PL,
1405 3708 1473 3768 PM.
1520 3706 1561 3766 Et
1584 3703 1649 3777 BL,
1674 3698 1734 3764 cM

380 3795 587 3876 producantur
610 3795 638 3855 iu
663 3793 702 3869 Q,
726 3794 765 3871 R,
791 3797 869 3857 ultra
893 3797 1071 3858 incidentiae
1095 3798 1131 3874 L,
1152 3798 1194 3858 Μ.
1233 3795 1313 3866 Quia
1336 3796 1428 3875 igitur
1452 3794 1527 3856 radii
1551 3791 1605 3853 BL
1625 3798 1656 3853 et
1675 3787 1736 3852 ΟΜ

381 3894 541 3946 versantes
566 3885 645 3944 intra
669 3886 793 3946 densum
817 3886 935 3965 oblique
960 3886 1095 3947 incidunt
1114 3887 1142 3946 in
1167 3887 1352 3966 superficiem
1371 3884 1433 3946 LM
1456 3881 1578 3946 rarioris
1602 3877 1735 3959 corporis

380 3973 417 4049 Ρ,
442 3992 495 4034 seu
511 3972 588 4054 quod
607 3973 685 4034 idem
701 3975 792 4034 estin
818 3975 976 4035 terminum
1000 3975 1084 4035 densi
1100 3975 1128 4034 iu
1145 3994 1202 4055 quo
1218 3984 1296 4050 suut,
1322 3973 1522 4054 refringentur
1545 3970 1736 4032 discedentes

382 4084 402 4123 a
424 4061 722 4140 perpendicularibus
744 4062 808 4136 PL,
831 4063 891 4123 ΡΜ
915 4071 947 4123 et
969 4063 1092 4125 refracti
1116 4072 1203 4124 erunt
1227 4084 1283 4125 nou
1308 4061 1375 4138 LQ,
1396 4062 1469 4134 MR,
1493 4060 1548 4121 sed
1572 4057 1737 4121 exteriores

380 4170 437 4232 per
458 4150 500 4212 11.
547 4149 616 4211 Sint
640 4151 706 4227 LN,
730 4150 803 4213 ΜΟ.
850 4152 892 4212 Et
923 4171 989 4215 cum
1020 4149 1116 4227 BLQ,
1142 4150 1233 4214 CMR
1265 4152 1432 4231 divergeut,
1455 4149 1522 4222 LN,
1547 4146 1609 4210 ΜΟ
1633 4147 1735 4210 diver-

381 4249 456 4320 geut
480 4238 616 4316 amplius.

471 4326 589 4390 XCIII.
636 4327 861 4407 Propositio.
917 4327 951 4390 Si
984 4327 1062 4389 radii
1093 4348 1148 4408 per
1178 4347 1285 4408 corpus
1319 4330 1442 4390 densum
1532 4325 1587 4390 1¹¹⁵ss-
1607 4322 1650 4374 ²⁰·

383 4415 566 4479 incesserint
587 4417 735 4495 paralleli,
760 4418 889 4478 transito
913 4435 988 4478 cavo
1011 4417 1074 4497 ejus
1098 4417 1226 4479 termino
1250 4417 1414 4497 divergeut.
1506 4440 1519 4482 a
1665 4443 1683 4491 r

472 4504 542 4568 Sint
565 4504 704 4585 paralleli
726 4507 779 4582 ec,
803 4528 844 4584 ys,
877 4526 979 4567 eornm
1010 4525 1069 4567 non
1101 4506 1202 4583 plures
1227 4523 1285 4566 uno
1318 4510 1445 4585 possunt

381 4613 452 4658 esse
467 4595 498 4656 iu
513 4595 542 4672 β,
555 4616 570 4672 y
581 4594 853 4673 perpendiculares,
871 4594 975 4674 reliqui
994 4594 1112 4674 oblique
1128 4594 1228 4673 illapsi
1243 4593 1444 4673 refringeutur
1493 4445 1721 4790 Η

381 4705 401 4745 a
424 4683 488 4747 suis
515 4683 812 4762 perpendicularibus
836 4702 890 4763 per
913 4684 966 4755 ΙΙ,
991 4701 1062 4762 ergo
1086 4682 1258 4763 divergeut,
1292 4690 1326 4744 ut
1349 4681 1441 4760 prius,
1526 4677 1538 4725 ὅ
1653 4687 1687 4764 ,¹

382 4775 466 4836 foras
490 4772 605 4852 egressi
628 4767 673 4849 βζ,
696 4794 737 4850 γη,
763 4780 795 4832 et
817 4772 861 4832 sic
883 4790 938 4850 per
961 4771 1089 4833 alterurn
1112 4789 1214 4832 earum
1237 4774 1263 4844 d,
1288 4792 1302 4831 a
1326 4769 1442 4848 egressi

383 4861 544 4941 divergeut
566 4859 597 4920 iu
621 4864 672 4935 tc,
697 4882 739 4921 aa.

472 4947 592 5012 XCIV.
630 4947 856 5027 Propositio.
902 4946 993 5008 Radii
1018 4947 1209 5027 divergentes
1231 4964 1338 5008 versus
1363 4945 1474 5007 lentem
1498 4964 1673 5028 quocunque
1697 4946 1737 5008 ad

383 5039 496 5101 lentem
520 5037 580 5098 situ
604 5036 708 5117 puncti
731 5035 886 5109 radiantis,
912 5034 939 5095 si
961 5036 1028 5097 leus
1046 5037 1094 5098 vel
1117 5035 1264 5115 utrimque
1283 5052 1359 5095 cava
1382 5041 1531 5114 utcunque
1555 5036 1604 5097 vel
1627 5035 1738 5098 altiru·

382 5145 473 5189 secus
497 5126 589 5189 etiam
611 5124 704 5207 plana
726 5125 826 5195 fuerit,
850 5123 981 5186 transita
1003 5124 1085 5187 leuto
1108 5141 1226 5204 semper
1248 5122 1409 5203 divergeut
1431 5122 1567 5204 emplius.
