4584 6192
478 626 540 695 146
943 623 1131 691 Paralipomena
1148 630 1174 677 in
1193 627 1358 679 Vitellienem.

371 871 375 877 ,
474 825 540 869 oum
563 811 735 867 removetur
757 821 865 882 corpus
899 801 1027 864 lucidum
1050 823 1070 864 a
1093 823 1151 882 quo
1180 805 1297 883 speeies
1321 806 1350 866 in
1383 806 1501 866 oculum
1534 805 1745 868 descenderat.
1792 806 1828 868 Id

474 897 550 957 adeo
578 901 612 955 ut
641 894 733 954 etiam
765 892 963 952 contundatur
995 902 1150 971 superstes
1182 893 1235 953 illa
1267 894 1384 972 species
1413 914 1480 955 cnm
1513 893 1664 954 coloribus
1700 895 1828 955 aliarum

473 1002 582 1056 rernm,
607 983 646 1042 ad
669 1000 743 1062 quos
773 980 954 1058 spectandos
977 980 1060 1040 visus
1084 982 1179 1042 adhue
1213 982 1341 1042 imbutus
1369 983 1559 1043 transfertur.
1605 982 1640 1042 Id
1664 983 1703 1043 ab
1728 1001 1827 1061 expe-

474 1072 585 1133 rientia
607 1071 776 1131 traductum
801 1067 857 1128 huo
880 1068 1007 1147 probare
1027 1089 1044 1128 a
1065 1070 1163 1147 priore
1186 1089 1244 1130 non
1268 1090 1437 1149 possumus.
1475 1069 1628 1147 Principia
1652 1071 1731 1131 enirn
1755 1080 1829 1132 suut

473 1158 670 1222 adsciscenda
693 1158 759 1237 plus
784 1176 872 1236 quam
896 1157 1006 1236 optica.
1054 1158 1088 1218 ld
1112 1159 1206 1219 solum
1230 1168 1336 1220 contra
1364 1161 1519 1238 vulgatum
1548 1159 1687 1238 loquendi
1712 1178 1827 1221 morem

473 1256 602 1321 notetur,
627 1245 743 1326 species
767 1245 836 1306 illats
859 1264 917 1305 non
942 1247 969 1306 in
1003 1245 1174 1308 humoribus
1197 1248 1273 1307 oculi
1307 1248 1542 1320 adhaerescere,
1576 1266 1632 1307 nee
1656 1267 1724 1308 esse
1750 1248 1827 1309 lucis

472 1338 522 1398 rel
545 1336 676 1397 colorum
700 1334 825 1412 species.
871 1334 948 1394 Nam
971 1333 1028 1394 hoc
1053 1345 1200 1413 repugnat
1224 1345 1350 1397 naturae
1373 1336 1597 1415 perspicnomm
1620 1343 1653 1396 et
1676 1337 1769 1410 lucis,
1796 1345 1827 1397 et

472 1423 626 1505 principiis
649 1422 767 1501 opticis.
815 1420 942 1499 Semper
966 1423 1043 1483 enim
1068 1424 1185 1502 species
1210 1443 1275 1484 eum
1296 1444 1348 1485 suo
1372 1444 1496 1503 corpore
1518 1424 1642 1503 ponitur
1665 1425 1751 1502 cujus
1776 1432 1827 1485 est

472 1514 604 1593 species,
630 1520 662 1572 et
677 1508 850 1588 intersepto
875 1529 997 1588 corpore
1020 1531 1074 1590 per
1097 1530 1221 1590 opacum
1246 1512 1376 1592 aliquid,
1401 1512 1517 1591 species
1541 1512 1646 1572 umbra
1670 1512 1826 1575 contraria

470 1600 634 1680 perimitur.
689 1598 740 1661 Sic
759 1598 911 1659 -humores
944 1619 979 1659 eo
1011 1601 1076 1679 ipso
1109 1602 1187 1680 quod
1224 1602 1372 1679 perspicui
1410 1611 1481 1662 sunt
1518 1602 1636 1680 species
1673 1621 1825 1680 nunquam

471 1689 646 1769 suscipiunt,
671 1689 724 1748 sed
748 1688 968 1749 transmittunt.
1016 1692 1057 1749 At
1081 1708 1135 1749 nec
1160 1690 1188 1749 in
1213 1689 1321 1750 tunicis
1345 1691 1448 1768 opacis
1473 1690 1578 1750 haeret
1601 1690 1656 1750 hoe
1682 1691 1825 1770 quicquid

470 1787 519 1841 est
541 1778 663 1857 speciei.
710 1776 840 1837 Rursum
865 1776 941 1835 enim
965 1777 1047 1837 color
1071 1778 1184 1844 nullus,
1217 1778 1391 1856 superficies
1421 1799 1515 1858 opaca
1538 1778 1620 1838 nulla
1651 1779 1770 1840 excitur
1794 1787 1826 1838 et

470 1866 592 1929 radiosa
614 1863 807 1927 constituitur
830 1864 886 1924 nisi
911 1885 929 1924 a
951 1874 1111 1943 praesente
1131 1875 1163 1925 et
1177 1885 1235 1926 non
1260 1866 1402 1946 impedito
1422 1867 1519 1928 lucido
1543 1884 1677 1944 corpore.
1713 1866 1825 1927 Relin-

470 1956 569 2037 quitur
592 1972 682 2033 ergo,
716 1952 845 2014 utillud
875 1954 953 2032 quod
986 1954 1122 2014 inhaeret
1150 1956 1234 2014 oculo
1259 1956 1380 2015 sitnon
1415 1955 1488 2016 lueis
1512 1956 1565 2016 sed
1599 1954 1823 2028 illustrationis,

470 2043 597 2106 actionis
621 2050 653 2103 et
675 2041 827 2119 passionis
851 2042 987 2120 species:
1019 2043 1265 2121 quemadmodum
1290 2044 1328 2104 ab
1352 2044 1412 2104 ictu
1444 2063 1551 2104 sensns
1575 2042 1688 2104 doloris
1712 2062 1823 2122 super-

469 2140 528 2204 est,
553 2150 627 2211 quae
651 2130 769 2209 species
793 2131 938 2208 quaedam
963 2130 1041 2190 illius
1071 2131 1223 2208 passionis
1246 2151 1315 2191 esse
1339 2132 1536 2210 intelligitur:
1570 2131 1823 2211 quemadmodum

469 2221 553 2281 etin
585 2229 665 2280 motu
697 2218 830 2278 violento
864 2218 981 2300 species
1015 2220 1161 2298 quaedam
1194 2221 1257 2298 ejus
1283 2220 1310 2280 in
1334 2222 1491 2299 projectile
1523 2219 1704 2298 commigrat
1732 2221 1823 2299 idque

469 2309 663 2389 aliquousque
687 2305 836 2386 provehit,
862 2308 952 2367 etiam
975 2314 1133 2387 postquam
1159 2309 1208 2387 qul
1232 2317 1345 2369 motum
1370 2309 1495 2371 dederat
1525 2326 1643 2370 manum
1668 2309 1825 2371 subduxit.

469 2394 604 2477 Cumque
628 2396 724 2456 omnis
758 2415 864 2455 sensus
887 2413 941 2472 per
964 2414 1071 2456 nemos
1096 2406 1127 2457 et-
1152 2397 1270 2475 quibis
1303 2398 1451 2458 vehuntur
1483 2398 1607 2476 spiritus
1640 2398 1823 2475 perficiatur,

467 2505 539 2565 ergo
562 2486 592 2546 iu
616 2483 771 2564 spiritibus
794 2484 938 2545 residebit
961 2483 1035 2544 haec
1059 2484 1184 2545 visionis
1214 2486 1330 2565 species
1354 2505 1410 2546 non
1436 2486 1466 2547 in
1491 2483 1675 2547 humoribus.
1723 2486 1824 2561 Hujus

469 2574 638 2636 affectionis
661 2573 741 2633 intra
763 2573 815 2636 fiet
838 2573 1010 2633 necessaria
1033 2573 1155 2635 mentio.

467 2776 629 2855 appendix
657 2775 698 2837 ad
729 2780 820 2853 caput
856 2776 1003 2852 primum:
1042 2781 1074 2837 et
1105 2776 1270 2837 ventilatio
1299 2780 1548 2852 argumentorum
1577 2776 1754 2839 Aristotelia
1787 2778 1826 2839 de

836 2857 1444 2941 ffimffimmmfflmt

554 3007 596 3060 Eo
617 3006 749 3061 vanitatis
781 3016 968 3074 peruenerunt
995 3008 1091 3076 inepta
1120 3008 1257 3060 hominurn
1284 3005 1388 3068 studia,
1421 3014 1452 3058 ut
1471 3006 1574 3058 nullius
1595 3022 1684 3075 opera
1704 3007 1824 3061 celebris

465 3089 516 3143 liat
536 3087 587 3140 nisi
609 3087 655 3156 qui
677 3094 726 3140 aut
747 3086 875 3139 aedificet
897 3095 947 3140 aut
974 3087 1103 3140 incendat
1123 3088 1232 3139 Dianae
1259 3087 1408 3154 templum:
1438 3085 1482 3155 qui
1508 3086 1620 3154 inquam
1642 3094 1695 3140 aut
1714 3088 1825 3141 muniat

466 3185 497 3221 se
518 3167 687 3222 auctoritate
709 3166 869 3219 Aristotelis
892 3173 940 3219 aut
968 3175 1064 3220 contra
1090 3184 1153 3220 enm
1178 3166 1307 3235 quaesita
1333 3165 1521 3218 ostentatione
1543 3165 1570 3217 in
1592 3166 1651 3218 acie
1674 3168 1822 3221 consistat.

469 3247 546 3310 Quae
568 3248 637 3299 adeo
660 3254 822 3307 causaest,
851 3262 898 3298 eur
926 3248 1078 3315 optinorum
1099 3246 1243 3300 verissima
1273 3246 1415 3298 axiomata
1436 3243 1502 3312 (hoc
1522 3243 1615 3313 capite
1637 3243 1826 3316 amplificata)

466 3328 602 3380 hactenus
624 3326 773 3396 neglectim
789 3325 890 3379 tulerint
904 3328 1003 3381 habita
1017 3335 1046 3380 et
1060 3328 1196 3395 perhanc
1211 3326 1364 3395 opticorum
1379 3325 1548 3393 paucitatem
1567 3333 1682 3393 praeter
1696 3327 1826 3380 meritum

467 3405 644 3459 Aristoteleis
667 3406 788 3458 tenebris
820 3407 994 3474 posthabita,
1026 3409 1088 3459 dum
1113 3407 1214 3475 ubique
1245 3412 1348 3475 regnat
1368 3405 1547 3465 Aristoteles,
1580 3404 1822 3459 dissimulantibus

468 3484 566 3556 opticis
588 3491 618 3536 et
639 3501 689 3536 sua
711 3485 839 3554 privatim
861 3486 992 3539 libertate
1008 3488 1153 3539 contentis.
1184 3487 1221 3539 Ut
1242 3486 1328 3555 igitur
1349 3484 1490 3537 contraria
1510 3484 1655 3537 contrariis
1670 3486 1824 3540 collatione

467 3566 545 3619 facta
574 3565 749 3617 illustrentur
769 3575 799 3617 et
819 3565 990 3618 Aristotelici
1021 3568 1131 3619 tandem
1154 3566 1181 3619 in
1211 3566 1362 3634 opticorum
1393 3565 1515 3617 scholam
1544 3581 1594 3617 seu
1626 3564 1747 3619 discendi
1775 3583 1826 3619 seu

468 3643 670 3698 contradicendi
700 3645 788 3696 studio
821 3647 1031 3713 pertrahantur,
1065 3646 1146 3699 libuit
1168 3646 1211 3698 hic
1231 3646 1390 3697 Aristotelis
1412 3646 1446 3696 de
1474 3644 1578 3696 risione
1610 3652 1768 3698 commenta
1789 3664 1828 3699 ex

467 3726 592 3795 professo
625 3724 770 3777 discutere.
812 3726 930 3794 Propria
961 3727 1068 3795 quidem
1100 3726 1198 3794 capitis
1230 3726 1317 3795 quinti
1348 3725 1483 3786 materia,
1516 3724 1537 3775 si
1566 3741 1647 3777 voces
1670 3733 1700 3778 et
1725 3726 1826 3778 titulos

467 3811 586 3874 spectes,
610 3821 669 3856 cum
691 3804 770 3872 primi
793 3806 893 3874 eapitis
915 3808 1032 3859 materia
1047 3807 1083 3858 sit
1105 3807 1155 3859 lux
1170 3813 1199 3858 et
1220 3807 1335 3867 colores,
1359 3814 1461 3856 natura
1482 3804 1587 3871 priores
1608 3805 1669 3857 risu
1684 3810 1714 3857 et
1736 3806 1828 3869 oculo,

466 3900 537 3955 quae
559 3884 586 3936 in
607 3883 730 3953 quintum
753 3892 838 3953 caput
859 3885 961 3945 retuli;
993 3888 1040 3938 sed
1063 3887 1102 3938 ita
1123 3893 1286 3954 comparata
1306 3891 1371 3937 sunt
1390 3883 1550 3936 Aristotelis
1577 3893 1762 3954 argumenta,
1793 3895 1827 3939 ut

465 3980 564 4034 parum
586 3965 729 4016 admodum
750 3982 786 4018 ex
808 3965 900 4035 capite
922 3965 1016 4034 quinto
1043 3968 1233 4026 mutuandum,
1266 3972 1360 4017 cetera
1389 3963 1539 4017 rectissime
1569 3965 1622 4017 hoc
1648 3963 1707 4016 loeo
1737 3982 1826 4035 expe·

466 4045 565 4098 diendo
586 4044 741 4097 rideantur.

554 4123 672 4177 Primum
695 4124 848 4177 sentent-ias
870 4124 996 4195 singulas
1019 4126 1165 4193 pensitabo
1182 4132 1211 4177 et·
1232 4140 1303 4194 quae
1323 4124 1384 4175 inde
1406 4130 1566 4193 sequantur.
1596 4122 1703 4177 Deinde
1726 4124 1826 4195 seriem

467 4202 606 4272 integram
627 4212 852 4274 argumentorum
875 4211 968 4258 texam
991 4206 1079 4273 adque
1101 4222 1135 4257 ea
1156 4205 1336 4274 respondebo.
1379 4204 1450 4256 Sunt
1471 4203 1556 4272 igitur
1577 4204 1632 4256 hae
1653 4204 1827 4273 praecipuae

466 4282 630 4334 sententiae.

489 4355 519 4428 1)
544 4361 625 4415 Color
645 4362 758 4432 proprie
779 4370 809 4415 et
829 4382 859 4415 se
883 4363 942 4431 ipso
964 4364 996 4416 fit
1015 4362 1089 4414 risus
1111 4362 1266 4429 subjectum
1288 4370 1317 4415 et
1338 4363 1426 4415 habet
1453 4361 1481 4414 in
1502 4379 1532 4414 se
1553 4361 1613 4431 ipso
1643 4378 1757 4418 eausam
1777 4381 1828 4419 cur

545 4440 661 4494 risibilis
683 4444 798 4495 existat.

486 4518 517 4585 2)
545 4522 609 4575 Lux
629 4528 674 4574 est
695 4530 773 4576 actus
795 4521 934 4591 perspicui
955 4530 1091 4591 quatenus
1114 4522 1295 4590 perspicuum.

486 4598 516 4666 3)
544 4603 597 4655 Est
617 4601 696 4673 quasi
718 4602 845 4671 proprius
867 4602 975 4671 quidam
998 4602 1083 4670 ipsius
1106 4601 1243 4670 perspicui
1265 4603 1348 4664 color,
1372 4618 1431 4653 cum
1447 4601 1472 4653 id
1492 4618 1557 4653 rere
1577 4601 1756 4670 perspicuum
1771 4613 1824 4658 est

486 4679 516 4746 4)
544 4682 606 4737 Non
627 4690 671 4734 est
691 4682 779 4752 ignis,
812 4699 900 4752 neque
928 4699 1027 4751 corpus
1056 4700 1144 4752 neque
1175 4684 1300 4735 defluxus
1323 4699 1340 4733 a
1361 4698 1488 4750 corpore,
1520 4683 1568 4734 sed
1589 4687 1633 4734 est
1659 4684 1826 4752 praesentia

545 4762 618 4832 ignis
640 4768 689 4814 aut
710 4763 827 4816 lucentis
849 4762 896 4817 duc.
920 4763 946 4815 in
968 4763 1121 4831 perspicuo.
1673 4830 1675 4834 v

382 4903 385 4908 ¹
487 4839 516 4904 5)
544 4842 598 4895 Est
616 4842 779 4911 praesentia
800 4844 826 4895 in
848 4859 962 4911 corpore
984 4842 1096 4895 habitus
1118 4842 1188 4909 ejus,
1211 4842 1245 4893 ob
1268 4856 1346 4909 quem
1369 4840 1394 4892 id
1416 4841 1590 4910 perspicuum
1612 4840 1722 4896 dicitur.

488 4918 518 4986 6)
547 4926 639 4992 Atque
661 4922 731 4974 haec
746 4922 786 4975 ita
808 4923 942 4991 capienda
961 4930 1033 4984 sunt,
1056 4928 1089 4974 ut
1109 4921 1308 4991 intelligamus,
1332 4920 1441 4990 obloqui
1456 4921 1637 4979 Aristotelem
1649 4922 1823 4992 Empedocli,

545 5002 591 5071 qui
612 5001 731 5065 dixerat,
754 5002 819 5054 ferri
841 5004 929 5055 lucem
950 5003 1081 5070 tendique
1102 5002 1185 5053 rectis
1207 5001 1286 5053 lineis
1308 5000 1380 5053 inter
1395 5003 1507 5054 Terram
1526 5008 1556 5054 et
1570 5004 1641 5071 quud
1662 5020 1713 5056 nos
1737 5003 1827 5058 ambit

545 5088 628 5150 atque
649 5081 841 5150 complectitur
862 5077 1002 5149 (eoelum),
1026 5081 1078 5134 etsi
1101 5097 1119 5133 a
1140 5081 1218 5133 nobis
1240 5099 1293 5134 non
1316 5080 1552 5135 animadvertatur
1572 5082 1599 5135 id
1619 5083 1688 5138 lieri.

487 5157 519 5232 t)
547 5160 653 5215 Eadem
673 5169 776 5217 natura
796 5161 917 5232 corporis
939 5167 991 5226 est,
1013 5160 1162 5230 quaejam
1183 5161 1233 5215 lux
1253 5160 1375 5230 estjam
1396 5163 1538 5217 tenebrae.
