4584 6192
991 592 1073 661 capus
1091 594 1111 646 1·
1365 668 1396 722 ο
1663 593 1725 662 621

374 770 484 854 qmbus
507 790 526 831 a
548 771 616 833 fixis
641 771 740 833 stellis
771 772 934 834 distantias
964 773 1091 835 retinuit
1120 776 1159 835 ad
1181 791 1311 852 unguem
1342 774 1482 851 easdem3
1512 779 1631 839 aJove
1658 795 1731 839 vero

376 868 408 922 et
430 862 532 921 Marte
562 868 649 921 tanto
680 861 751 922 illas
782 861 907 948 adauxit
930 862 960 923 in
984 864 1065 937 dies,
1097 864 1200 943 quanti
1232 864 1293 923 iere
1326 864 1445 926 luerunt
1475 865 1607 945 ipsorum
1630 873 1730 926 motus

376 949 475 1011 diurni
500 950 555 1011 sub
578 950 661 1011 fixis:
688 950 731 1010 sic
756 960 870 1011 utnon
893 951 968 1011 haec
992 952 1129 1025 abillis,
1160 951 1213 1013 sed
1237 951 1281 1011 illi
1306 953 1343 1012 ab
1367 954 1424 1013 hac
1448 954 1560 1014 fuerint
1582 954 1729 1033 digressi:

375 1047 407 1100 et
437 1038 517 1119 qnod
546 1041 781 1116 Brenggerus
815 1040 945 1100 notavit:
981 1040 1058 1100 idem
1093 1060 1211 1120 semper
1242 1040 1407 1101 horizontis
1436 1052 1578 1121 punctum
1609 1042 1732 1105 oriendo

374 1128 564 1207 perstrinxit,
589 1127 620 1187 in
644 1128 749 1187 eodem
773 1128 889 1187 scilicet
911 1129 1058 1207 parallelo
1082 1138 1226 1209 perpetuo
1250 1129 1369 1190 mansit.

462 1217 620 1294 Ingentem
644 1217 744 1295 itaque
769 1216 902 1279 Crabbi
926 1218 1091 1279 vanitatem
1122 1226 1241 1296 oportet
1271 1236 1355 1290 esse,
1386 1218 1435 1297 qui
1460 1236 1497 1278 ex
1520 1219 1728 1281 vitiosissimis

374 1304 637 1383 observationibus
660 1306 764 1366 fraude
788 1305 818 1365 i'n
836 1305 968 1367 ordinem
985 1307 1143 1386 dispositis
1159 1327 1250 1367 ausus
1268 1315 1316 1367 est
1331 1307 1439 1367 stellae
1456 1316 1579 1368 nostrae
1595 1308 1728 1369 tribuere

373 1401 488 1456 motum
503 1392 719 1467 tardissimum,
744 1394 793 1473 qui
809 1401 873 1455 toto
892 1395 1059 1455 durationis
1080 1405 1215 1475 tempore
1231 1415 1289 1455 non
1305 1403 1422 1456 tantum
1439 1396 1603 1457 confecerit
1617 1415 1731 1470 areum,

379 1491 523 1563 quantum
548 1481 686 1544 Crabbus
716 1483 813 1561 primo
838 1484 942 1544 statim
966 1484 1014 1544 die
1038 1478 1123 1565 4114.
1150 1485 1218 1546 Oct.
1249 1485 1402 1544 aberravit
1425 1484 1624 1558 observando,
1647 1486 1727 1546 dnm

375 1591 443 1632 eam
466 1573 497 1633 in
523 1565 587 1633 170
608 1568 640 1631 θ’
665 1577 695 1641 ,2¹
719 1573 827 1643 refert,
859 1592 946 1651 quam
970 1572 1127 1633 Fabricius
1159 1573 1188 1632 in
1213 1572 1359 1634 Ostfrisia
1387 1572 1436 1632 die
1461 1573 1658 1634 antecedente
1682 1573 1730 1634 in-

375 1660 515 1721 venitin
542 1653 606 1720 170
629 1655 683 1721 37‘
706 1660 754 1720 vel
781 1655 844 1721 17⁰
866 1657 921 1722 40¹
945 1667 984 1731 ,7.
1032 1660 1065 1720 Si
1092 1663 1321 1723 observationes
1348 1661 1430 1722 solas
1459 1662 1650 1741 quantumvis
1673 1662 1732 1722 irn-

374 1750 529 1829 perfectas
552 1747 639 1808 nobis
656 1748 915 1822 communicasset,
939 1750 1068 1828 gratiam
1093 1759 1159 1811 erat
1181 1749 1347 1811 habiturus.
1386 1751 1431 1811 At
1446 1750 1515 1830 quia
1530 1758 1647 1811 tantum
1662 1750 1733 1810 illas

378 1839 415 1899 de
440 1836 620 1899 certitudine
645 1838 843 1910 commendat,
867 1846 1024 1898 uteorum
1049 1840 1157 1900 fiducia
1181 1839 1289 1899 stellae
1304 1847 1416 1899 motum
1440 1839 1554 1899 tribuat
1568 1838 1732 1913 minimum,

370 1927 440 2006 jure
473 1934 507 1987 nt
537 1928 680 2003 deceptor
710 1927 889 2004 vituperium
921 1927 1052 1988 habebit.
1101 1927 1181 1998 Quid
1213 1927 1291 1988 euim
1324 1927 1361 1987 de
1393 1928 1580 1988 astronomia
1602 1927 1733 1988 futurum

377 2023 484 2096 putas,
510 2015 551 2089 si,
576 2015 655 2093 quod
678 2016 762 2075 Deus
786 2024 920 2089 avertat,
949 2016 1061 2076 misera
1083 2017 1249 2095 posteritas
1274 2035 1339 2076 eam
1362 2018 1450 2078 fidem
1475 2015 1539 2094 ejus
1564 2016 1733 2077 observatis

377 2104 459 2165 circa
483 2103 624 2184 planetas
648 2103 821 2174 adhiberet,
854 2124 941 2183 quam
966 2104 1016 2163 ille
1045 2105 1188 2165 affectat?
1233 2106 1338 2183 Itaque
1367 2108 1493 2165 miseret
1518 2123 1566 2164 me
1594 2103 1730 2177 Herlicii‚

376 2193 427 2273 qui
448 2191 512 2270 jam
536 2210 624 2263 nunc,
648 2192 716 2251 vivo
741 2192 837 2252 adhuc
862 2202 994 2265 auctore,
1018 2212 1128 2271 passus
1145 2201 1194 2254 est
1216 2193 1274 2253 sibi
1298 2193 1420 2272 imponi,
1443 2202 1477 2254 ut
1495 2194 1642 2266 crederet,
1666 2210 1733 2252 mo-

374 2280 470 2343 bilem
494 2280 588 2341 luisse
613 2289 775 2340 cometam:
801 2281 850 2360 qui
875 2282 900 2341 si
926 2300 1014 2359 super
1036 2282 1114 2342 hunc
1130 2291 1242 2343 motum
1260 2281 1432 2343 aedificavit
1455 2302 1539 2343 suum
1554 2280 1731 2362 prognosti-

375 2387 453 2443 cum,
479 2370 577 2430 oleum
602 2378 633 2432 et
656 2388 777 2448 operam
800 2370 932 2448 perdidit
955 2377 987 2429 et
1008 2370 1137 2449 gratiam
1162 2371 1301 2449 exiguam
1326 2370 1445 2433 crabbo
1469 2365 1609 2442 debet')

465 2459 551 2519 Motu
575 2460 694 2521 sublato
718 2465 749 2517 et
771 2459 938 2537 parallaxis
963 2460 1106 2531 auriertur,
1131 2479 1207 2539 quae
1224 2459 1352 2520 nominis
1368 2459 1479 2521 indicio
1496 2467 1595 2520 motus
1610 2457 1731 2539 quidam

375 2566 544 2628 apparens,
574 2547 735 2609 translatio
768 2567 918 2627 apparens
949 2556 997 2607 est
1027 2547 1133 2608 sideris
1157 2568 1211 2628 per
1242 2567 1275 2609 se
1299 2548 1469 2610 immobilis.
1516 2549 1558 2609 Et
1580 2546 1731 2627 parallaxi

376 2636 497 2698 sublata
512 2635 612 2698 nullus
629 2635 719 2696 sideri
744 2636 827 2697 locus
851 2636 929 2708 inter
944 2636 1093 2715 planetas,
1110 2647 1192 2697 certe
1207 2637 1307 2697 nullus
1325 2637 1403 2697 infra
1417 2637 1544 2710 Lunam,
1567 2638 1729 2709 Venerem,

371 2725 570 2799 Mercurium,
604 2723 723 2796 Solem,
754 2726 884 2785 Martem
909 2725 1095 2804 relinquitur.
1142 2727 1321 2786 Parallaxes
1344 2745 1416 2786 vero
1440 2725 1527 2787 Jovis
1552 2732 1584 2785 et
1605 2722 1730 2787 Saturni

373 2814 432 2874 etsi
458 2822 527 2874 sunt
549 2812 757 2886 insensibiles,
783 2814 866 2874 sidus
889 2823 989 2875 tamen
1014 2832 1050 2873 ne
1073 2832 1167 2893 prope
1191 2816 1247 2876 hos
1271 2814 1390 2895 quidem
1414 2815 1538 2876 stetisse
1562 2813 1631 2876 aliis
1654 2831 1727 2893 per-

373 2903 518 2965 suadetur
540 2902 733 2981 argumentis.
1645 2926 1662 2933 ¹·

438 3053 440 3056 ,
463 2991 542 3052 Visa
566 2998 613 3051 est
635 2997 701 3051 toto
721 2990 845 3051 Octobri
870 3010 972 3051 mense
988 3009 1064 3069 pene
1081 2990 1200 3069 aequali
1217 2990 1432 3069 magnitudine,
1457 2990 1515 3051 nisi
1533 2990 1610 3070 quod
1625 2988 1730 3050 radios

373 3080 459 3143 Solis
475 3079 606 3152 subiens,
631 3081 709 3140 Jove
733 3098 801 3139 sese
825 3079 959 3139 nonnihil
985 3077 1130 3157 eripiente
1145 3079 1306 3159 Solemque
1327 3078 1470 3157 fugiente,
1495 3078 1641 3139 deminuit
1663 3077 1730 3138 exi-

373 3168 581 3231 stimationem
615 3167 794 3247 quantitatis
828 3169 865 3226 ad
896 3170 1004 3228 lovem
1034 3177 1217 3245 comparata.
1272 3171 1378 3228 Mense
1407 3167 1571 3229 Novembri
1594 3166 1731 3247 pluribus

371 3257 512 3319 innotuit.
559 3257 617 3319 Die
642 3255 760 3335 quidem
785 3252 836 3318 30.
863 3255 931 3316 Oct.
957 3255 1005 3314 vel
1030 3251 1059 3316 9.
1084 3256 1162 3315 Nov.
1188 3257 1354 3337 quadrante
1379 3264 1448 3317 ante
1472 3258 1577 3317 horam
1601 3254 1735 3335 quintam

370 3346 435 3407 vidi
459 3346 578 3407 Novam
600 3354 672 3424 post
694 3365 833 3406 occasum
851 3345 943 3418 Solle,
968 3363 1034 3404 cum
1058 3346 1189 3405 noudum
1212 3346 1346 3407 invenire
1369 3365 1491 3425 possem
1515 3347 1632 3417 Jovem,
1658 3344 1734 3403 adeo

372 3441 441 3495 erat
471 3435 633 3495 etiamnum
666 3434 765 3506 clara,
799 3434 935 3513 quamvis
965 3433 1059 3493 radiis
1090 3432 1174 3493 Solis
1203 3435 1298 3495 multo
1329 3454 1417 3514 quam
1447 3434 1568 3514 Jupiter
1597 3432 1732 3493 vicinior.

351 3521 433 3594 ¹Die
458 3515 541 3603 6116.
566 3523 644 3584 Nov.
669 3522 732 3582 vidi
757 3523 840 3582 illam
863 3529 1047 3601 postremum
1070 3523 1283 3600 vespertinam.
1326 3523 1428 3584 Secuti
1446 3523 1524 3582 enim
1542 3523 1606 3583 dies
1623 3518 1732 3581 nubili:

370 3613 568 3688 Brenggerus
601 3618 701 3671 tamen
735 3610 819 3671 illam
850 3610 946 3670 adhuc
980 3609 1028 3669 die
1061 3603 1146 3690 8118.
1176 3612 1254 3671 Nov.
1289 3632 1307 3670 a
1337 3613 1416 3672 Jove
1447 3609 1629 3672 observavit.
1675 3606 1734 3667 Die

378 3692 483 3775 12122.
504 3699 582 3760 Nov.
608 3719 673 3759 cum
699 3699 806 3760 stellae
830 3699 914 3760 locus
938 3720 956 3757 a
979 3699 1083 3758 Lunae
1105 3699 1280 3776 praesentia
1303 3706 1469 3771 notaretur,
1494 3698 1615 3758 stellam
1637 3696 1735 3773 ipsam

343 3795 477 3848 --tamen
506 3787 556 3848 hic
584 3807 770 3868 nequaquam
794 3787 897 3847 videre
921 3787 1081 3866 potuimus.
1126 3787 1231 3865 Neque
1256 3796 1356 3847 tamen
1379 3788 1466 3847 Luna
1497 3786 1580 3846 illam
1603 3789 1733 3856 texerat,

372 3883 408 3937 ut
439 3876 523 3954 cujus
553 3876 683 3937 latitudo
714 3876 843 3936 visibilis
871 3884 937 3937 erat
960 3870 1004 3937 3⁰
1026 3882 1057 3934 et
1080 3874 1225 3953 amplius,
1257 3894 1322 3935 cum
1353 3876 1436 3936 sidus
1460 3894 1517 3935 uon
1542 3868 1586 3933 20
1607 3872 1735 3933 haberet

373 3964 576 4025 latitudinem.
633 3965 752 4043 Pragae
794 3964 886 4043 igitur
918 3964 996 4025 inter
1027 3956 1112 4043 6116.
1146 3971 1179 4023 et
1213 3958 1317 4045 12122.
1350 3965 1428 4025 Nor.
1464 3962 1575 4024 occidit
1606 3960 1732 4021 heliace.

373 4052 536 4115 Crestiuus
560 4072 631 4113 vero
656 4055 792 4126 affirmat,
817 4053 919 4113 Turini
944 4052 973 4112 in
990 4051 1155 4125 Sabaudia,
1179 4052 1229 4112 ubi
1252 4053 1348 4113 minor
1370 4047 1433 4132 poli
1458 4052 1599 4123 elevatio,
1623 4049 1734 4109 etiam-

373 4161 446 4202 num
473 4135 577 4223 13123.
603 4142 681 4202 Nov.
707 4142 745 4202 ab
770 4141 807 4201 iis
824 4140 956 4219 conspici
980 4140 1126 4219 potuisse,
1152 4141 1200 4219 qui
1216 4141 1378 4221 praecipua
1394 4142 1479 4201 risus
1495 4138 1733 4218 aciepollerent.

371 4229 404 4292 A
429 4223 482 4290 26.
506 4229 664 4290 Noa-vel
690 4226 719 4292 6.
744 4231 817 4290 Dec.
842 4228 999 4308 principio,
1033 4248 1127 4308 usque
1158 4230 1306 4290 addiem
1337 4223 1420 4310 9119.
1452 4230 1526 4291 Dec.
1551 4226 1734 4288 Mercurium
1773 4305 1779 4314 Ι

371 4318 602 4398 conspeximus:
642 4327 724 4379 certe
748 4318 796 4378 die
826 4314 909 4397 7117.
935 4317 1099 4379 evidenter.
1149 4317 1243 4379 Ortus
1268 4318 1347 4379 enim
1375 4326 1423 4378 est
1447 4316 1617 4379 sinisterior
1645 4332 1734 4397 quam

369 4408 425 4471 Sol
433 4427 442 4482 ;
468 4407 521 4467 sed
545 4408 626 4467 intra
649 4407 803 4468 dimidiam
828 4407 933 4467 horam
950 4406 986 4466 ab
1011 4413 1078 4466 ortu
1102 4425 1156 4466 suo
1181 4406 1236 4467 snb
1253 4406 1421 4486 crepusculi
1445 4406 1542 4468 lucem
1566 4424 1635 4466 sese
1659 4422 1733 4464 con-

369 4494 458 4557 didit.
506 4495 564 4557 Die
589 4515 661 4557 vero
686 4490 773 4577 9119.
798 4498 872 4557 Dec.
897 4494 1080 4556 Mercurium
1112 4515 1150 4555 an
1173 4496 1292 4557 Novam
1321 4495 1447 4556 viderim
1478 4495 1639 4566 incertum;
1674 4488 1733 4551 nisi

368 4584 460 4665 quod,
485 4582 511 4643 si
534 4584 623 4645 Nova
656 4583 709 4644 illa
745 4585 870 4656 fuisset,
903 4582 1086 4645 Mercurium
1118 4583 1221 4663 utique
1246 4591 1278 4643 et
1307 4584 1525 4645 evidentiorem
1556 4600 1612 4642 nec
1641 4580 1733 4657 >longe

367 4673 535 4734 distantem
572 4692 631 4733 una
661 4674 765 4733 oculos
795 4673 946 4733 incurrere
980 4692 1036 4751 par
1066 4678 1146 4746 erat3
1180 4679 1211 4732 et
1240 4673 1319 4752 quod
1347 4673 1398 4733 vix
1426 4671 1526 4752 potuit
1548 4670 1637 4733 Nova
1661 4665 1734 4727 oriri

368 4761 448 4821 adeo
479 4760 647 4841 propinqua
677 4761 742 4823 Soli
775 4761 912 4840 quodque
940 4761 1047 4823 Novae
1078 4760 1194 4820 usitata
1224 4760 1402 4821 scintillatio
1430 4759 1505 4821 nihil
1536 4777 1583 4819 me
1605 4754 1731 4818 monuit.

369 4848 575 4929 Quaecunque
601 4849 666 4923 fnit,
691 4849 846 4910 dexterius
863 4848 987 4909 orientis
1003 4856 1146 4928 punctum
1170 4848 1263 4927 elegit
1286 4868 1375 4928 qnam
1391 4847 1560 4910 Mercurius
1583 4846 1632 4907 die
1648 4837 1731 4927 7117.

365 4938 417 5001 Ex
442 4955 478 4998 eo
508 4938 602 4999 nubili
627 4938 692 4999 dies
716 4939 799 4999 inere
831 4956 924 5017 usque
948 4936 978 4998 in
1001 4936 1137 5016 vigiliam
1160 4936 1341 4999 Natiuitatis
1365 4936 1481 4999 Christi
1508 4927 1613 5017 14124.
1637 4934 1730 4996 Dec:

367 5044 437 5090 cum
462 5025 559 5087 adhuc
583 5033 748 5106 apparente
771 5027 919 5098 Arcturo,
944 5025 1119 5104 crepusculo
1142 5034 1244 5085 tamen
1267 5025 1426 5087 admodum
1450 5024 1569 5097 adulto,
1593 5020 1732 5083 animad-

367 5113 451 5176 verti
476 5115 598 5176 stellam
615 5114 831 5176 scintillantem
854 5115 885 5175 in
909 5133 945 5174 eo
959 5113 1108 5186 verticali,
1132 5112 1183 5193 qui
1205 5121 1347 5193 punctum
1371 5121 1455 5175 ortus
1472 5112 1555 5176 Solis
1571 5110 1630 5173 diei
1648 5102 1730 5194 7117.
