4584 6192
517 628 582 697 302
1008 630 1182 681 nannents·
1198 629 1262 680 Pers
1279 626 1378 693 opust.

516 806 671 867 existeret.
719 801 808 873 Quod
832 822 902 864 vero
928 802 1056 864 Gemma
1080 804 1166 864 addit
1196 804 1300 863 horam
1331 804 1427 864 noctis
1456 804 1592 878 tertiam,
1623 802 1744 865 videtur
1773 804 1879 881 potius

516 911 555 955 ex
583 892 834 972 Ephemeridibus
867 890 967 952 Stadii
999 893 1130 952 scribere
1164 911 1251 971 quam
1284 911 1321 952 ex
1353 892 1566 954 observatione
1602 901 1706 953 certa:
1745 891 1880 953 medium

516 975 595 1043 enim
620 981 707 1058 hujus
731 980 878 1058 eclipseos
902 998 958 1039 non
984 980 1072 1058 longe
1096 981 1134 1041 ab
1155 980 1230 1040 hora
1251 988 1323 1059 post
1341 981 1469 1041 mediam
1494 989 1613 1042 noctem
1636 980 1880 1058 primaLovanii

516 1086 663 1150 apparere
686 1068 793 1146 potuit,
818 1068 933 1129 calculo
958 1068 1108 1147 Tychonis
1131 1086 1170 1129 cx
1193 1069 1365 1130 certissima
1387 1069 1575 1148 experientia
1598 1077 1780 1130 attestante.

606 1157 730 1218 Memini
762 1176 829 1217 eum
862 1157 890 1216 iu
921 1157 1167 1236 Wlirtembergia
1199 1176 1273 1235 puer
1306 1159 1466 1218 admodum
1498 1178 1517 1218 a
1549 1167 1674 1237 parente
1708 1158 1764 1218 sub
1796 1158 1881 1218 dium

516 1264 643 1309 vocarer
666 1246 705 1306 ad
730 1245 1014 1325 contemplationem
1039 1246 1198 1324 eclipseos,
1223 1246 1320 1317 noctis
1344 1246 1419 1306 hora
1442 1247 1559 1307 decima
1577 1265 1608 1326 p.
1624 1264 1661 1305 m.
1676 1246 1764 1306 Luna
1786 1247 1881 1326 plane

517 1334 682 1399 rubicunda
715 1332 900 1413 undiquaque
934 1333 1084 1413 apparuit.
1133 1333 1388 1396 Circumstautiae
1422 1343 1566 1414 arguunt,
1599 1333 1690 1396 aliam
1719 1352 1788 1395 esse
1818 1353 1880 1395 non

517 1423 653 1505 potuisse
687 1440 774 1501 quam
808 1440 883 1501 quae
917 1419 969 1485 31.
993 1422 1130 1483 Januarii
1164 1422 1234 1482 anui
1262 1420 1345 1486 1580
1373 1424 1440 1484 risa
1468 1433 1532 1497 est,
1566 1424 1651 1502 quus
1684 1422 1881 1484 latitudinem

518 1511 669 1575 borealem
693 1509 874 1571 Maestlinus
898 1509 926 1571 in
942 1511 1071 1590 isagoge
1095 1513 1184 1590 paulo
1209 1510 1352 1571 minorem
1378 1513 1468 1573 luisse
1489 1512 1533 1573 ait
1557 1531 1647 1593 quam
1671 1520 1738 1573 erat
1761 1530 1882 1572 summa

518 1600 826 1664 semidiametrorum:
859 1608 1021 1679 propterea
1049 1599 1225 1661 brevissime
1255 1607 1352 1661 totam
1382 1600 1410 1660 in
1441 1600 1546 1662 umbra
1579 1601 1716 1662 latuisse.
1765 1597 1882 1663 Confer

519 1709 585 1753 cum
609 1689 661 1749 illa
685 1687 859 1748 Frodoardi.

607 1778 696 1837 Anno
724 1773 817 1838 1588.
848 1775 906 1835 diei
932 1771 962 1837 3.
987 1775 1091 1836 Martii
1121 1795 1207 1836 mane
1236 1776 1263 1837 in
1294 1775 1504 1838 observatione
1529 1776 1723 1857 Tychoniaua
1754 1777 1881 1858 eclipsis

521 1869 549 1941 K
571 1865 719 1927 maximae
744 1866 782 1925 ad
807 1866 909 1925 boram
934 1861 964 1925 2.
996 1862 1049 1926 58⁴
1073 1866 1192 1926 invenio
1218 1873 1405 1941 annotatum,
1432 1877 1540 1929 Lunam
1557 1876 1617 1945 jam
1633 1880 1778 1930 adortum
1792 1876 1883 1933 visam

518 1982 580 2021 esse
600 1965 767 2027 lucidiorem,
792 1963 952 2035 propterea
976 1953 1117 2032 apposita
1140 1962 1210 2014 sunt
1232 1956 1293 2016 ista
1316 1956 1425 2015 verba:
1451 1984 1518 2038 ergo
1540 1966 1687 2035 praeteriit
1699 1965 1827 2039 medium.
1841 1964 1879 2031 ⁸⁷)

518 2046 565 2106 At
595 2043 626 2104 id
659 2045 774 2123 aliquot
805 2040 925 2102 minutis
958 2042 1156 2121 sequebatur,
1190 2051 1223 2103 ut
1251 2062 1288 2103 ex
1316 2042 1415 2117 initio,
1449 2044 1506 2105 fine
1530 2046 1697 2125 ceterisque
1730 2044 1880 2123 phasibus

517 2140 616 2213 patet.
661 2132 718 2193 Hic
743 2132 771 2191 iu
796 2151 856 2191 una
888 2131 1052 2210 eademque
1086 2130 1190 2211 eclipsi
1218 2133 1306 2193 Luna
1335 2133 1472 2194 ruborem
1502 2133 1602 2206 illum,
1636 2152 1721 2213 quem
1753 2142 1878 2194 veteres

518 2219 622 2285 Lunae
645 2220 796 2300 proprium
822 2221 918 2280 lumen
943 2240 1011 2281 esse
1035 2228 1229 2296 censuerunt,
1255 2222 1352 2282 altera
1374 2230 1460 2300 parte
1485 2222 1629 2301 paulatim
1654 2222 1753 2293 exuit,
1777 2222 1880 2283 altera

519 2309 626 2373 induit.
679 2307 812 2388 Cumque
843 2308 973 2369 nondum
1006 2309 1044 2370 ad
1076 2308 1206 2370 medium
1237 2310 1359 2371 umbrae
1392 2310 1543 2386 venisset,
1577 2311 1684 2373 rubore
1718 2311 1880 2373 orientalis

518 2398 600 2480 gibbi
629 2398 778 2469 ostendit,
810 2397 934 2458 latiores
959 2417 1026 2459 esse
1060 2398 1162 2459 radios
1186 2397 1269 2461 Solis
1292 2400 1321 2460 in
1346 2404 1415 2460 atre
1441 2399 1590 2462 Terrestri
1620 2402 1771 2462 retractos
1796 2401 1881 2461 eirca

518 2485 737 2550 occidentalem
762 2504 851 2564 quam
874 2486 955 2547 circa
978 2486 1156 2547 orientalem
1179 2488 1301 2548 umbrae
1324 2496 1451 2567 partem.

609 2575 745 2637 Similem
769 2574 893 2652 eclipsin
909 2574 1013 2636 Lunae
1037 2574 1099 2635 vidi
1116 2572 1216 2637 Gratii
1241 2596 1318 2637 anno
1341 2572 1433 2639 1599.
1458 2576 1536 2637 inter
1555 2574 1607 2640 30.
1625 2585 1655 2637 et
1670 2573 1723 2639 31.
1738 2574 1883 2639 Januarii

519 2664 568 2728 vel
592 2662 621 2729 9.
645 2672 677 2724 et
703 2659 751 2726 10.
776 2662 945 2739 Februarii,
971 2664 1089 2743 quade
1114 2684 1205 2743 supra
1229 2684 1343 2745 quoque
1368 2684 1433 2744 cap.
1459 2665 1514 2727 VI.
1539 2666 1612 2728 Nro.
1630 2662 1660 2727 9.
1698 2663 1775 2727 Cum
1799 2665 1880 2727 enim

521 2753 607 2818 Luna
634 2752 699 2831 jam
732 2752 957 2831 immergeretur
990 2754 1124 2825 umbrae,
1159 2762 1292 2814 restante
1326 2756 1435 2834 exigua
1464 2754 1539 2817 lucis
1568 2776 1586 2815 a
1614 2752 1685 2815 Sole
1716 2753 1884 2834 particula,

519 2842 626 2907 rubore
649 2851 752 2903 tamen
777 2859 830 2901 suo
859 2842 950 2919 juxta
973 2850 1040 2904 tota
1070 2842 1267 2915 cernebatur;
1301 2844 1377 2904 adeo
1411 2842 1535 2903 evidens
1564 2844 1653 2905 rubor
1682 2844 1747 2905 tuit.
1796 2843 1883 2905 Tunc

520 2930 612 3014 igitur
636 2950 651 2991 e
675 2930 796 3009 regione
830 2930 905 2991 lucis
933 2950 971 2991 ex
994 2929 1066 2992 Sole
1096 2932 1200 3008 (paulo
1233 2932 1386 3011 superius)
1419 2933 1580 2994 videbatur
1610 2934 1705 2993 denuo
1740 2932 1881 3007 delicere,

520 3021 626 3083 rubore
651 3019 767 3081 scilicet
790 3018 856 3098 ipso
880 3019 971 3081 etiam
995 3020 1141 3098 paulatim
1166 3020 1300 3092 cedente,
1326 3040 1378 3082 seu
1402 3020 1500 3099 magis
1522 3021 1609 3082 Luna
1632 3021 1773 3082 orientali
1797 3040 1882 3083 mar-

519 3110 588 3191 gine
606 3110 671 3190 jam
695 3108 723 3169 in
748 3108 870 3170 umbrae
895 3108 1135 3187 caliginosioreru
1159 3118 1276 3188 partem
1300 3109 1497 3188 ingrediente.
1536 3110 1651 3171 Ultima
1675 3129 1712 3170 ex
1731 3107 1805 3170 Sole
1830 3110 1885 3171 lux

520 3198 679 3262 desinebat
702 3198 730 3259 iu
755 3194 849 3274 ἀκμην
877 3197 1006 3267 ruboris,
1030 3207 1063 3259 ut
1086 3198 1219 3259 nescires
1250 3199 1447 3278 distinguere,
1480 3198 1536 3260 nisi
1561 3217 1657 3260 exeo
1686 3198 1765 3278 quod
1789 3217 1882 3260 cornu

519 3289 583 3352 lete
606 3286 729 3349 rubeum
755 3289 884 3347 colorem
914 3286 1048 3347 habebat
1072 3296 1102 3347 et
1132 3287 1302 3366 aequalem,
1333 3308 1389 3349 nou
1419 3307 1489 3348 vero
1519 3287 1692 3349 lucidiorem
1716 3288 1747 3349 in
1771 3288 1882 3351 medio.

520 3376 614 3440 Paulo
640 3384 799 3454 antequam
823 3394 891 3436 sese
914 3385 985 3455 post
1008 3385 1124 3437 montes
1149 3376 1305 3455 reciperet,
1331 3375 1419 3437 rubor
1439 3377 1574 3454 quamvis
1598 3378 1680 3437 claro
1704 3377 1884 3455 crepusculo

521 3457 553 3527 et
582 3466 668 3527 Luna
699 3465 845 3544 profunde
876 3464 905 3525 in
936 3465 1072 3526 umbram
1106 3463 1248 3525 immersa
1283 3465 1376 3525 videri
1410 3476 1510 3526 tamen
1549 3467 1649 3545 potuit
1680 3465 1818 3545 adeoque
1853 3473 1885 3525 et

521 3555 673 3633 distingui,
699 3555 776 3635 quod
801 3573 872 3632 pars
897 3554 1093 3615 occidentalis
1113 3555 1209 3615 adhuc
1233 3564 1317 3615 esset
1341 3554 1539 3618 rubicundior.
1578 3556 1651 3615 Fuit
1674 3564 1776 3615 tamen
1801 3555 1886 3615 circa

520 3646 649 3707 medium
673 3644 794 3704 umbrae
820 3663 885 3703 cum
909 3643 1075 3704 occideret:
1111 3645 1193 3704 nulla
1223 3664 1350 3724 natuque
1374 3662 1428 3723 per
1461 3651 1561 3704 alitem
1587 3645 1655 3718 lux,
1680 3644 1793 3704 nullum
1819 3643 1885 3722 ejus

520 3733 679 3812 vestigium
704 3734 887 3812 paulopost
911 3733 1065 3812 apparuit,
1091 3739 1174 3807 aere,
1201 3733 1250 3812 qui
1273 3734 1424 3795 montibus
1448 3742 1496 3794 est
1519 3734 1689 3812 proximus,
1720 3732 1884 3793 admodum

521 3823 641 3886 humido
666 3832 698 3882 et
721 3839 833 3882 crasso.

610 3912 687 3972 Vide
713 3912 774 3971 tale
800 3908 951 3989 quippiam
975 3918 1007 3970 et
1030 3909 1108 3972 inira
1131 3929 1197 3990 cap.
1216 3910 1273 3972 XI.
1298 3910 1394 3990 probl.
1420 3908 1472 3973 3l.
1498 3910 1526 3970 iu
1552 3909 1657 3988 eclipsi
1681 3910 1788 3970 Lunae
1813 3911 1885 3971 anui

524 3997 619 4065 1603.
645 3994 729 4080 8Ι18.
753 4000 900 4060 Noreurb.

612 4088 673 4150 Sed
698 4089 809 4149 nullum
833 4087 943 4147 clarius
968 4086 1135 4165 exemplum
1160 4086 1344 4165 suppeditari
1367 4095 1480 4165 potest,
1506 4105 1593 4166 quam
1615 4087 1692 4165 quod
1717 4085 1780 4146 vidi
1805 4105 1885 4146 anno

524 4175 619 4242 1598.
645 4172 677 4259 li!
685 4174 729 4239 16.
749 4176 881 4254 Augusti
906 4193 997 4253 prope
1015 4172 1164 4249 Gratium,
1189 4174 1277 4235 Luna
1300 4186 1367 4235 orta
1391 4176 1419 4236 in
1445 4175 1588 4247 tenebris,
1614 4175 1728 4235 coelum
1753 4174 1885 4236 nubibus

522 4265 733 4328 obvelantibus
765 4265 846 4325 circa
876 4264 1080 4337 horizontem,
1115 4274 1149 4323 ut
1177 4264 1314 4324 exoriens
1345 4283 1401 4325 non
1435 4265 1665 4342 conspiceretur.
1714 4261 1792 4324 Cum
1818 4263 1885 4342 jam

524 4354 639 4434 aliquot
672 4354 819 4432 graduum
852 4352 979 4413 haberet
1009 4351 1216 4427 altitudinem,
1250 4352 1377 4414 nubibus
1415 4353 1567 4414 hiantibus
1605 4352 1726 4412 emicuit
1759 4352 1886 4414 dimidio

523 4442 643 4506 circiter
665 4461 790 4521 corpore
814 4441 983 4504 clarissima
1000 4458 1053 4519 per
1072 4441 1218 4515 ruborem,
1244 4452 1353 4502 utnon
1379 4451 1552 4503 censeretur
1571 4460 1608 4500 ea
1627 4450 1715 4519 parte
1739 4441 1885 4514 delicere3

523 4531 645 4595 dimidio
669 4531 720 4591 vix
744 4532 914 4611 conspicua,
941 4547 1006 4589 cum
1030 4539 1096 4590 tota
1121 4530 1268 4591 tamenin
1288 4530 1392 4591 umbra
1416 4540 1509 4592 esset.
1547 4531 1689 4591 Iusuetus
1712 4548 1769 4609 ego
1794 4529 1886 4608 hujus

522 4621 639 4686 ruboris
663 4620 813 4692 mirabar;
848 4638 943 4699 neque
977 4619 1054 4680 euim
1084 4631 1221 4699 poteram
1247 4620 1414 4697 meipsum
1443 4621 1562 4681 firmare
1585 4618 1614 4678 in
1640 4619 1701 4679 ulla
1730 4617 1885 4696 opinione,

522 4712 657 4774 umbram
685 4709 893 4789 ingrederetur
917 4728 953 4768 an
979 4709 1140 4769 desereret.
1187 4709 1267 4769 Illud
1296 4711 1386 4769 etlam
1415 4709 1503 4769 valde
1538 4707 1658 4769 dubium
1687 4707 1803 4780 tenuit,
1833 4725 1887 4768 cur

523 4817 582 4861 non
616 4798 851 4877 distingueretur
883 4797 1039 4858 evidenter
1070 4815 1142 4876 pars
1176 4796 1275 4857 lucida
1298 4818 1317 4857 a
1341 4797 1517 4869 tenebrosa,
1552 4815 1606 4856 nec
1637 4796 1764 4856 haberet
1794 4796 1886 4857 rubor

522 4887 698 4960 terminum,
723 4888 777 4948 sed
802 4887 942 4948 contiuuo
971 4886 1115 4957 minutus,
1145 4885 1269 4945 tandem
1298 4885 1413 4964 potiore
1437 4886 1541 4947 Lunae
1565 4894 1651 4963 parte
1676 4884 1832 4945 desineret
1855 4883 1884 4944 in

523 4977 676 5039 tenebras.
723 4976 772 5036 Ita
796 4975 867 5036 mihi
890 4974 1107 5053 contemplanti
1131 4973 1224 5034 nubes
1245 4993 1362 5034 rursum
1385 4993 1453 5035 sese
1477 4992 1654 5054 opposuere.
1692 4973 1788 5034 Paulo
1813 4981 1887 5052 post

523 5063 621 5128 tribus
645 5064 861 5145 quadrantibus
884 5073 955 5144 post
978 5064 1137 5142 septimam
1161 5061 1191 5121 in
1215 5063 1287 5123 urbe
1311 5063 1560 5142 personantibus,
1584 5062 1738 5123 discessus
1761 5062 1886 5123 nubium

524 5152 742 5217 dubitationem
766 5170 885 5216 omnem
908 5151 1061 5214 discussit
1100 5147 1179 5214 Orto
1198 5151 1278 5212 enim
1296 5150 1376 5213 intra
1398 5168 1490 5215 cornu
1514 5149 1613 5213 lucido
1636 5148 1727 5211 rubor
1749 5166 1884 5213 evenes·
