4584 6192
466 615 531 682 tlt
1078 618 1207 681 Dioptriee

466 802 582 874 partem
614 793 732 868 videat,
765 814 838 874 opus
862 802 910 856 est
939 795 1128 874 elongatione
1154 813 1273 873 magna.
1321 793 1436 855 Sedis
1469 789 1578 873 genere
1612 792 1826 855 transitionem

466 902 627 945 concursus
650 883 800 944 radiorum
824 884 951 944 visibilis
975 885 1050 945 certi
1075 883 1160 963 sequi
1185 884 1251 943 dico
1276 883 1461 944 eversionem
1485 883 1565 944 illius
1589 882 1728 944 visibilis,

554 971 631 1034 Esto
662 972 740 1033 enim
768 973 797 1032 in
827 973 980 1034 schemate
1008 970 1057 1034 12.
1086 974 1190 1033 oculus
1214 992 1271 1033 non
1303 974 1331 1032 in
1356 972 1402 1032 lG
1435 971 1515 1033 intra
1537 972 1566 1032 D
1591 973 1639 1033 vel
1662 973 1689 1033 F
1711 980 1828 1051 puncta

466 1080 638 1134 concursus,
662 1058 716 1121 sed
741 1061 769 1121 iu
785 1059 847 1135 ΟΡ,
874 1069 960 1122 extra
980 1062 1054 1122 haee
1078 1068 1190 1141 puncta
1214 1069 1299 1121 tanto
1324 1061 1484 1122 intervallo
1510 1068 1652 1134 remotus,
1678 1068 1713 1121 ut
1727 1069 1827 1123 totum

468 1148 521 1213 ΟΕ
546 1149 664 1211 visibile
689 1149 781 1209 videri
806 1151 921 1227 possit:
946 1150 1062 1212 seilicet
1085 1150 1240 1228 productis
1265 1150 1336 1222 ΛΙ),
1363 1150 1460 1209 dextri
1484 1150 1587 1227 puncti
1609 1149 1636 1210 E
1661 1148 1824 1225 sinistimo,

409 1281 419 1298 .
467 1245 499 1299 et
522 1239 584 1311 BP,
609 1237 725 1299 sinistri
749 1238 851 1315 puncti
877 1236 901 1301 Ο
926 1239 1058 1300 dextimo
1083 1240 1120 1299 ad
1141 1257 1316 1298 concursum
1342 1239 1406 1317 (qui
1430 1239 1471 1298 sit
1495 1239 1536 1312 L)
1562 1246 1592 1299 et
1616 1237 1744 1299 ulterius
1752 1257 1763 1313 3
1787 1239 1828 1301 sit

467 1327 544 1389 oculi
569 1326 685 1405 pupilla
707 1324 762 1386 ΟΡ
785 1328 866 1387 ultra
889 1328 966 1388 lrune
990 1347 1176 1389 coneursum.

554 1415 637 1493 Ergo
669 1415 805 1475 dextrum
839 1427 981 1495 punctum
1004 1418 1041 1491 E,
1073 1417 1158 1477 radio
1191 1414 1333 1476 EADLP
1361 1422 1392 1475 et
1421 1413 1528 1475 vicinis
1563 1414 1683 1494 (quiin
1714 1423 1828 1495 puncta

466 1504 523 1584 ipsi
547 1504 578 1564 Α
601 1504 742 1565 sinistrae
767 1506 847 1583 parti
871 1505 961 1566 lentis
984 1506 1083 1565 vicina
1106 1524 1211 1564 versus
1235 1505 1264 1564 II
1287 1503 1454 1564 incidentes
1479 1511 1511 1563 et
1534 1503 1717 1565 refractione
1743 1504 1828 1567 facta

466 1592 497 1653 in
516 1593 545 1652 D
570 1600 791 1666 concurrentes,
816 1592 942 1672 indeque
962 1578 1281 1672 rursus'divergentes
1304 1610 1408 1652 versus
1426 1590 1480 1652 ΡΟ
1505 1592 1695 1653 latitudinem
1721 1593 1826 1667 oculi),

468 1680 515 1742 bIs
539 1680 659 1759 inquam
683 1680 776 1742 radiis
801 1702 818 1741 a
842 1681 966 1743 sinistra
990 1683 1079 1743 lentis
1102 1682 1233 1762 parteA
1259 1680 1457 1754 venientibus,
1483 1680 1662 1741 Edextrum
1681 1688 1826 1760 punctum

467 1768 744 1831 irradiatoculum
770 1768 833 1831 ΟΡ.
881 1769 997 1833 Contra
1030 1772 1184 1832 sinistrum
1214 1778 1355 1848 punctum
1387 1769 1411 1830 Ο
1442 1768 1543 1829 radiat
1570 1769 1599 1829 in
1625 1767 1680 1831 ΟΡ
1709 1769 1828 1832 oculum

468 1857 552 1920 radio
577 1856 685 1918 CBFO
710 1866 742 1919 et
764 1857 869 1919 vicinis
894 1879 998 1920 versus
1018 1861 1057 1934 K,
1083 1860 1130 1939 qui
1156 1868 1372 1936 convergentes
1397 1858 1425 1917 in
1449 1860 1475 1918 F
1496 1867 1568 1937 post
1591 1857 1699 1919 iterum
1725 1858 1827 1920 diver-

466 1956 540 2025 gunt
570 1965 624 2025 per
647 1946 735 2007 XXI.
765 1966 869 2007 versus
900 1946 955 2008 ΟΡ
984 1949 1117 2022 oculum;
1151 1957 1182 2009 et
1210 1945 1303 2008 itaC
1333 1946 1487 2007 sinistrum
1520 1955 1661 2025 punctum
1694 1947 1826 2009 visibilis

466 2034 570 2098 radiat
601 2054 620 2094 a
647 2036 705 2095 ΒΚ
735 2035 844 2097 dextra
873 2046 959 2118 parte
992 2038 1091 2099 lentie.
1139 2037 1213 2098 Cum
1245 2042 1345 2096 autem
1379 2036 1480 2096 oculus
1511 2055 1567 2096 non
1600 2036 1724 2115 capiat,
1757 2035 1827 2117 quid

466 2122 561 2184 radiis
585 2123 613 2183 iu
640 2124 719 2184 lente
744 2123 812 2203 Ipsa
836 2126 963 2199 aecidat,
989 2126 1042 2186 sed
1067 2126 1222 2201 aestImet,
1247 2125 1287 2185 ibi
1312 2125 1401 2185 sitam
1426 2144 1493 2185 esse
1518 2124 1686 2203 quamlibet
1709 2134 1828 2205 partem

466 2211 511 2273 rei
543 2211 688 2279 visibilis,
724 2214 801 2273 unde
835 2215 898 2293 ejus
929 2215 1004 2275 radii
1039 2216 1156 2277 oculum
1185 2214 1392 2292 ingrediuntur
1422 2233 1475 2294 per
1498 2213 1585 2285 XIX,
1619 2214 1747 2294 ideoque
1779 2233 1827 2276 res

467 2299 595 2362 visibilis
620 2299 673 2361 ΟΕ
698 2311 943 2381 repraesentatur
966 2323 1073 2366 eversa
1096 2305 1182 2365 oculo
1205 2305 1234 2363 in
1259 2301 1323 2363 ΟΡ.

560 2389 706 2450 LXXVI.
754 2391 985 2470 Propositio.
1031 2394 1179 2455 Punctum
1204 2391 1388 2463 eversionis,
1421 2411 1474 2452 seu
1506 2391 1534 2451 ln
1567 2409 1624 2470 quo
1658 2409 1693 2450 se
1719 2397 1827 2453 secant

467 2476 555 2538 binae
580 2478 677 2538 lineae
705 2501 723 2539 a
747 2479 824 2540 binis
848 2481 967 2558 punctis
991 2481 1034 2542 rei
1059 2482 1186 2543 visibilis
1210 2481 1239 2542 in
1273 2489 1407 2541 centrum
1440 2480 1516 2540 oculi
1548 2480 1757 2555 confluentes,
1796 2479 1827 2542 id

468 2566 586 2645 inquam
613 2576 754 2645 puuctum
780 2576 828 2629 est
852 2570 930 2631 inter
954 2570 1073 2632 visibile
1098 2579 1129 2631 et
1153 2572 1274 2631 lentem.

557 2655 739 2716 Probabitur
772 2658 850 2717 enlm
881 2667 914 2718 ut
951 2659 1032 2738 prius
1056 2659 1259 2739 propositione
1284 2657 1416 2718 LXXV.
1450 2655 1540 2716 lentis
1571 2662 1676 2734 partes
1701 2655 1827 2718 dextras

466 2744 650 2821 respondere
674 2745 805 2805 sinistris
829 2746 872 2806 rel
897 2746 1024 2809 visibilis
1049 2757 1081 2809 et
1104 2748 1246 2810 vicissim.
1294 2747 1386 2808 Nulla
1410 2764 1481 2823 ergo
1505 2746 1537 2806 fit
1563 2744 1659 2805 sectio
1683 2763 1827 2806 concrum

467 2830 628 2892 visivorum
652 2832 729 2894 inter
752 2834 868 2895 oculum
892 2844 923 2896 et
947 2839 1067 2910 lentem,
1093 2838 1146 2899 sed
1172 2838 1250 2898 inter
1273 2836 1384 2896 lentem
1409 2841 1439 2894 et
1462 2833 1592 2894 visibile.
1640 2831 1732 2903 Quod
1754 2853 1824 2895 vero

469 2919 613 2981 decenis
639 2922 711 2982 totis
737 2942 838 2983 verum
862 2934 927 2998 est,
963 2926 1040 2986 idem
1074 2936 1105 2988 et
1135 2927 1171 2986 de
1197 2924 1282 2986 lineis
1306 2923 1411 2984 mediis
1446 2941 1586 2983 concrum
1617 2940 1723 2983 verum
1758 2942 1825 2984 esse

468 3028 592 3070 necesse
616 3017 672 3083 est,
699 3012 826 3089 quaein
861 3022 995 3075 centrum
1019 3016 1149 3094 pupillae
1173 3015 1324 3086 incidunt;
1358 3020 1448 3091 atque
1483 3012 1573 3072 etiam
1599 3011 1635 3070 de
1659 3010 1717 3086 iis,
1750 3031 1825 3092 quae

467 3098 495 3158 in
534 3100 744 3160 extremitates
775 3102 915 3179 pupillae.
965 3104 1006 3164 Ut
1040 3105 1066 3164 in
1106 3104 1259 3164 schemate
1287 3100 1336 3164 12.
1377 3102 1404 3161 ln
1443 3109 1552 3179 puncto
1593 3098 1616 3160 S
1654 3108 1765 3161 secant
1795 3121 1826 3162 se

398 3218 404 3229 ·
466 3185 608 3248 EADLP
641 3197 673 3248 et
706 3187 859 3265 CBFLO,
895 3191 922 3251 in
956 3193 999 3264 P,
1034 3191 1061 3253 Ο
1091 3201 1228 3253 extrema
1260 3191 1391 3270 pupillae
1425 3189 1514 3269 lapsi.
1569 3190 1596 3249 L
1623 3207 1696 3250 vero
1731 3189 1826 3250 seoti0

468 3284 611 3356 estpars
634 3296 796 3340 concursus
820 3298 961 3340 cenorum
986 3280 1085 3354 ODP,
1110 3280 1191 3342 OFP
1215 3280 1243 3340 in
1269 3278 1337 3355 ΟΡ,
1369 3278 1417 3359 qni
1442 3278 1489 3338 hic
1508 3279 1573 3359 jam
1597 3296 1655 3338 non
1681 3279 1825 3340 conside·

468 3371 570 3439 ratur,
596 3366 666 3445 quia
689 3367 736 3427 hie
760 3387 851 3446 supra
876 3369 973 3448 (prop.
999 3371 1114 3445 LXX.)
1139 3369 1229 3431 situm
1254 3369 1296 3429 rei
1321 3387 1378 3428 non
1407 3368 1575 3429 evertebat.
1621 3365 1724 3427 Erant
1757 3375 1826 3428 tune

467 3453 534 3514 coni
558 3453 697 3516 IAGIIG
720 3464 751 3515 et
774 3456 916 3530 IKEBG.

554 3543 719 3605 LXXVII.
760 3546 985 3624 Propositio.
1026 3546 1139 3608 Oculus
1164 3548 1333 3627 rependeres
1357 3545 1428 3606 nihil
1448 3563 1524 3624 pene
1540 3562 1715 3606 eversarum
1731 3564 1826 3607 rerum

466 3650 521 3711 per
543 3632 655 3693 lentem
680 3652 844 3694 convexam
870 3635 1011 3697 distincte
1036 3637 1129 3697 videt.

557 3719 632 3783 Cum
657 3722 734 3782 enlm
758 3725 925 3802 πρεσβυτης
950 3729 1017 3805 (per
1032 3726 1165 3798 LXIV.)
1190 3725 1306 3785 oculum
1331 3722 1529 3784 assuefecerit
1553 3722 1592 3781 ad
1622 3720 1826 3783 radiationem

469 3810 662 3889 parallelum,
699 3812 800 3889 puncti
833 3812 950 3875 scilicet
981 3816 1102 3875 remoti:
1142 3833 1234 3893 eoque
1259 3833 1316 3874 non
1341 3813 1382 3872 sit
1412 3822 1520 3890 aptus,
1557 3820 1589 3870 ut
1617 3810 1714 3871 radiis
1739 3811 1827 3872 unius

467 3899 570 3978 puncti
603 3899 788 3961 sensibiliter
826 3902 1052 3981 divergentibus
1096 3905 1198 3964 videat
1241 3902 1397 3962 distincte:
1437 3901 1465 3960 in
1507 3898 1661 3959 eversione
1697 3899 1826 3961 visibilis

467 3988 567 4049 omnia
590 3987 718 4048 visibilis
742 3998 854 4064 puncta
877 4001 947 4070 post
970 3993 1007 4064 Ι),
1030 3995 1054 4053 F
1077 4012 1252 4053 concursum
1277 3991 1377 4051 radios
1402 3989 1494 4050 babet
1508 3990 1616 4050 iterum
1632 3988 1825 4068 divergentes

469 4096 572 4137 versus
596 4079 713 4137 oculum
738 4077 792 4138 ΟΡ
817 4081 884 4157 (per
903 4082 1006 4153 XXI.)
1031 4090 1064 4142 ut
1089 4080 1155 4153 DO,
1181 4082 1244 4153 DP,
1270 4081 1313 4141 sic
1337 4077 1401 4151 FO,
1426 4079 1487 4139 FP.
1533 4078 1601 4138 Non
1625 4077 1714 4137 videt
1736 4077 1827 4157 igitur

468 4166 571 4226 oculus
595 4166 757 4246 presbytae
783 4167 811 4227 in
837 4167 890 4228 ΟΡ
915 4170 1068 4242 distincte,
1094 4170 1151 4230 nisi
1176 4170 1201 4229 si
1218 4169 1272 4231 ΟΡ
1288 4168 1415 4229 latitudo
1440 4167 1572 4245 pupillae
1596 4166 1635 4225 ad
1650 4164 1710 4226 DO
1728 4166 1825 4245 longi-

468 4253 602 4314 tudinem
627 4274 684 4314 non
709 4256 820 4316 lrabeat
855 4259 981 4337 arrrplius
1016 4259 1189 4320 sensibilem
1221 4267 1252 4319 et
1274 4257 1533 4336 proportionatam
1559 4254 1761 4329 distantiam,
1794 4262 1826 4315 ut

468 4342 513 4403 sio
539 4340 607 4416 DO,
632 4342 688 4403 DP
711 4346 772 4404 siut
797 4347 883 4424 quasi
906 4349 1054 4426 paralleli.

556 4431 736 4494 LXXVIII.
783 4434 1010 4515 Propositio.
1059 4435 1172 4497 Oculus
1196 4458 1318 4508 μυωπος
1348 4433 1511 4512 quamlibet
1536 4452 1597 4493 rem
1623 4450 1676 4491 seu
1702 4432 1824 4512 propin-

466 4541 555 4603 quam
580 4540 632 4581 seu
656 4531 813 4594 remotam,
839 4526 885 4584 ubi
911 4525 990 4585 lente
1015 4546 1151 4586 convexa
1175 4526 1264 4585 fuerit
1288 4543 1403 4595 eversa,
1430 4523 1512 4581 videt
1532 4521 1676 4581 distinete
1700 4522 1729 4582 lu
1746 4529 1827 4583 certa

466 4610 630 4672 remotione
655 4611 731 4671 oculi
756 4633 774 4671 a
798 4633 941 4674 concursu
956 4616 1105 4675 radiorum
1131 4616 1216 4675 nnius
1241 4614 1341 4690 puncti
1367 4613 1402 4671 de
1423 4631 1453 4671 re
1474 4611 1526 4670 illa
1545 4609 1666 4670 visibili.

556 4701 690 4769 Μυωπες
722 4713 792 4762 sunt
815 4703 993 4779 Aristoteli,
1029 4706 1077 4784 qui
1111 4703 1279 4784 propinqua
1312 4702 1454 4762 distincte
1479 4700 1601 4771 vident,
1637 4698 1678 4758 ad
1712 4705 1827 4760 remota

466 4789 597 4850 lusciosi
645 4790 688 4851 Ut
711 4809 795 4870 prop.
820 4792 935 4853 LXIV.

554 4879 666 4938 Eorum
690 4878 781 4958 Igitur
804 4881 881 4940 oculi
906 4891 975 4941 sunt
999 4880 1163 4941 assuefacti
1188 4882 1226 4941 ad
1251 4878 1352 4938 radios
1377 4876 1562 4938 sensibiliter
1586 4876 1624 4934 ab
1640 4884 1825 4956 unopuncto

467 4966 669 5048 divergentes.
717 4970 762 5029 At
786 4970 854 5047 (per
878 4969 1027 5043 LXXV.)
1052 4970 1168 5029 eversio
1192 4967 1340 5046 contingit
1364 4976 1451 5028 extra
1480 4974 1622 5045 punctum
1652 4984 1825 5029 concursus.

467 5057 525 5118 Per
539 5057 627 5119 XXI.
649 5076 719 5118 vero
746 5059 832 5119 unius
859 5060 983 5119 lucentis
999 5058 1143 5138 punctIC
1169 5058 1258 5130 radii,
1290 5057 1337 5137 qui
1363 5056 1562 5134 divergebant
1584 5073 1693 5116 versus
1718 5057 1826 5118 lentem

467 5144 522 5207 ΚΒ
547 5153 578 5207 et
602 5144 733 5208 transita
763 5147 843 5207 lente
875 5149 1100 5228 convergebant
1133 5166 1238 5208 versus
1266 5154 1409 5225 punctum
1441 5147 1672 5213 Fconcursus,
1707 5165 1745 5208 eo
1765 5145 1826 5226 jam
