4584 6192
983 594 1064 659 capse
1081 595 1123 645 IX·
1664 593 1728 664 tte

376 793 417 835 ex
440 774 487 834 his
510 772 624 835 duabus
649 774 757 847 causis,
783 774 880 834 altera
904 770 1028 848 formali,
1053 774 1150 834 altera
1172 773 1328 849 efficiente,
1354 773 1578 854 qnidprohibet
1601 774 1729 837 existere

376 864 518 924 ellectum
541 863 571 923 in
594 862 721 923 materia
743 860 869 923 idonea?

466 952 516 1013 Ita
539 950 586 1011 hic
611 970 724 1030 quoque
749 952 879 1012 facultas
903 948 1049 1011 naturalis
1074 950 1102 1011 in
1127 969 1250 1030 corpore
1279 950 1430 1012 sublunari
1460 951 1643 1013 architectus
1672 957 1729 1025 est,

377 1059 456 1120 quae
480 1041 574 1118 ligura
596 1040 773 1101 radiationis
801 1039 893 1100 utitur
921 1056 974 1117 pro
999 1040 1174 1119 exemplari,
1211 1041 1294 1119 eique
1326 1040 1505 1105 conformem
1530 1041 1559 1101 in
1583 1060 1636 1102 suo
1660 1059 1732 1102 cor..

375 1149 451 1210 pore
474 1127 666 1207 spiritibusve
699 1131 759 1190 ciet
791 1138 912 1189 motum.
959 1126 1028 1187 Etsi
1051 1129 1216 1190 Ptolemaei
1236 1130 1311 1191 ratio
1336 1128 1518 1191 insufficiens
1541 1138 1598 1190 est.
1646 1129 1729 1191 Mul-

374 1230 428 1279 tae
460 1236 587 1297 uamque
618 1228 747 1296 possunt
777 1236 842 1278 esse
876 1216 1038 1277 subtensse
1067 1237 1188 1279 arcuum
1216 1219 1315 1279 circuli
1340 1218 1530 1280 rationalium
1554 1227 1585 1279 et
1609 1217 1729 1280 irratio-

374 1307 498 1375 nalium,
522 1326 597 1385 quae
621 1307 763 1385 potentiis
788 1306 835 1366 vel
860 1305 1044 1383 longitudine
1069 1316 1234 1388 aequentur
1256 1316 1357 1369 certae
1380 1308 1461 1388 parti
1486 1307 1638 1383 diametri,
1663 1326 1729 1369 cum

375 1405 478 1457 tamen
502 1404 658 1476 aspectum
681 1416 737 1456 non
762 1395 885 1456 faciant.

466 1486 512 1546 De
535 1505 628 1545 causa
651 1484 852 1564 distinguendi
876 1484 953 1544 inter
976 1483 1070 1545 bonos
1093 1491 1125 1545 et
1154 1485 1248 1545 malus
1280 1493 1422 1565 aspectus
1446 1484 1568 1565 ejusque
1593 1482 1729 1545 vanitate

376 1575 571 1637 dictumest.
899 1621 904 1631 .

465 1664 506 1725 Ει
530 1662 607 1724 ratio
632 1663 669 1723 ab
693 1662 851 1723 Aboasare
881 1661 962 1721 dicta
991 1679 1060 1721 vere
1089 1660 1205 1736 idest,
1240 1662 1318 1742 quod
1341 1660 1431 1722 Picus
1458 1660 1545 1734 dicit;
1578 1679 1616 1721 ex
1648 1659 1729 1722 mille

373 1754 484 1833 pannis
514 1772 588 1813 unus
621 1760 719 1813 ceute.
765 1752 844 1813 lt'am
882 1750 1051 1830 oppositum
1081 1750 1226 1811 aLunae
1258 1750 1445 1830 impletione,
1479 1750 1657 1830 quadratum
1691 1748 1729 1811 ab

374 1843 564 1913 inferiorum,
607 1842 717 1902 trinum
748 1860 766 1900 a
799 1839 983 1920 superiorum
1017 1840 1205 1920 planetarum
1238 1840 1368 1901 statione
1395 1838 1517 1922 probat:
1551 1858 1605 1900 uec
1627 1847 1728 1900 tamen
1817 1836 1819 1839 ’

375 1933 405 1991 ei
429 1931 505 1991 ratio
529 1929 663 1990 venitin
689 1930 831 1991 articulos
856 1947 950 2007 neque
974 1937 1117 1990 constans
1141 1939 1202 1999 est,
1231 1930 1273 1991 rei
1304 1929 1474 1991 constantis
1507 1937 1538 1991 et
1561 1927 1728 2007 exquisitae

374 2020 578 2081 dimensionis.

464 2108 600 2188 Denique
624 2107 838 2168 neutericorum
861 2106 1009 2167 rationem
1034 2126 1051 2165 a
1074 2106 1279 2168 consonantiis
1302 2105 1424 2168 musicis
1438 2105 1527 2167 Picus
1545 2103 1727 2185 perbenigne

373 2199 478 2270 habet,
502 2197 549 2257 his
572 2197 671 2257 verbis
695 2216 761 2256 eam
784 2214 986 2275 prosequens:
1010 2205 1063 2259 Sed
1085 2206 1271 2277 haecutique
1292 2207 1453 2261 bellarunt
1480 2206 1640 2276 habentque
1665 2221 1728 2275 spe·

373 2299 444 2353 ciem
465 2296 673 2366 probabilitatis
695 2297 768 2364 apud
789 2312 845 2359 eos,
867 2294 913 2365 qui
934 2294 1138 2363 philosophiam
1158 2296 1191 2347 de
1212 2295 1304 2350 limine
1324 2295 1492 2350 salutarunt.
1546 2282 1626 2363 Opto
1656 2282 1729 2345 mihi

373 2377 543 2440 redivivnm
558 2376 671 2436 Picum.
709 2375 792 2435 llaec
816 2375 902 2447 euim,
929 2374 1003 2434 haec
1026 2373 1079 2433 illa
1103 2380 1151 2433 est
1173 2375 1262 2443 ratio,
1286 2394 1360 2455 qnae
1384 2393 1437 2454 per
1454 2373 1580 2454 primam
1595 2371 1729 2440 Materni

372 2471 420 2536 (11,
453 2471 508 2535 25.)
544 2473 576 2524 ει
608 2464 768 2524 secundam
787 2464 951 2524 Ptolemaei
976 2469 1398 2533 (eard.00mm.inPtal.1,12.)
1422 2464 1550 2537 exculta,
1575 2463 1604 2523 in
1627 2460 1728 2541 philo-

374 2554 501 2638 sophiae
525 2552 693 2632 penetralia
716 2552 854 2625 deducta,
879 2572 936 2612 nou
961 2552 1090 2631 speciem
1113 2552 1176 2613 veri
1195 2555 1345 2627 exhibeat,
1370 2554 1422 2616 sed
1445 2554 1534 2633 plane
1558 2550 1730 2612 satisfaciat

375 2654 408 2706 et
432 2642 612 2723 cognitionis
636 2640 788 2701 suavitate
811 2642 916 2703 mirum
940 2641 968 2701 in
999 2641 1118 2703 modum
1148 2643 1287 2706 delectet.
1332 2644 1413 2708 Nam
1440 2650 1473 2703 ut
1497 2641 1585 2703 Picus
1609 2639 1729 2720 quidem

374 2753 445 2796 eam
477 2729 737 2805 commemoravit,
771 2730 879 2792 misere
909 2730 1002 2791 habet
1032 2738 1062 2791 et
1091 2741 1173 2794 recte
1207 2755 1226 2795 a
1256 2733 1328 2795 Pico
1362 2730 1540 2811 exploditur.
1588 2728 1729 2800 ,Primum

374 2823 469 2895 enim,
501 2821 569 2901 quid
601 2838 706 2880 vocum
730 2820 885 2881 concentui
910 2839 1063 2880 commune
1088 2839 1155 2882 cum
1178 2823 1270 2885 radiis
1292 2821 1501 2903 planetarum?
1546 2819 1676 2894 Deinde,
1701 2817 1728 2880 si

373 2912 437 2975 bini
459 2911 599 2991 planetae
631 2929 667 2969 ea
701 2910 814 2969 ratione
847 2928 1010 2970 consonare
1035 2910 1186 2985 dicantur,
1221 2931 1279 2992 qua
1311 2912 1427 2973 ratione
1460 2910 1607 2990 quaedam
1640 2908 1728 2986 sigua

372 3002 513 3062 dicuntur
537 3008 628 3071 muta,
655 2997 782 3058 futilitas
807 3019 865 3059 una
889 2997 1009 3058 exalia
1033 2997 1177 3061 futilitate
1201 3001 1400 3063 confirmatur.
1447 2998 1582 3079 Denique
1600 2997 1627 3058 si
1641 2997 1728 3077 sigua

373 3089 498 3152 vocibus
521 3107 642 3148 numero
667 3097 845 3164 aequentur,
867 3088 931 3166 jam
954 3088 1031 3149 ratio
1056 3096 1121 3149 tota
1138 3089 1280 3170 jugulata
1302 3097 1351 3152 est
1373 3109 1428 3151 nec
1451 3095 1594 3169 congruet
1617 3086 1726 3148 simili·

374 3180 450 3241 tudo
474 3198 528 3239 uec
552 3197 644 3237 causa
667 3176 898 3255 comparationis
921 3177 1047 3257 patebit.

463 3268 569 3347 ltaque
594 3266 649 3325 hoc
673 3267 762 3325 etde
788 3266 1046 3345 conjunctionibus
1070 3275 1100 3327 et
1125 3267 1161 3326 de
1185 3267 1356 3347 aspectibus
1379 3286 1481 3328 rerum
1506 3274 1569 3341 est,
1594 3263 1649 3326 niti
1673 3282 1725 3327 eos

370 3357 500 3430 ratione,
525 3374 582 3416 uon
607 3353 779 3433 corporibus
804 3357 856 3417 sed
881 3356 1074 3417 facultatibus
1099 3355 1284 3435 spiritalibus
1307 3356 1542 3419 naturalissima.

463 3445 541 3506 Illud
566 3444 594 3504 iu
619 3444 756 3504 confesso
781 3454 829 3505 est
852 3447 929 3525 apud
952 3445 1195 3524 philosophorum
1214 3447 1373 3527 principes,
1398 3444 1579 3525 geometriae
1594 3440 1726 3521 vestigia

369 3537 402 3598 iu
428 3534 535 3595 mundo
560 3552 716 3612 expressa,
751 3532 855 3595 sic'ut
883 3534 1047 3611 geometria
1076 3534 1116 3595 sit
1146 3534 1265 3614 quidam
1296 3536 1380 3616 quasi
1404 3534 1503 3596 mundi
1528 3534 1723 3613 archetypus;

370 3626 438 3688 sive
463 3623 528 3702 quis
556 3641 622 3682 cum
646 3620 827 3684 Christianis
861 3625 998 3684 mundum
1030 3623 1059 3683 in
1091 3625 1234 3701 temporis
1266 3625 1393 3704 quodam
1421 3623 1544 3686 exordio
1573 3621 1724 3683 conditum

370 3715 470 3787 dicat,
502 3712 565 3772 sive
590 3711 771 3773 creationem
795 3714 871 3773 hanc
895 3733 961 3774 cnm
984 3712 1149 3773 Platonicis
1174 3722 1326 3773 aeternam
1351 3712 1458 3786 faciat;
1482 3711 1589 3772 deinde
1613 3717 1645 3770 et
1667 3708 1723 3769 hoc

368 3810 491 3864 aterum:
525 3801 553 3862 iu
578 3801 712 3861 omnibns
741 3801 885 3863 creaturis
909 3802 1099 3875 animalibus,
1132 3802 1174 3862 nti
1198 3802 1261 3862 vita
1283 3800 1350 3881 ipsa
1373 3809 1405 3862 et
1428 3799 1630 3881 augmentatio
1654 3815 1723 3859 cor-

370 3892 458 3974 poris
482 3904 513 3951 et
541 3889 708 3970 procreatio
739 3891 849 3969 speciei
883 3902 930 3952 cst
958 3892 1077 3971 quidam
1107 3890 1267 3953 creationis
1298 3892 1396 3960 lusus,
1424 3891 1467 3952 sic
1501 3890 1591 3951 etiam
1623 3884 1724 3949 archi·
1816 3933 1818 3940 .

368 3989 488 4045 tectum
511 3980 597 4058 hujus
620 3978 718 4057 operis
742 3999 845 4058 gerere
859 3979 916 4041 Dei
937 3979 1098 4042 condituris
1119 3979 1266 4060 quandam
1282 3980 1512 4043 similitudinem.
1559 3979 1724 4057 Propterea

369 4089 452 4152 quae
475 4069 561 4130 nobis
584 4078 654 4129 sunt
677 4089 730 4130 usu
754 4068 911 4142 vilissima,
935 4066 1065 4150 penitius
1099 4069 1235 4149 inspecta
1263 4070 1384 4133 summis
1408 4077 1479 4133 sunt
1502 4064 1725 4149 aequiparanda

369 4157 541 4223 miraculis:
566 4164 599 4219 ut
620 4176 690 4218 vere
714 4158 778 4237 quis
802 4157 852 4218 ille
875 4169 1030 4237 poetarum
1054 4159 1210 4221 cecinerit:

686 4249 918 4319 Praesentemque
938 4250 1026 4303 refert
1046 4250 1188 4319 quaelibet
1208 4250 1297 4305 herba
1317 4250 1413 4305 Deum.

463 4334 582 4397 Etenim
605 4334 634 4395 in
659 4337 836 4398 formatione
860 4337 971 4409 foetus,
1003 4334 1033 4397 in
1061 4337 1225 4399 vilissimae
1256 4339 1345 4400 etiam
1372 4336 1482 4399 herbae
1504 4333 1721 4418 procreatione,

369 4425 449 4491 nihil
473 4435 521 4485 est
544 4424 622 4502 quud
645 4425 682 4486 ab
706 4427 758 4488 illa
781 4427 925 4488 facultate
950 4445 1006 4487 uon
1031 4445 1146 4487 summa
1174 4434 1205 4488 ει
1228 4426 1453 4489 absolutissima
1477 4426 1530 4488 frat
1552 4424 1668 4487 ratione
1691 4431 1723 4486 et

370 4518 413 4579 ad
437 4516 525 4576 finem
549 4532 646 4590 suum,
676 4516 759 4595 quasi
787 4536 825 4576 ex
849 4517 1012 4577 deliberato
1043 4515 1160 4595 (utique
1183 4536 1221 4577 ex
1244 4516 1457 4578 deliberatione
1480 4534 1536 4597 per
1557 4521 1722 4576 createrem

368 4604 494 4676 habita)
520 4602 664 4682 dirigatur
685 4605 913 4684 perfectissime.
959 4605 1016 4665 Hic
1043 4623 1114 4666 vero
1137 4624 1270 4667 summae
1294 4605 1418 4667 rationis
1446 4605 1630 4685 principatus
1662 4620 1720 4664 non

370 4693 505 4775 corpori,
530 4710 588 4753 nou
612 4694 764 4768 materiae,
789 4694 842 4754 sed
866 4693 1054 4755 informantis
1078 4694 1194 4757 animae
1218 4696 1410 4757 facultatibus
1433 4696 1533 4774 utique
1556 4689 1719 4755 transscri-

370 4784 490 4848 bendus
515 4782 585 4842 erit:
618 4792 652 4844 ut
683 4802 767 4844 omne
795 4802 889 4862 genus
917 4782 1095 4845 naturalium
1122 4786 1171 4846 vel
1198 4784 1368 4847 animalium
1398 4785 1575 4846 facultatum
1597 4783 1626 4844 in
1649 4798 1718 4843 cor-

369 4873 497 4957 poribus
520 4870 578 4932 Dei
601 4872 750 4951 quandam
773 4881 861 4951 gerat
884 4872 1115 4936 similitudinem.

463 4963 570 5041 Itaque
595 4960 620 5022 si
642 4962 738 5042 prima
759 4969 969 5023 connectamus
987 4962 1108 5037 ultimis,
1134 4982 1199 5024 cum
1213 4961 1296 5024 Deus
1310 4962 1374 5045 ipse
1389 4963 1581 5045 archetypum
1596 4961 1717 5025 creandi

371 5052 476 5116 mundi
500 5070 537 5112 ex
560 5051 725 5130 geometria
749 5051 883 5130 elegerit,
912 5051 981 5131 quid
1003 5050 1106 5113 mirum
1129 5052 1156 5112 si
1178 5050 1243 5130 ejus
1266 5052 1475 5115 similitudines
1499 5052 1605 5115 iisdem
1628 5051 1717 5126 rebus

373 5139 565 5224 geometricis
589 5140 787 5215 delectentur,
816 5140 931 5202 insuia
955 5140 1124 5221 corporibus
1148 5142 1316 5219 movendis,
1340 5162 1415 5225 quas
1437 5142 1540 5206 vident
1562 5149 1716 5210 auctorem

1378 5306 1389 5327 Ι,
1444 5244 1505 5298 ιι·
