4584 6192
995 580 1076 647 cml
1091 580 1135 634 Χῖ·
1680 579 1744 649 381

480 758 563 839 Ergo
594 759 700 821 minori
732 759 893 830 latitudine
916 760 974 824 EA
998 781 1016 822 a
1038 760 1145 840 majori
1167 758 1223 823 Dc
1256 759 1379 834 ablata,
1414 759 1439 822 si
1470 761 1582 824 fuerint
1611 762 1747 841 ejusdem

390 849 508 928 plagae,
534 848 641 909 addita
663 849 689 909 si
712 847 905 925 diversarum,
925 850 1083 911 habebitur
1102 847 1156 912 ΒΟ
1174 850 1264 910 latus.
1302 847 1363 910 Sed
1380 848 1438 909 BA
1460 857 1492 911 et
1507 848 1563 910 DE
1587 853 1743 931 aequales,

393 946 423 999 et
445 936 502 999 DE
526 937 713 1017 componitur
733 956 770 996 ex
788 939 841 999 EF
860 938 1078 1017 praecessione,
1099 938 1154 1001 FD
1178 937 1367 1016 superatione
1391 938 1505 1000 Lunae.
1543 938 1632 1000 Datis
1655 940 1747 1018 igitur

391 1026 538 1088 lateribus
562 1027 643 1087 circa
667 1032 780 1087 rectum
805 1045 864 1087 non
888 1027 1075 1104 ignorabitur
1099 1028 1225 1104 angulus
1246 1024 1341 1087 BAC.
1378 1026 1413 1087 In
1437 1027 1542 1106 eclipsi
1564 1027 1654 1105 igitur
1677 1027 1748 1088 anni

395 1110 489 1179 1598.
515 1114 601 1175 initio
625 1113 683 1174 fuit
705 1113 834 1175 latitudo
859 1116 963 1177 Lunae
987 1116 1129 1177 australis
1152 1114 1274 1188 1‘5711,
1299 1114 1387 1175 Luna
1410 1123 1481 1176 ante
1501 1114 1602 1177 Solem
1621 1112 1675 1179 29⁴
1692 1113 1747 1177 3⁴¹.

393 1204 426 1265 ln
450 1204 507 1264 fine
533 1202 659 1264 latitudo
683 1203 731 1263 vel
759 1201 809 1267 17‘
832 1201 875 1267 δ”
897 1204 945 1265 rel
972 1201 1023 1268 19¹
1047 1202 1121 1277 21⁰,
1146 1213 1178 1264 et
1200 1205 1287 1265 Luna
1310 1203 1389 1264 ultra
1412 1202 1515 1265 Solem
1538 1206 1587 1264 vel
1612 1200 1665 1265 26¹
1679 1198 1746 1265 40¹¹

393 1293 442 1353 vel
466 1288 519 1353 25‘
543 1289 595 1353 4”.
643 1288 744 1360 Quare
769 1292 824 1352 AB
849 1290 904 1355 54‘
927 1301 958 1354 et
981 1290 1034 1354 BC
1058 1290 1112 1355 20‘
1135 1293 1279 1370 proxime,
1305 1300 1336 1351 et
1359 1290 1443 1353 BAO
1467 1292 1587 1353 circiter
1611 1289 1680 1354 21⁰.

479 1381 516 1441 In
541 1381 636 1440 altero
661 1382 796 1459 exemplo
820 1382 983 1443 clementer
1006 1400 1141 1460 agemus,
1167 1399 1224 1442 non
1248 1381 1344 1441 secuti
1376 1387 1548 1459 suspectam
1576 1382 1643 1442 finis
1671 1380 1747 1441 visi-

395 1469 484 1531 bilem
509 1467 712 1541 latitudinem,
739 1469 836 1548 qualis
860 1490 897 1532 ex
920 1471 1055 1549 exemplo
1079 1470 1212 1531 elicitur:
1238 1470 1291 1530 sed
1314 1469 1411 1542 illam,
1438 1487 1513 1548 quae
1538 1487 1575 1529 ex
1598 1487 1748 1548 praesup-

394 1558 496 1636 posita
530 1556 687 1618 latitudine
715 1557 802 1634 justa
834 1558 1025 1638 sequebatur.
1082 1556 1158 1620 (lum
1189 1576 1260 1635 ergo
1292 1558 1380 1618 Luna
1410 1567 1492 1619 esset
1524 1556 1555 1619 7¹
1582 1555 1644 1619 10“
1677 1566 1750 1619 ante

395 1647 515 1720 Solem,
549 1645 677 1705 latitudo
701 1646 768 1706 visa
792 1647 849 1707 fuit
875 1644 926 1709 13‘
951 1644 993 1710 3“
1017 1647 1170 1709 australis.
1218 1647 1251 1709 In
1276 1647 1333 1707 fine
1365 1646 1602 1725 computavimus
1635 1645 1749 1706 distare

394 1736 474 1796 ultra
496 1732 607 1795 Solem.
623 1733 763 1794 debuisse
788 1732 841 1798 29‘
865 1733 930 1798 42¹⁴
954 1755 1019 1797 cum
1049 1736 1207 1797 latitudine
1235 1734 1303 1795 visa
1325 1731 1357 1796 θ’
1380 1731 1457 1797 42”.
1506 1735 1669 1796 Subtracta
1692 1734 1750 1794 hac

394 1824 432 1883 ab
456 1823 510 1883 illa
532 1822 633 1902 prodit
655 1819 687 1882 6‘
712 1819 785 1896 28“‚
811 1824 887 1903 quod
908 1825 971 1903 jam
995 1826 1051 1885 erit
1075 1825 1155 1886 latos
1179 1822 1242 1886 BC.
1290 1822 1422 1884 Additae
1446 1842 1517 1883 vero
1547 1822 1750 1901 longitudines

393 1912 582 1972 constituunt
604 1911 659 1970 BA
685 1907 740 1972 36‘
763 1908 838 1984 42”,
863 1914 988 1990 angulus
1012 1930 1084 1992 ergo
1107 1910 1192 1974 ΒΑΟ
1219 1908 1278 1974 10⁰
1301 1913 1427 1974 circiter.
1472 1912 1555 1975 Intra
1578 1912 1673 1991 probi.
1695 1906 1748 1974 3-1.

396 2001 486 2061 alium
511 2008 542 2059 et
567 1999 772 2061 mechanicum
796 2002 914 2062 modum
939 2001 1016 2062 vide.

484 2084 559 2149 Cum
583 2096 683 2148 autem
707 2107 795 2149 verae
820 2089 986 2150 latitudinis
1011 2089 1136 2168 angulus
1156 2087 1197 2149 sit
1217 2107 1274 2149 non
1299 2088 1396 2166 major
1411 2083 1457 2162 5⁰,
1479 2088 1539 2150 dici
1560 2106 1617 2149 non
1637 2092 1749 2166 potest,

396 2177 424 2239 in
449 2184 563 2256 quauta
586 2176 759 2238 confusione
783 2178 922 2257 quamdin
946 2179 1109 2251 haeserim,
1133 2177 1307 2237 Ptolemaeo
1332 2185 1363 2237 et
1385 2174 1554 2238 Reinholdo
1579 2176 1650 2238 mihi
1673 2175 1750 2238 ridi-

396 2266 495 2329 culum
519 2264 730 2326 exhibentibus
754 2266 914 2345 negotium.
952 2266 1032 2329 Nam
1051 2265 1108 2326 etsi
1123 2264 1304 2327 Maestlinns
1327 2284 1373 2326 me
1392 2284 1446 2344 per
1469 2265 1574 2327 literas
1597 2263 1753 2327 admonuit

397 2355 433 2414 de
458 2352 674 2433 parallaxibua
696 2373 770 2431 qnae
792 2355 848 2415 hoc
868 2355 1016 2416 efficiant:
1041 2354 1112 2415 mihi
1136 2363 1236 2415 tamen
1262 2354 1303 2413 oh
1323 2354 1425 2414 oculos
1447 2354 1626 2421 versabatur
1644 2353 1750 2415 Ptole-

396 2443 474 2504 maei
503 2442 676 2513 methodus,
701 2442 929 2504 Prnteuicarum
959 2452 1121 2523 praecepta
1145 2439 1197 2515 63,
1223 2439 1275 2516 tt,
1300 2438 1351 2515 65,
1376 2442 1493 2521 Magini
1515 2443 1669 2521 exempla,
1703 2440 1752 2520 qui

398 2550 501 2593 omnes
524 2530 697 2609 parallaxes
730 2532 812 2610 prius
846 2541 995 2605 tractant,
1029 2539 1137 2611 postea
1166 2532 1283 2592 demum
1307 2531 1346 2592 ad
1370 2530 1510 2608 angulum
1535 2530 1612 2591 hunc
1636 2549 1688 2590 sen
1712 2529 1753 2590 ad

397 2620 545 2681 initialem
570 2618 746 2697 finalemque
776 2620 963 2681 latitudinem
987 2622 1081 2681 visam
1111 2620 1358 2699 progrediuntur:
1393 2637 1517 2697 eamque
1541 2621 1579 2680 ab
1603 2617 1688 2680 initio
1712 2618 1753 2680 ad

399 2710 488 2770 linem
508 2707 706 2768 maximarum
727 2709 881 2788 eclipsium
901 2728 969 2770 raro
983 2709 1063 2770 ultra
1077 2705 1109 2772 6¹
1132 2708 1261 2769 variant.
1300 2707 1497 2769 Accedebant
1511 2717 1543 2768 et
1557 2715 1752 2785 argumenta:

399 2798 423 2859 si
447 2796 637 2875 negligerent
659 2806 798 2858 auctores
821 2799 1005 2877 parallaxes,
1030 2798 1176 2877 quomodo
1199 2797 1285 2858 initia
1305 2805 1336 2857 et
1354 2797 1428 2857 fines
1451 2797 1605 2874 eclipsinm
1628 2801 1755 2875 possent

400 2895 481 2945 certo
515 2884 665 2962 prodere?
706 2886 769 2945 lmo
800 2888 947 2966 quomodo
971 2887 1162 2948 Ptolemaeus
1194 2885 1404 2946 inclinationes
1436 2884 1503 2946 hinc
1535 2893 1672 2946 extruere
1696 2883 1753 2945 rite

400 2981 523 3053 posset:
548 2973 653 3052 quibus
676 2973 727 3033 ille
751 2974 779 3034 in
803 2974 1094 3053 praesignificatione
1116 2982 1277 3035 eventuum
1302 2974 1458 3052 plurimum
1473 2973 1585 3047 tribuit,
1610 2973 1694 3045 adeo,
1721 2979 1754 3032 ut

400 3081 474 3142 quas
498 3062 528 3121 in
552 3061 659 3139 plagas
683 3072 832 3139 spectant,
858 3064 925 3123 illas
948 3065 1085 3142 regiones
1109 3063 1221 3142 signari
1245 3063 1398 3123 affirmet?

489 3152 594 3228 ltaque
628 3150 794 3210 diutissime
819 3154 846 3212 in
874 3170 999 3213 erronea
1021 3153 1078 3213 hac
1111 3152 1248 3231 opinione
1282 3151 1339 3224 fni,
1373 3149 1537 3210 mirabilem
1570 3149 1700 3228 aliquam
1724 3148 1755 3209 in

401 3240 504 3299 Lunae
527 3247 610 3298 motu
634 3239 879 3319 inaequalitatem
901 3242 1003 3313 latere,
1029 3260 1085 3302 non
1107 3240 1346 3301 animadversam
1362 3238 1400 3299 ab
1424 3238 1605 3311 auctoribus,
1630 3255 1754 3316 caroque

401 3328 558 3406 praecipue
582 3327 661 3387 circa
684 3328 813 3407 eclipses
838 3349 904 3390 sese
929 3330 1108 3391 ostendere:
1133 3329 1251 3409 qnando
1275 3327 1362 3388 Luna
1385 3327 1496 3389 transit
1519 3327 1700 3404 eclipticam.

487 3417 633 3495 Adeoque
657 3433 766 3494 operae
798 3419 924 3495 pretinm
956 3437 1022 3480 esse
1050 3418 1171 3497 putavi,
1205 3435 1326 3478 monere
1349 3425 1380 3476 et
1404 3416 1499 3490 alios,
1530 3416 1555 3475 si
1580 3413 1629 3495 qni
1653 3416 1757 3477 forsan

401 3504 454 3566 hoc
478 3506 606 3587 pelagus
629 3504 823 3582 navigabunt,
849 3515 881 3566 ut
904 3507 941 3567 ab
965 3508 1021 3567 hoc
1045 3507 1167 3585 scopulo
1191 3513 1329 3567 caveant.

488 3592 615 3654 Notabit
638 3593 730 3672 igitur
754 3593 921 3672 hujusmodi
945 3596 1067 3674 aliquis,
1093 3595 1186 3673 primo
1210 3594 1417 3656 Ptolemaeum
1447 3590 1498 3654 lib.
1525 3592 1581 3652 VI.
1606 3589 1756 3669 capitibus

402 3681 513 3743 ultimis
537 3690 641 3759 aperte
666 3682 782 3754 testari,
808 3702 840 3743 se
856 3684 1072 3763 praecisionem
1096 3702 1243 3744 summam
1257 3683 1314 3742 hoc
1332 3680 1453 3757 negotio
1469 3699 1527 3740 non
1546 3688 1754 3757 sequuturum:

401 3790 490 3850 qnare
527 3770 618 3830 etiam
653 3769 861 3832 inclinationes
892 3773 948 3833 has
981 3780 1135 3833 ventorum
1167 3772 1267 3851 plagis
1300 3786 1358 3829 non
1397 3767 1572 3847 exquisitius
1606 3766 1755 3826 notandas

401 3858 526 3920 censnit.
573 3858 761 3919 Reinholdus
785 3879 870 3931 vero,
895 3880 980 3940 quern
1005 3861 1145 3938 Maginus
1170 3867 1291 3921 secutos
1314 3864 1375 3929 est,
1401 3874 1459 3916 uon
1483 3856 1551 3916 ideo
1575 3855 1657 3916 visas
1681 3853 1756 3915 lati-

401 3948 520 4009 tudines
550 3946 655 4007 Lunae
689 3947 727 4006 ad
766 3948 882 4009 initium
913 3959 944 4009 et
981 3950 1068 4009 finem
1106 3948 1224 4027 prodit,
1265 3947 1335 4025 quia
1367 3944 1450 4005 visas
1487 3944 1640 4023 appellat3
1678 3942 1757 4022 quod

402 4036 562 4116 diligenter
585 4042 667 4095 nota.
713 4037 792 4098 Nam
826 4039 964 4117 exempla
996 4038 1150 4116 eclipsium
1174 4047 1205 4097 et
1234 4036 1332 4096 verior
1364 4034 1521 4094 methodus
1555 4030 1756 4112 computandi,

401 4126 494 4203 probl.
521 4122 574 4186 25.
600 4125 771 4202 proposita,
798 4134 829 4185 et
851 4126 916 4204 ipse
939 4124 1105 4186 Ptolemaei
1129 4125 1282 4186 discursus
1310 4141 1400 4201 anper
1428 4122 1592 4184 variatione
1620 4120 1757 4200 paralla-

401 4214 478 4274 xinm
494 4212 670 4275 reclamant.
710 4213 855 4273 Tabulam
879 4214 1048 4275 latitudinis
1063 4215 1167 4274 Lunae
1183 4214 1369 4274 Reinholdus
1391 4211 1558 4289 ingreditur
1571 4227 1625 4288 per
1644 4220 1759 4270 motum

402 4303 523 4374 Lunae,
558 4308 778 4379 competentem
810 4302 956 4381 scrupulis
982 4312 1013 4363 et
1036 4303 1170 4364 articulis
1203 4302 1383 4363 incidentiae
1407 4307 1439 4359 et
1462 4298 1654 4360 emersionis:
1688 4296 1759 4357 inde

402 4391 533 4451 affirmat
556 4408 589 4449 se
614 4390 696 4450 visas
721 4390 831 4451 referre
856 4391 1042 4452 latitudines.
1081 4393 1125 4452 At
1148 4392 1202 4452 illa
1225 4389 1393 4451 latitudiuis
1416 4387 1521 4447 tabula
1545 4405 1582 4447 ex
1606 4383 1759 4447 constanti

403 4479 510 4557 angulo
535 4476 574 4539 5ο
597 4486 645 4538 est
670 4486 818 4538 extructa.
866 4477 1030 4558 Oporteret
1062 4480 1154 4558 igitur
1179 4478 1346 4540 latitudinis
1376 4476 1546 4557 parallaxin
1571 4495 1590 4535 a
1613 4471 1759 4554 principio

403 4568 437 4627 ad
462 4568 550 4628 finem
576 4565 649 4626 nihil
680 4565 808 4637 variari,
841 4567 867 4626 si
891 4586 960 4628 vere
989 4568 1108 4646 excerpi
1141 4577 1267 4646 possent
1297 4567 1379 4626 visae
1411 4564 1585 4626 latitudines
1618 4558 1759 4623 methodo

403 4652 573 4717 Reinholdi.
620 4655 664 4715 At
690 4654 883 4715 Ptolemaeus
913 4655 977 4733 ipse
1010 4656 1140 4717 affirmat
1168 4666 1200 4716 et
1232 4655 1353 4715 tabulae
1385 4661 1556 4726 testantur,
1591 4646 1760 4712 latitudinis
1843 4654 1846 4658 ’

404 4744 575 4820 parallaxes
599 4760 657 4803 non
683 4742 873 4803 mediocriter
896 4744 934 4804 ad
958 4744 1057 4804 omnia
1081 4755 1233 4804 momenta
1255 4742 1373 4804 mutari.
1410 4742 1479 4803 Non
1503 4749 1552 4802 est
1575 4757 1646 4817 ergo
1669 4738 1759 4816 plane

404 4831 465 4892 visa
490 4830 634 4903 latitudo,
670 4831 723 4890 sed
753 4832 838 4909 qnasi
862 4832 943 4906 visa,
977 4850 1053 4911 qnae
1076 4851 1130 4911 per
1160 4840 1353 4911 praeceptum
1377 4826 1429 4892 64.
1455 4828 1633 4907 excerpitur.
1681 4826 1760 4887 Nam

405 4909 562 4981 adhib'etur
586 4918 704 4997 quidem
733 4920 899 4996 parallaxis
929 4920 1097 4982 latitudinis
1106 4936 1115 4998 3
1145 4930 1177 4981 at
1201 4940 1238 4981 ea
1260 4938 1318 4980 non
1346 4919 1469 4997 propria
1492 4918 1545 4979 sed
1573 4912 1762 4976 translatitia

406 5025 438 5066 ex
461 5007 561 5069 medio
586 5007 625 5066 ad
650 5007 844 5085 deliquiornm
870 5009 1033 5069 terminos:
1066 5028 1121 5068 nec
1145 5010 1267 5070 schema
1300 5009 1448 5087 eclipseos
1480 5006 1641 5067 secundum
1668 5018 1759 5083 prae·

405 5106 519 5173 ceptum
545 5093 598 5157 65.
624 5095 850 5157 Prnteuicarum
880 5116 982 5157 verum
1016 5097 1173 5173 extruitur,
1205 5097 1259 5158 sed
1282 5115 1376 5176 prope
1398 5114 1512 5157 verum.
1561 5093 1761 5174 Utplurimnrn
