4584 6192
563 618 628 699 m
1032 620 1223 697 l'srdlpomeua
1239 633 1266 683 in
1283 619 1450 683 Vitellioneut.

562 819 595 874 ut
618 831 721 874 omnes
753 810 937 873 radiationes
961 818 1031 888 post
1063 808 1222 887 sphaeram
1256 809 1373 871 demum
1401 829 1467 873 enm
1495 828 1552 870 axe
1582 814 1709 871 coeant:
1742 818 1814 872 tunc
1842 807 1918 872 haec

562 900 639 962 ratio
663 900 843 979 duplicatur,
868 898 937 979 quia
955 916 1009 976 per
1022 897 1062 971 X,
1079 893 1110 959 9.
1133 897 1308 960 Vitellionis
1331 898 1522 960 retractionis
1544 897 1647 977 anguli
1670 898 1814 979 aequales
1834 908 1916 974 sont,

561 989 626 1051 sive
650 989 688 1050 ab
713 1008 792 1068 aqua
815 989 843 1050 in
869 994 981 1058 adrem,
1008 986 1072 1047 sive
1096 985 1133 1046 ab
1158 985 1214 1047 hoc
1237 986 1266 1047 iu
1291 1004 1401 1065 aquam
1425 987 1475 1048 lux
1504 986 1609 1048 eadem
1637 986 1719 1048 linea
1745 988 1916 1067 perveniat.

648 1077 785 1157 Denique
809 1076 878 1156 quia
905 1074 1103 1136 retractiones
1127 1092 1186 1135 non
1211 1082 1282 1137 sunt
1308 1075 1548 1155 proportionales
1577 1075 1695 1153 angulis
1722 1075 1916 1151 incidentiae,

562 1166 616 1227 sed
640 1165 734 1226 multo
757 1166 886 1245 maj0res
910 1163 1012 1243 anguli
1039 1162 1252 1224 refractionem
1275 1164 1307 1225 iu
1330 1164 1397 1243 plus
1422 1163 1588 1237 inclinatis,
1614 1181 1703 1244 quam
1727 1164 1785 1225 fert
1809 1165 1917 1227 modus

559 1252 763 1316 incidentiae:
789 1272 859 1332 ergo
883 1271 1000 1315 rursum
1024 1270 1103 1312 nova
1126 1270 1219 1313 causa
1242 1253 1374 1328 accedit,
1400 1272 1476 1333 quae
1499 1252 1684 1315 radiationes
1707 1253 1776 1333 plus
1801 1273 1820 1314 a
1842 1273 1912 1333 per-

559 1342 744 1422 pendiculari
768 1342 917 1403 distantes
939 1340 1062 1421 propius
1086 1358 1175 1419 quam
1199 1350 1291 1401 antea
1309 1360 1375 1403 cum
1392 1359 1449 1402 axe
1473 1340 1609 1419 colligat,
1632 1341 1820 1403 radiationes
1843 1361 1916 1404 vero

558 1431 711 1512 propiores
735 1430 783 1493 ari
806 1430 925 1509 longius
949 1449 968 1490 a
990 1429 1120 1509 sphaera
1142 1448 1232 1509 quam
1255 1437 1347 1491 antea
1370 1448 1435 1491 cnm
1459 1449 1515 1489 axe
1540 1430 1697 1491 convenire
1722 1430 1826 1494 iaciat.

647 1518 861 1599 Propositio
884 1518 926 1580 X.
972 1517 1142 1580 Problema.
1189 1519 1244 1579 Ad
1276 1527 1492 1597 susceptum
1525 1518 1710 1597 sphaerae
1741 1528 1915 1598 punctum

558 1607 798 1689 quodcunque
826 1607 963 1669 radium
997 1605 1157 1684 alicujus
1189 1606 1317 1685 puncti
1350 1606 1515 1668 lucentis
1543 1606 1597 1667 sic
1626 1608 1913 1683 accommodare,

556 1704 594 1757 nt
630 1696 821 1758 refractus
853 1714 921 1756 uon
958 1702 1155 1756 concurrat
1185 1713 1263 1755 cum
1294 1713 1361 1756 axe
1392 1714 1434 1756 ex
1471 1695 1643 1756 radiante
1680 1704 1814 1774 puncto
1847 1716 1914 1777 per

558 1784 762 1863 sphaeram
786 1785 910 1846 ducto.
957 1781 1147 1863 Suscipiatur
1169 1792 1310 1861 punctum
1324 1784 1355 1844 Η
1377 1789 1443 1857 (rig.
1463 1787 1510 1853 79)
1535 1791 1625 1844 etex
1643 1785 1672 1845 Η
1696 1792 1807 1864 agatur
1828 1794 1915 1847 recta

557 1891 748 1954 quaecunque
772 1892 829 1934 non
853 1890 908 1951 per
939 1879 1073 1933 centrum
1097 1872 1146 1944 A,
1178 1891 1285 1933 secans
1317 1871 1495 1951 sphaeram,
1521 1873 1621 1951 sitque
1643 1870 1723 1946 HG,
1754 1873 1793 1935 ad
1823 1891 1913 1953 quarn

555 1960 716 2023 inclinetur
729 1961 776 2022 HI
795 1961 905 2041 angulo
924 1961 1017 2040 justo,
1042 1967 1185 2040 quantum
1207 1960 1332 2041 requirit
1351 1960 1515 2022 incidentia
1532 1960 1657 2022 refracti
1672 1959 1732 2023 GH
1750 1961 1780 2022 in
1803 1980 1913 2041 super·

554 2048 651 2111 ficiem
675 2050 824 2130 sphaerae
848 2046 940 2128 (Cap.
956 2050 1012 2119 IV,
1028 2048 1068 2111 N.
1084 2043 1114 2110 6.
1131 2066 1176 2127 pr.
1193 2045 1239 2122 9).
1286 2047 1336 2111 Sit
1359 2048 1444 2123 lllG,
1468 2050 1522 2110 liat
1544 2050 1572 2111 ei
1595 2050 1732 2128 aequalis
1755 2048 1853 2124 HGL,
1878 2058 1912 2111 et

552 2137 611 2217 ipsi
636 2136 694 2200 GL
715 2137 863 2221 parallela
886 2146 995 2216 agatur
1016 2154 1071 2216 per
1088 2136 1119 2197 A
1143 2146 1278 2199 centrum
1302 2146 1386 2199 recta
1407 2138 1475 2211 DA,
1500 2157 1607 2199 secans
1627 2138 1672 2199 HI
1690 2138 1719 2199 in
1735 2138 1758 2199 l.
1795 2137 1872 2200 Dico
1894 2139 1910 2199 I

553 2234 694 2306 punctum
718 2226 865 2307 projicere
889 2226 1004 2288 radium
1023 2226 1052 2287 in
1071 2224 1100 2286 Η
1124 2235 1296 2306 susceptum
1318 2235 1470 2305 puuctum,
1494 2245 1538 2289 sc.
1558 2226 1613 2300 IH,
1637 2227 1687 2306 qui
1711 2226 1861 2288 refractus
1879 2228 1910 2288 in

553 2314 592 2384 Η,
618 2313 657 2390 G,
682 2334 740 2377 uon
773 2321 933 2377 concurrat
955 2333 1021 2376 cum
1043 2313 1113 2376 AD.
1160 2314 1387 2377 Demonstratio
1410 2321 1498 2394 patet
1524 2333 1563 2376 ex
1585 2315 1797 2391 antecedente,
1825 2316 1911 2396 eujus

553 2403 630 2467 haec
653 2412 701 2466 est
723 2400 926 2475 conversa.*)

642 2492 856 2573 Propositio
875 2491 932 2553 XI.
970 2490 1208 2571 Impossibile
1231 2500 1303 2565 eet,
1328 2492 1478 2553 eundern
1501 2491 1706 2555 refractum
1730 2491 1765 2552 in
1789 2491 1909 2554 medio

552 2600 624 2642 nou
665 2576 968 2653 densissimo**)
1007 2601 1025 2641 a
1061 2579 1227 2658 pluribus
1277 2599 1346 2641 una
1388 2580 1665 2642 radiationibus
1704 2600 1747 2643 ex
1783 2581 1909 2643 medio

554 2669 701 2732 rariore
739 2669 772 2729 in
811 2669 905 2730 idem
943 2676 1114 2748 punctum
1151 2668 1369 2748 superficiei
1403 2669 1588 2731 densioris
1623 2668 1909 2731 concidentibus

553 2755 786 2820 descendere.
832 2758 912 2820 Nam
936 2754 1026 2837 (cap.
1040 2756 1097 2830 IV,
1118 2757 1158 2819 N.
1174 2752 1205 2819 6.
1225 2776 1269 2837 pr.
1285 2754 1321 2831 8)
1345 2757 1390 2820 sic
1412 2757 1635 2820 constituuntur
1658 2758 1760 2837 anguli
1782 2758 1910 2819 retracti

554 2847 592 2908 ad
637 2865 740 2907 omnes
782 2846 1012 2909 inclinationes:
1053 2846 1180 2925 primum
1216 2846 1327 2908 crescit
1364 2846 1467 2927 aliqua
1505 2846 1604 2925 portio
1648 2846 1750 2926 anguli
1791 2846 1910 2908 refrae-

553 2934 646 2997 tionis
671 2954 736 2996 oum
761 2934 1021 3009 inclinationibus,
1052 2934 1178 3009 deinde,
1213 2935 1269 2997 hac
1291 2935 1429 3015 portione
1452 2934 1491 2996 ab
1512 2934 1708 2998 inclinatione
1740 2933 1908 3008 subtracta,

554 3023 667 3085 residui
691 3043 799 3085 secans
827 3023 991 3085 identidem
1019 3022 1201 3102 multiplicat
1222 3024 1400 3104 portionem.
1443 3021 1519 3086 Cum
1541 3042 1613 3104 ergo
1636 3025 1787 3085 elementa
1811 3041 1910 3104 quan-

552 3112 692 3175 titatibus
717 3113 858 3174 differant
880 3130 934 3191 per
957 3112 1095 3174 diversas
1117 3112 1342 3187 inclinationes,
1369 3112 1537 3192 composita
1566 3130 1681 3194 quoque
1704 3132 1758 3173 seu
1782 3113 1910 3191 angulos

551 3201 766 3264 refractionnm
790 3201 907 3263 differre
936 3220 1060 3263 necesse
1085 3208 1151 3263 est:
1182 3220 1273 3282 qnare
1301 3201 1488 3264 diversamm
1516 3201 1756 3274 inclinationum,
1780 3201 1837 3261 hoc
1861 3209 1911 3261 est

552 3290 739 3352 diversarum
754 3290 953 3352 radiationum
969 3290 1007 3351 ad
1023 3289 1103 3350 idem
1122 3290 1270 3353 densioris
1290 3290 1455 3371 superficiei
1469 3298 1621 3370 puuctum,
1645 3289 1766 3364 diversi,
1791 3308 1909 3369 nequa-

554 3398 641 3460 quam
664 3398 736 3441 vero
759 3379 848 3441 iidem
871 3388 942 3441 suut
964 3378 1098 3441 refracti.

640 3467 860 3547 Propositio
883 3468 958 3530 XII.
1005 3467 1119 3529 Radii
1143 3486 1163 3526 a
1186 3467 1349 3529 diversis
1373 3468 1416 3529 ad
1439 3466 1534 3529 idem
1558 3466 1750 3528 densioris
1774 3484 1908 3545 super-

551 3555 655 3619 ficiei
674 3565 848 3636 punctum
866 3556 1063 3617 venientes
1083 3564 1215 3617 secant
1234 3574 1318 3617 sese
1337 3556 1370 3618 io
1390 3557 1472 3630 illo,
1498 3564 1534 3616 et
1554 3554 1760 3634 superioris
1784 3555 1908 3616 radia-

550 3646 667 3707 tionis
702 3646 892 3709 refractus
926 3645 981 3706 fit·
1002 3645 1171 3706 inferior.
1223 3642 1311 3715 Quod
1344 3646 1369 3706 si
1399 3665 1479 3707 non:
1514 3663 1585 3723 ergo
1615 3644 1657 3705 sit
1685 3641 1743 3705 ΟΗ
1775 3648 1841 3718 (rig.
1862 3648 1908 3710 79)

552 3735 682 3796 radiatio
715 3735 850 3815 superior
882 3753 971 3815 quam
995 3734 1057 3806 IH,
1090 3734 1213 3814 ejusque
1241 3733 1391 3795 refractus
1414 3733 1488 3805 ΗΡ,
1519 3734 1569 3812 qui
1599 3733 1628 3794 in
1651 3731 1713 3794 HG
1736 3743 1908 3812 competere

550 3842 609 3885 non
632 3831 736 3902 potest
759 3843 813 3904 per
836 3824 1043 3903 praemissam.
1091 3821 1138 3884 Sit
1168 3840 1238 3901 ergo
1271 3823 1406 3902 superior
1437 3822 1529 3883 etiam
1551 3822 1608 3882 ΗΡ
1636 3840 1723 3901 quam
1751 3820 1833 3892 HG,
1864 3822 1908 3882 sie

551 3921 585 3975 ut
606 3912 652 3974 IH
675 3914 706 3975 in
729 3910 791 3974 HG
814 3912 996 3991 refringatur
1018 3920 1051 3973 et
1074 3910 1131 3972 ΟΗ
1156 3910 1184 3971 in
1208 3911 1274 3972 ΗΡ.
1313 3909 1512 3974 continuetur
1534 3910 1627 3971 etiam
1650 3910 1908 3989 perpendicularis

550 4002 746 4083 sliquousque
771 4002 799 4063 in
824 3999 863 4071 Q.
912 4000 1036 4062 Certum
1060 4000 1138 4061 euim
1162 4006 1212 4061 est
1234 3997 1303 4074 QH,
1332 4001 1401 4062 dum
1430 4000 1513 4061 subit
1540 4018 1658 4080 aquam,
1684 4018 1742 4060 noo
1772 3999 1908 4078 refringi,

550 4092 605 4152 sed
630 4090 794 4154 concedere
818 4091 848 4151 in
872 4090 943 4152 ΗΑ.
989 4088 1070 4168 Ergo
1100 4089 1169 4149 dum
1192 4086 1251 4158 QH
1284 4088 1474 4150 inclinatione
1505 4088 1589 4149 facta
1618 4087 1757 4166 pervenit
1784 4088 1814 4149 in
1839 4086 1906 4162 ΟΗ,

550 4179 600 4258 qui
624 4180 678 4240 sub
704 4198 782 4258 aqua
804 4179 865 4241 HA
888 4178 1027 4258 pervenit
1048 4177 1078 4237 iu
1102 4178 1167 4238 ΗΡ.
1213 4176 1296 4256 Ergo
1319 4178 1373 4239 illa
1400 4177 1509 4239 alicubi
1536 4178 1615 4238 iuter
1639 4174 1677 4247 Q,
1702 4174 1730 4237 0
1754 4186 1908 4250 versante,

549 4266 626 4328 haec
649 4267 728 4329 inter
752 4270 791 4340 A,
816 4267 841 4329 P
865 4266 1044 4339 versabitur,
1068 4273 1101 4326 et
1118 4265 1146 4327 iu
1164 4263 1224 4326 HG
1248 4276 1408 4346 competet.
1446 4267 1534 4328 Prius
1558 4273 1659 4327 autem
1674 4264 1735 4328 HG
1757 4267 1908 4328 refractus

550 4362 617 4417 erat
640 4354 734 4435 ipsius
757 4356 804 4419 IH
826 4355 975 4419 inferioris
999 4373 1087 4435 quam
1107 4352 1176 4429 OH,
1196 4354 1261 4433 jam
1286 4356 1411 4436 alicujus
1434 4354 1596 4434 superioris
1620 4372 1710 4434 quam
1734 4352 1803 4431 ΟΗ,
1829 4355 1908 4438 qnod

637 4595 661 4663 ‘l
685 4596 894 4652 Demonstratio
923 4595 1006 4667 hujus
1029 4596 1163 4651 facillima
1183 4605 1235 4651 est.
1277 4596 1347 4651 Nam
1368 4597 1430 4661 GL,
1456 4598 1509 4651 AD
1539 4603 1605 4651 sunt
1629 4596 1760 4667 paralleli
1780 4614 1819 4651 ex
1844 4616 1908 4652 con·

548 4677 708 4733 structione.
749 4678 810 4731 Non
832 4678 919 4748 igitur
944 4684 1110 4732 concurrunt
1129 4695 1181 4747 per
1207 4677 1392 4731 definitionem
1420 4678 1628 4747 parallelorum.
1670 4678 1784 4732 Nullum
1812 4677 1909 4749 itaque

547 4758 640 4812 estin
661 4764 721 4812 toto
742 4756 796 4810 NH
817 4774 882 4812 areu
904 4766 1045 4828 punctum,
1068 4757 1110 4811 eui
1131 4775 1187 4811 non
1208 4756 1245 4810 sit
1265 4773 1317 4812 sua
1336 4753 1529 4833 ἆσυμπτωτος.

636 4835 676 4904 ”l
698 4838 769 4891 Nam
784 4836 811 4890 in
826 4838 985 4892 densissimo
1000 4855 1092 4892 omnes
1113 4837 1283 4891 radiationes
1298 4855 1335 4892 ex
1350 4846 1409 4892 toto
1428 4838 1632 4909 hemisphaerio
1647 4838 1675 4892 in
1689 4837 1759 4891 idern
1774 4845 1906 4907 punctum

546 4916 692 4989 ingressae
716 4915 908 4987 restinguatur
929 4920 964 4971 ad
992 4924 1116 4971 centrum
1140 4932 1192 4985 per
1212 4915 1314 4971 lineam
1339 4935 1435 4983 unam,
1457 4925 1489 4971 ut
1510 4935 1595 4988 supra
1615 4913 1691 4988 (cap.
1713 4918 1761 4982 Ν,
1784 4916 1815 4982 3)
1838 4917 1905 4972 indi·

546 5006 645 5061 catum,
668 4998 737 5067 Gap.
761 4998 808 5061 tv,
829 4998 862 5051 N.
886 4999 912 5053 6.
935 5015 1014 5068 prop.
1038 4996 1065 5050 l.
1095 4998 1329 5063 demonstratum,
1361 5005 1392 5053 et
1411 4998 1486 5053 infra
1507 4997 1586 5068 (Cap.
1607 4999 1655 5055 Vi.
1682 4999 1748 5053 Nro.
1773 4992 1805 5068 1)
1826 5014 1904 5053 usur·

545 5083 642 5147 patum
662 5076 793 5132 invenies.
