4584 6192
724 5101 750 5129 ⁹

706 5145 842 5257 ,0

838 5407 842 5411 ’
874 5403 909 5456 ἔ

1134 587 1266 664 ¹114
2082 583 2873 652 nomisma-‚mus

1132 766 1466 834 chritndine
1511 774 1579 830 et
1618 766 2013 846 congruentia
2054 764 2251 848 hujus,
2299 783 2474 846 quem
2521 762 2746 840 dicunt,
2793 782 2974 827 casus
3009 781 3120 827 nec
3155 761 3274 846 ipsi
3315 768 3684 828 moveantur
3723 779 3830 826 nec

1132 849 1291 924 alica
1334 855 1627 940 delectari
1668 854 1997 938 patiantur.

1309 943 1437 1010 Sed
1463 964 1579 1009 non
1606 944 1722 1007 hoc
1766 943 2111 1025 agebamus,
2157 950 2225 1005 ut
2250 939 2749 1024 pulchritudinem
2786 960 2968 1004 casus
3003 941 3580 1015 commendaremus,
3629 957 3832 1002 verum
3883 982 3888 986 -

1136 1043 1207 1100 nt
1246 1035 1445 1118 ipsum
1507 1052 1715 1098 casum
1776 1039 2203 1096 averteremus.
2290 1032 2506 1114 Itaque
2557 1030 2720 1112 quod
2763 1029 2888 1094 dixi
2943 1049 3062 1094 non
3093 1049 3254 1098 ‚esse
3315 1037 3587 1104 certum,
3653 1027 3832 1090 etiam

1138 1123 1502 1190 aeternitate
1546 1141 1857 1198 concessa,
1902 1129 1971 1186 ut
2007 1140 2209 1184 eorum
2256 1140 2408 1203 quae
2435 1119 2654 1183 cadere
2697 1128 2952 1199 possunt
2995 1119 3198 1184 omnia
3239 1117 3606 1194 cadant‚,id
3649 1117 3832 1180 multo

1136 1213 1394 1280 maxime
1436 1221 1579 1276 tunc
1622 1218 1893 1293 apparet,
1940 1230 2075 1274 cum
2108 1209 2274 1273 hisce
2322 1209 2618 1272 lusoribus
2663 1208 3137 1289 multiplicantur
3169 1229 3282 1273 sua
3323 1204 3700 1290 projectilia.
3767 1205 3834 1268 In

1136 1301 1391 1370 tesseris
1431 1299 1675 1372 usitatis
1712 1319 1839 1382 ‚non
1884 1308 1982 1364 est
2023 1299 2257 1373 mirum,
2302 1298 2502 1361 omnia
2543 1295 2883 1379 promiscue
2927 1297 3146 1364 cadere
3191 1296 3398 1362 brevi:
3447 1295 3638 1362 binae
3683 1295 3836 1358 enim

1134 1409 1273 1456 ease
1318 1391 1537 1466 solent,
1580 1389 1857 1470 singulae
1901 1408 2012 1452 sex
2053 1389 2348 1452 laterum:
2395 1387 2598 1469 itaque
2642 1405 2888 1450 casuum
2933 1389 3158 1452 formae
3202 1407 3319 1451 non
3362 1385 3576 1470 plnres
3623 1383 3836 1468 viginti

1134 1488 1203 1546 et
1234 1498 1373 1556 una.
1446 1477 1599 1544 Cum
1626 1495 1771 1542 vero
1797 1478 1973 1559 plura
1996 1477 2416 1540 adsciscuntur
2449 1475 2811 1557 projectilia.
2846 1496 3096 1542 casuum
3129 1477 3354 1540 formae
3381 1476 3444 1540 in
3473 1473 3834 1538 immensum

1066 1559 1081 1574 '
1134 1577 1432 1652 angentiir
1446 1616 1467 1646 ,
1508 1563 1833 1648 ‚multoque
1878 1567 2135 1630 maxime
2179 1565 2241 1629 in
2286 1563 2762 1630 consideratione
2807 1584 3004 1630 rerum
3058 1566 3418 1632 naturalium
3439 1611 3458 1640 ‚
3505 1564 3576 1628 in
3623 1561 3836 1646 quibua

955 4927 1062 4955 fi.-

1065 5215 1134 5246 0

1038 5272 1087 5348 μ’

935 5364 1067 5443 ,ᾗ

1134 1657 1275 1740 ipsa
1318 1658 1501 1722 etiam
1544 1665 1821 1736 tempora
1862 1657 2049 1738 (quae
2072 1655 2209 1737 ,quis
2244 1656 2452 1736 cupiat
2495 1653 2854 1732 adsciscere,
2903 1662 2975 1718 ut
2997 1655 3086 1718 sit
3121 1655 3406 1738 spatium.
3453 1672 3580 1736 quo
3617 1651 3834 1716 cadere

1135 1746 1379 1828 possint
1420 1746 1681 1822 omnia).
1722 1763 1797 1816 βο
1839 1745 1992 1826 ipsis
2036 1753 2263 1825 augent
2304 1763 2610 1807 numerum
2659 1742 3082 1826 projectilium.
3143 1745 3273 1808 ·1ta
3323 1761 3637 1824 nunqnam
3685 1738 3836 1804 satis

1132 1843 1343 1920 potest
1392 1834 1585 1918 accipi
1642 1832 1959 1914 temporis,
2018 1841 2089 1898 nt
2131 1834 2334 1896 omnia
2393 1833 2654 1907 cadant:
2717 1833 2917 1897 brevis
2961 1841 3060 1896 est
3113 1833 3307 1897 omnis
3369 1831 3720 1896 aeternitas
3763 1829 3834 1912 ad

1136 1943 1385 1992 casuum
1435 1922 1812 2006 possibilium
1863 1921 2344 2000 multitudinem:
2407 1919 2584 2006 quia',
2641 1940 2758 2006 quo
2801 1921 2954 1987 haec
2999 1923 3232 2003 longior
3250 1969 3269 1998 ‚
3321 1921 3438 1985 hoc
3483 1919 3584 1984 illi
3631 1919 3834 2002 plures

1134 2003 1383 2078 infinitis
1425 2012 1691 2089 vicibus:
1734 2014 1944 2084 Πωος
1984 2033 2145 2090 nom
2184 2032 2368 2076 novor
2409 2033 2592 2094 φεροι.
2665 2011 2826 2075 Vide
2871 2013 3011 2095 quid
3057 2021 3266 2112 svnt,
3310 2011 3413 2094 qui
3459 2027 3624 2092 quae
3671 2007 3834 2072 ordi·

1134 2111 1279 2180 nate
1332 2100 1619 2166 eveniunt
1672 2103 1840 2166 casui
1900 2101 2205 2166 tribuunt:
2265 2101 2476 2183 paucis
2537 2099 2848 2183 principiis
2904 2099 3056 2166 nihil
3115 2100 3412 2177 efficiunt,
3477 2106 3553 2162 ιιι
3594 2096 3664 2162 in
3707 2115 3832 2162 meo

1134 2191 1411 2274 exemplo
1456 2191 1539 2254 ad
1580 2190 1908 2255 acetarinm
1943 2209 2061 2260 non
2105 2191 2333 2255 sufficit
2371 2189 2583 2272 patina
2604 2198 2672 2254 et
2697 2190 2966 2254 lactuca:
3011 2190 3308 2274 principia
3348 2208 3498 2254 vero
3535 2189 3594 2252 si
3631 2185 3831 2252 multi·

1134 2281 1397 2364 plicent,
1458 2279 1841 2346 aeternitatis
1902 2298 2049 2344 snae
2092 2280 2213 2342 vim
2258 2298 2492 2342 omnem
2537 2279 2772 2343 infinita
2823 2299 3072 2344 casuum
3123 2277 3548 2355 multitudine,
3603 2294 3832 2342 omnem

1136 2368 1559 2436 aeternitatem
1604 2375 2053 2450 praecurrente,
2110 2368 2378 2432 eludunt.
2467 2368 2742 2450 Denique
2787 2369 2840 2432 si
2885 2389 3066 2433 casus
3109 2367 3240 2444 ille,
3287 2369 3464 2450 cujus
3509 2367 3576 2430 vi
3617 2373 3832 2450 putant

1136 2457 1295 2524 effici
1336 2457 1739 2542 pulcherrima
1780 2468 1844 2521 et
1870 2457 2320 2522 ordinatissima
2365 2477 2652 2540 quaeque,
2698 2458 2788 2521 sic
2814 2466 2917 2523 est
2949 2465 3332 2540 comparatus
3369 2464 3440 2521 ut
3466 2463 3834 2520 tesserarum

1128 2548 1369 2632 iactus:
1414 2547 1731 2630 improvidi
1758 2555 1935 2624 sung.
1966 2546 2067 2630 qui
2094 2547 2207 2610 hos
2233 2547 2413 2629 plane
2459 2547 2763 2624 fortuitos,
2809 2547 2922 2612 hoc
2949 2557 3050 2612 est
3079 2547 3376 2620 ἇναιαονς
3407 2565 3554 2610 esse
3581 2551 3827 2628 putant:

1130 2637 1237 2724 ‘sin
1272 2645 1475 2700 autem
1514 2657 1689 2704 suum
1724 2653 1931 2700 casnm
1966 2635 2127 2700 omni
2172 2655 2360 2700 causa
2395 2635 2655 2717 privant,
2701 2640 2960 2702 nondum
2998 2638 3128 2724 ejus
3166 2635 3510 2717 exemplum
3555 2635 3830 2698 dixerunt

1128 2726 1201 2810 ,h
1246 2724 1518 2790 tesseris.
1610 2723 1813 2800 Quare
1859 2726 1973 2789 hoc
2006 2725 2181 2805 jactu
2218 2725 2430 2788 Venus
2473 2724 2712 2797 cecidit.
2757 2726 2862 2790 illo
2907 2726 3123 2790 canis?
3165 2725 3466 2790 Nimirum
3511 2725 3688 2788 lusor
3728 2721 3828 2786 hac

1136 2815 1271 2896 vice
1314 2815 1627 2880 tessellam
1662 2815 1784 2878 alio
1810 2815 2003 2878 latere
2046 2813 2317 2896 arripnit,
2365 2813 2544 2878 aliter
2580 2835 2757 2879 manu
2802 2815 3086 2891 condidit,
3135 2815 3314 2880 aliter
3339 2814 3510 2878 intus
3553 2805 3825 2896 agitavit.

1138 2891 1260 2968 alio
1303 2904 1527 2987 impetu
1574 2903 1756 2968 animi
1799 2923 2085 2968 manusve
2128 2903 2422 2986 projecit,
2479 2904 2659 2968 aliter
2697 2905 3034 2970 interflavit
3083 2905 3268 2978 au'ra,
3321 2902 3448 2968 alio
3495 2904 3640 2966 loco
3685 2898 3826 2964 alvei

1136 2991 1411 3076 impegit.
1476 2993 1651 3058 Nihil
1694 2993 1792 3058 hic
1820 3002 1937 3071 est,
1986 2993 2143 3075 quod
2186 3012 2300 3056 sua
2341 3012 2530 3057 causa
2571 2995 2848 3072 caruerit,
2895 2995 2950 3057 si
2979 2996 3122 3079 quis.
3158 2995 3281 3058 ista
3323 2992 3586 3058 subtilia
3627 2997 3825 3074 posset

1136 3083 1495 3148 consectari.
1567 3083 1703 3147 Hoc
1746 3083 1925 3158 modo
1968 3082 2025 3146 si
2056 3077 2243 3145 e'tiam
2286 3082 2502 3152 stellae
2546 3091 2790 3146 nostrae
2834 3102 2978 3148 suas
3021 3085 3086 3148 in
3121 3092 3338 3148 natura
3371 3102 3607 3148 causas
3651 3080 3822 3146 relin-

1136 3169 1343 3256 qnant,
1387 3191 1495 3238 cur
1535 3171 1653 3236 hoc
1694 3179 1986 3254 tempore,
2029 3172 2143 3235 hoc
2188 3170 2321 3235 loco
2364 3171 2688 3248 effulserit,
2743 3172 2887 3237 licet
2939 3181 3258 3256 separatas
3303 3172 3382 3236 ab
3429 3172 3575 3253 ipso
3621 3171 3821 3254 planc-

1134 3259 1335 3330 urum
1390 3279 1756 3342 congressu:
1816 3261 1949 3344 jam
2017 3260 2202 3342 igitur
2272 3262 2728 3344 transfugerunt
2786 3262 2865 3326 ab
2921 3261 3182 3346 Epicuro
3244 3262 3327 3325 ad
3385 3261 3820 3330 Aristotelen:

1136 3349 1343 3434 itaque
1388 3350 1569 3416 aliter
1611 3349 1801 3414 etiam
1842 3369 1979 3414 cum
2020 3343 2127 3414 illo
2170 3350 2477 3414 tractandi
2519 3360 2708 3432 sunt..¹
3029 3423 3036 3428 ,

1311 3439 1623 3506 Hactenus
1669 3439 1824 3502 enim
1881 3438 2141 3503 refutavi
2187 3440 2406 3504 tertiae
2460 3439 2753 3521 opinionis
2798 3459 2930 3504 eam
2974 3449 3241 3522 partem,
3297 3460 3455 3523 quae
3503 3462 3722 3507 casum
3749 3460 3823 3510 ,ex

1134 3527 1381 3614 Epicuri
1426 3527 1734 3594 sententia
1779 3528 2121 3592 definiebat.
2194 3527 2373 3601 Quod
2401 3548 2541 3593 vero
2579 3530 2836 3593 alteram
2869 3539 3106 3611 partem
3144 3530 3387 3605 attinet,
3440 3551 3607 3614 quae
3641 3550 3822 3595 casnm

1137 3639 1255 3683 non
1319 3640 1358 3682 a
1418 3619 1657 3682 defectu
1721 3620 1979 3682 omnium
2040 3638 2354 3681 causarum
2374 3668 2389 3695 ,
2463 3618 2571 3682 sed
2636 3640 2675 3682 a
2731 3639 3019 3683 concursu
3084 3628 3406 3684 eventuum
3473 3622 3820 3704 descripsit:

1138 3707 1414 3792 equidem
1458 3708 1612 3771 talia
1632 3707 2057 3796 ·superioribus
2102 3708 2333 3789 aliquot
2375 3709 2674 3789 capitibus
2720 3710 3033 3789 disputata
3075 3718 3248 3773 sunt:
3311 3718 3381 3774 ιιι
3425 3711 3641 3793 posito
3687 3710 3825 3793 quod

1137 3798 1322 3861 stella
1365 3797 1450 3861 sit
1492 3805 1746 3860 naturae
1792 3817 1971 3878 opus,
2034 3797 2124 3860 illi
2168 3798 2503 3862 sententiae
2549 3798 2664 3860 hoc
2709 3797 2892 3861 etiam
2935 3798 2996 3860 in
3042 3799 3314 3881 exemplo
3382 3801 3824 3883 subscripturus

1138 3887 1348 3950 fuerim
1393 3886 1523 3949 sine
1570 3888 1944 3968 exceptione,
1991 3886 2045 3949 si
2090 3887 2255 3949 sidus
2300 3887 2413 3949 hoc
2459 3906 2675 3950 novum
2720 3888 2912 3950 solum
2956 3895 3191 3969 tempus
3232 3908 3497 3969 magnae
3549 3892 3823 3973 coujunc-

1138 3975 1321 4040 tionis
1366 3985 1743 4057 occupasset.
1818 3977 1913 4040 At
1956 3976 2097 4057 quia
2138 3975 2314 4038 simul
2361 3984 2426 4039 et
2468 3976 2663 4039 locum
2710 3977 3026 4059 occupavit
3069 3978 3264 4060 quoad
3310 3979 3537 4058 visum,
3591 3979 3825 4044 eandem

1136 4065 1201 4130 in
1244 4084 1537 4146 suspenso
1582 4064 1915 4147 relinquere
1960 4084 2161 4145 cogor,
2208 4073 2405 4128 utrum
2449 4075 2665 4129 natura
2707 4066 2845 4147 ipsa
2887 4067 3042 4130 coeli
3087 4066 3292 4130 extimi
3338 4068 3433 4131 ita
3479 4076 3825 4152 comparata

1138 4154 1338 4231 fuerit,
1386 4163 1455 4218 ut
1496 4155 1610 4217 hoc
1654 4154 2036 4236 potissimum
2080 4162 2348 4235 tempore
2395 4162 2459 4217 et
2501 4156 2632 4218 loco
2679 4157 2920 4219 stellam
2966 4176 3180 4220 novam
3225 4158 3476 4221 ederet:
3539 4180 3622 4224 an
3667 4156 3826 4222 simul

1140 4243 1321 4307 etiam
1362 4263 1497 4306 cum
1542 4244 2042 4325 conjecturalibus
2072 4243 2211 4320 illis,
2260 4242 2472 4326 quibus
2508 4247 2773 4308 secunda
2807 4247 3011 4327 placet
3045 4246 3371 4321 sententia,
3421 4267 3624 4313 cansa
3657 4267 3826 4330 prae-

1138 4341 1311 4397 terea
1366 4341 1535 4397 certa
1594 4334 1783 4414 ipsius
1839 4334 2021 4396 etiam
2078 4352 2400 4396 concursus
2457 4335 2543 4398 sit
2595 4336 3036 4416 investiganda.
3128 4336 3338 4400 Tertia
3382 4355 3653 4422 namque
3695 4356 3827 4402 aen-

1136 4423 1335 4486 tentia
1376 4422 1649 4508 singulas
1694 4442 1793 4486 res
1846 4421 2099 4485 seorsim
2143 4442 2220 4484 ex
2263 4422 2389 4486 suis
2436 4424 2685 4487 deduxit
2728 4425 2959 4498 causis,
3014 4444 3406 4506 congressum
3451 4429 3828 4508 planetarum

1140 4532 1219 4578 ox
1260 4512 1657 4588 astronomia,
1719 4518 1911 4574 ortum
1958 4511 2173 4575 sideris
2218 4531 2294 4573 ex
2337 4512 2606 4595 physica.
2700 4512 2983 4577 Secunda
3025 4534 3170 4577 vero
3232 4534 3602 4581 concursum
3645 4518 3828 4600 ipsum

1138 4621 1337 4666 rerum
1378 4603 1591 4665 harum
1636 4601 2003 4664 diversarum
2048 4601 2107 4664 in
2157 4602 2286 4664 loco
2333 4612 2399 4666 et
2441 4612 2707 4684 tempore
2752 4603 3085 4674 vindicavit
3140 4624 3336 4667 novae
3379 4606 3576 4671 alicui
3621 4622 3829 4671 causae

1140 4690 1551 4774 procuratrici.
1590 4707 1599 4716 ·
1640 4691 1728 4754 Et
1771 4692 1912 4772 quia
1954 4691 2136 4754 tertia
2180 4691 2378 4771 opinio
2425 4691 2626 4754 deficit
2669 4691 2729 4755 in
2776 4712 2961 4756 causa
3005 4694 3362 4758 invenienda
3405 4697 3692 4777 speciali,
3737 4711 3828 4758 cur

1139 4782 1203 4844 in
1246 4781 1359 4844 hoc
1404 4781 1536 4844 loco
1592 4776 1704 4843 18⁰
1745 4786 1836 4853 ί,
1891 4798 2001 4862 cur
2040 4780 2186 4844 item
2231 4781 2345 4844 hoc
2391 4788 2686 4861 tempore,
2749 4783 2879 4847 scil.
2927 4802 3081 4845 anno
3135 4779 3324 4848 1604.
3397 4783 3510 4850 10.
3556 4784 3828 4850 Octobris

1141 4868 1397 4947 oriretur
1440 4887 1655 4931 novum
1700 4868 1906 4952 sidus:
1954 4870 2071 4933 etsi
2120 4871 2322 4932 forsan
2369 4869 2572 4950 aliqua
2616 4891 2752 4934 esse
2794 4879 3019 4953 potest,
3068 4880 3274 4936 tamen
3318 4873 3468 4956 quia
3514 4876 3696 4939 nobis
3735 4874 3828 4938 illa

1143 4963 1399 5031 occulta,
1445 4958 1641 5039 magis
1676 4956 1858 5039 igitur
1893 4958 2110 5022 inclino
2148 4959 2227 5022 ad
2264 4959 2600 5039 opinionem
2646 4962 2986 5037 secundam,
3035 4971 3102 5024 ιιι
3129 4962 3347 5039 dicam,
3395 4963 3825 5048 inquirendum,

1139 5063 1263 5135 qua.
1307 5047 1535 5111 ratione
1590 5047 1841 5125 factum,
1906 5055 1974 5112 ut
2016 5067 2375 5129 congressus
2418 5048 2536 5110 iste
2594 5051 3004 5134 planetarum,
3069 5052 3170 5133 qui
3228 5053 3434 5115 factus
3484 5063 3586 5118 est
3629 5053 3825 5118 eodem

1136 5130 1279 5219 flues
1327 5147 1389 5199 et
1431 5144 1727 5217 tempore,
1784 5153 1917 5201 cnm
1959 5155 2068 5218 per
2118 5137 2410 5201 usitatam'
2453 5146 2706 5203 naturae
2757 5140 2921 5204 viam
2965 5142 3066 5217 (ut
3109 5142 3170 5205 in
3214 5142 3451 5222 primae
3499 5142 3821 5208 sententiae
