4584 6192
564 614 630 682 sio
821 662 826 672 .
1177 612 1304 677 norece

651 792 720 855 Non
745 799 792 851 est
817 791 893 851 enim
917 809 1024 851 sensus
1048 789 1237 852 instrumenti
1263 790 1291 849 io
1320 809 1410 850 sensu
1434 790 1600 863 communi,
1635 796 1784 869 quatenus
1808 790 1924 851 nodum

563 882 803 945 instrumentum.
851 881 914 940 Aut
937 879 961 939 si
986 886 1042 952 est,
1067 888 1229 958 perpetuus
1255 889 1303 939 est
1326 878 1457 957 nihilque
1483 888 1572 957 aptus
1597 880 1635 939 ad
1659 899 1766 939 novam
1787 879 1924 960 aliquam

564 969 751 1032 efficiendam
779 968 955 1029 sensionem.
1003 966 1065 1028 Sed
1090 979 1138 1028 est
1169 987 1276 1029 sensus
1305 967 1511 1041 instrumenti,
1545 976 1692 1047 quatenus
1720 967 1750 1028 id
1780 969 1925 1032 affectum

564 1077 619 1139 per
641 1057 726 1119 LXI.

653 1145 686 1208 Si
711 1165 782 1224 ergo
807 1144 944 1205 similiter
968 1144 1087 1218 affecta,
1113 1143 1219 1204 similis
1243 1144 1335 1212 etiam
1359 1145 1397 1205 ab
1421 1153 1546 1226 utroque
1562 1145 1672 1206 affecto
1687 1144 1846 1224 impressio
1867 1164 1923 1206 sen

564 1235 667 1315 passio
691 1234 748 1295 erit
772 1232 800 1293 in
825 1253 915 1293 sensu
940 1234 1102 1306 communi,
1136 1252 1195 1293 uno
1228 1242 1259 1292 et
1287 1234 1392 1293 eodem
1422 1235 1583 1295 existente.
1633 1233 1807 1313 Vestigium
1833 1234 1923 1307 enim,

509 1314 518 1328 ’
565 1334 599 1385 ut
621 1324 664 1384 sic
689 1324 801 1394 dicam,
827 1322 904 1400 quod
930 1323 1035 1382 dexter
1059 1322 1162 1382 oculus
1186 1342 1241 1381 sua
1272 1322 1429 1383 affectione
1458 1323 1601 1402 imprimit
1629 1323 1730 1383 sensui
1759 1322 1923 1396 communi,

564 1411 709 1493 imprimit
732 1419 764 1471 et
787 1412 909 1471 sinister
928 1430 998 1470 sua:
1024 1420 1168 1490 quantum
1191 1411 1230 1470 ad
1254 1412 1440 1471 efficiendam
1464 1413 1493 1472 in
1519 1412 1641 1473 cerebro
1666 1431 1777 1473 novam
1801 1412 1924 1473 sensio-

475 1518 481 1530 ·
565 1520 633 1563 nem
657 1500 778 1560 attinet.
824 1499 978 1560 Posterior
1001 1519 1071 1577 pars
1095 1499 1309 1578 propositionis
1334 1501 1469 1580 sequitur
1497 1522 1535 1561 ex
1559 1501 1642 1562 LXI.
1689 1502 1769 1562 Nam
1793 1500 1820 1561 si
1845 1500 1924 1561 visio

566 1598 615 1651 est
646 1588 746 1649 sensio
779 1587 968 1648 instrumenti
1002 1589 1120 1660 affecti,
1155 1596 1188 1648 ut
1219 1590 1376 1662 allectum
1415 1590 1472 1650 duo
1506 1610 1577 1651 vero
1611 1592 1813 1651 instrumenta
1842 1596 1924 1662 sunt,

569 1678 724 1758 quodlibet
747 1678 888 1737 affectum
920 1677 1129 1755 peculiariter,
1164 1678 1240 1737 duae
1275 1677 1365 1755 igitur
1395 1679 1468 1739 fient
1498 1680 1710 1759 impressiones
1739 1679 1768 1739 in
1800 1698 1924 1739 sensum

567 1785 751 1829 communem
775 1773 807 1825 ct
830 1766 874 1826 sic
898 1766 974 1825 duae
999 1766 1134 1843 ejusdem
1159 1766 1200 1825 rei
1225 1768 1390 1827 sensiones.

655 1856 723 1916 Non
747 1854 843 1915 servit
866 1853 957 1931 igitur
980 1854 1153 1914 decussatio
1182 1873 1337 1916 nervorum
1367 1855 1531 1934 opticorum
1566 1855 1645 1915 intus
1678 1854 1705 1914 io
1736 1854 1861 1915 cerebro
1886 1854 1925 1914 ad

570 1944 793 2024 agnoscendam
818 1942 860 2003 rei
890 1943 1004 2003 duobus
1038 1943 1132 2004 oculis
1166 1942 1249 2005 visae
1283 1945 1439 2006 unitatem.
1487 1945 1649 2024 Repugnat
1682 1943 1759 2003 enim
1791 1953 1824 2004 ct
1857 1943 1924 2016 hoc,

568 2034 647 2114 quod
672 2051 791 2110 semper
814 2032 834 2092 ii
859 2032 1010 2093 decussati
1035 2041 1122 2092 sunt:
1157 2041 1190 2092 ot
1217 2052 1275 2092 non
1304 2052 1421 2112 semper
1452 2034 1587 2094 videmur
1610 2053 1672 2094 rem
1696 2052 1785 2093 uuam
1811 2032 1926 2100 videre,

568 2122 627 2184 etsi
650 2141 738 2182 unam
763 2130 887 2200 utroque
912 2121 996 2180 oculo
1025 2121 1169 2182 videmus.

656 2209 773 2271 LXHl.
819 2209 1052 2288 Propositio.
1099 2210 1167 2270 Non
1193 2220 1239 2271 est
1254 2210 1407 2288 possibile,
1434 2221 1466 2272 ut
1490 2210 1662 2284 retiformis,
1688 2209 1824 2271 retinens
1848 2227 1924 2270 euu-

570 2299 637 2361 dem
662 2297 752 2359 situm
776 2299 804 2358 in
830 2299 925 2371 oculo,
952 2305 1012 2357 tam
1037 2319 1055 2357 a
1078 2300 1252 2380 propinquis
1278 2319 1367 2378 quam
1391 2321 1409 2359 a
1433 2299 1556 2361 remotis
1581 2300 1723 2360 distincte
1746 2298 1903 2378 pingatur.

657 2388 736 2450 Nam
759 2406 813 2468 per
836 2386 919 2447 XLI.
945 2387 1050 2447 remoti
1074 2389 1177 2465 puncti
1203 2389 1386 2449 radiationes
1411 2396 1589 2450 concurrunt
1612 2389 1734 2467 propius
1762 2396 1835 2465 post
1859 2388 1925 2449 len·

571 2486 642 2549 tem,
668 2496 756 2556 quam
780 2475 948 2555 propinqui.
986 2476 1057 2536 Jam
1073 2493 1143 2535 vero
1164 2496 1217 2555 per
1231 2477 1348 2538 XLIII.
1376 2479 1403 2538 in
1427 2487 1537 2557 puncto
1562 2478 1699 2537 coitionis
1724 2479 1758 2538 tit
1782 2484 1927 2537 accurata

570 2566 704 2645 pictura,
736 2583 807 2643 ergo
832 2572 919 2624 extra
943 2573 1084 2641 punctum
1110 2583 1272 2627 concursus
1296 2568 1330 2627 lit
1357 2569 1483 2628 confusa
1505 2567 1638 2645 pictura,
1668 2585 1759 2646 quare
1789 2584 1845 2644 per
1870 2564 1926 2625 Lx

570 2654 662 2716 etiam
686 2653 763 2713 visio
789 2653 971 2713 indistincta.
1018 2653 1060 2713 Et
1083 2655 1145 2727 sic,
1170 2655 1218 2715 ubi
1243 2665 1382 2716 accurate
1407 2657 1568 2736 pinguntur
1594 2656 1771 2735 propinqua,
1802 2653 1844 2714 ibi
1869 2671 1925 2715 non

570 2753 620 2805 est
642 2761 805 2803 concursus
830 2741 980 2803 radiorum
1003 2742 1105 2820 puncti
1130 2743 1253 2815 remoti,
1277 2744 1387 2805 ibidem
1412 2746 1503 2823 igitur
1525 2756 1643 2805 remota
1665 2744 1830 2823 pinguntur
1853 2761 1925 2803 con·

574 2833 657 2905 fuse,
684 2839 715 2891 et
739 2830 886 2892 vicissim:
920 2839 950 2890 et
973 2850 1027 2909 per
1050 2850 1254 2911 consequens,
1287 2853 1343 2913 quo
1377 2833 1437 2895 situ
1461 2835 1623 2895 retiiormis
1648 2834 1768 2894 tunicae
1793 2832 1833 2893 ad
1857 2850 1926 2912 ery-

571 2919 726 2982 stallinnm
751 2926 868 2981 remota
890 2918 1025 2981 videmus
1057 2921 1218 2993 distincte,
1250 2922 1302 2982 illo
1335 2923 1394 2983 situ
1426 2924 1560 3003 ejusdem
1592 2922 1760 3003 propinqua
1791 2920 1926 2982 videmus

570 3011 703 3072 contuse.

659 3097 776 3159 LXIV.
824 3096 1057 3175 Propositio.
1105 3096 1184 3158 Sunt
1208 3098 1256 3176 qui
1290 3109 1407 3161 remota
1431 3101 1572 3161 distincte
1604 3099 1725 3173 vident,
1758 3096 1927 3177 propinqua

571 3188 704 3262 confuse,
729 3206 803 3266 quos
827 3185 1012 3246 Aristoteles
1036 3185 1172 3264 appellat
1194 3189 1376 3265 πρεσβυτιιςε
1402 3197 1472 3250 sunt
1500 3190 1549 3268 qui
1579 3189 1747 3269 propinqua
1770 3186 1927 3256 distincte,

571 3284 689 3339 remota
711 3276 844 3350 confuse,
869 3275 919 3353 qui
941 3275 1102 3335 Aristoteli
1127 3284 1197 3335 sunt
1219 3299 1355 3350 μυωηεςε
1386 3288 1465 3351 sunt,
1491 3279 1540 3358 qui
1563 3277 1787 3357 propinquaret
1811 3282 1927 3337 remota

572 3363 706 3438 confuse,
732 3364 857 3444 denique
883 3364 931 3442 qui
956 3374 1081 3442 utraque
1107 3363 1258 3426 distinete.

659 3452 829 3532 Propositio
854 3462 901 3512 est
925 3452 1132 3532 physiologica
1156 3462 1186 3513 et
1211 3454 1272 3513 fere
1297 3455 1422 3515 medica.
1461 3454 1519 3526 Qui
1541 3463 1665 3533 utraque
1690 3453 1777 3523 simul
1802 3452 1926 3512 contuse

572 3543 684 3617 rident,
710 3543 785 3603 oculi
811 3542 943 3602 morbum
968 3542 1088 3614 hahent,
1114 3542 1234 3603 lusciosi
1259 3544 1306 3603 vel
1331 3545 1419 3621 plane
1444 3546 1536 3605 caeci.
1576 3542 1826 3604 Conlormatione
1852 3542 1926 3602 enirn

570 3634 647 3694 oculi
672 3632 781 3691 vitiata
804 3630 939 3709 sequitur
963 3630 1017 3690 hoc
1041 3637 1153 3701 παθος.

660 3719 719 3790 Qui
740 3728 863 3799 utraque
889 3719 975 3779 simul
1001 3719 1143 3780 distincte
1168 3720 1289 3794 vident,
1317 3723 1432 3781 oculum
1456 3731 1488 3781 et
1511 3742 1616 3782 sanum
1641 3722 1754 3782 habeut
1779 3728 1811 3780 et
1837 3720 1927 3798 figura

571 3810 722 3871 mobilem.
770 3810 848 3869 Nam
874 3808 942 3887 quio
964 3827 1018 3886 per
1041 3809 1159 3869 LXlll.
1185 3809 1346 3870 retiformis
1372 3811 1476 3888 nequit
1499 3812 1603 3871 codem
1638 3812 1697 3871 situ
1730 3809 1768 3869 ab
1794 3810 1927 3887 utrisque

572 3900 739 3979 aequaliter·
763 3897 860 3976 pingi,
885 3898 913 3956 iu
939 3896 984 3957 liis
1009 3916 1094 3971 vero,
1121 3897 1169 3977 qui
1194 3907 1319 3978 utraque
1344 3899 1484 3960 distincto
1510 3901 1630 3973 rident,
1666 3898 1837 3978 aequaliter
1860 3898 1926 3976 piu·

559 3989 652 4069 gitur
675 4008 729 4068 per
743 3986 810 4061 LX,
827 3985 921 4058 LXI„
948 3986 1110 4047 retiformis
1135 3986 1227 4065 igitur
1251 4000 1388 4067 respectu
1404 3988 1533 4050 humoris
1557 3988 1722 4069 crystallini
1749 3996 1804 4048 aut
1827 3988 1928 4047 humor

572 4077 767 4159 crystallinus
791 4082 929 4154 respectu
954 4076 1116 4135 retilormis
1148 4077 1266 4136 tunicae
1301 4079 1365 4138 loco
1399 4087 1535 4138 movetur
1568 4078 1611 4138 iis.
1659 4078 1760 4158 Atque
1793 4077 1849 4138 hoc
1883 4082 1928 4136 est

571 4166 754 4237 verisimile,
788 4166 904 4225 oculum
930 4183 1048 4238 sanum,
1078 4173 1218 4241 uegetum
1243 4174 1273 4225 et
1293 4167 1469 4244 juvenilem,
1505 4168 1583 4227 sicut
1611 4167 1806 4227 manifestum
1837 4165 1928 4226 habet

572 4263 685 4316 motum
709 4254 875 4314 naturalem
900 4253 1032 4313 anterius
1066 4253 1093 4312 io
1118 4254 1241 4332 pupilla,
1268 4256 1488 4317 constrictionis
1514 4257 1541 4315 iu
1568 4276 1677 4334 niagno
1701 4258 1767 4316 luce
1794 4263 1826 4316 et
1849 4254 1927 4315 dila·

574 4343 698 4405 tationis
723 4343 750 4403 in
777 4343 873 4403 tenui:
912 4343 955 4402 sic
989 4343 1081 4402 etiam
1115 4343 1141 4401 in
1177 4344 1321 4404 rctiforrni
1357 4345 1456 4405 tunica
1488 4353 1559 4424 post
1583 4345 1793 4425 crystallinum
1817 4343 1926 4405 habere

573 4434 750 4494 facultatem
774 4432 918 4503 eandem,
945 4438 977 4491 ut
1000 4439 1132 4491 ventrem
1159 4433 1282 4504 dilatet,
1317 4454 1373 4511 quo
1399 4434 1506 4494 fundus
1531 4435 1568 4494 ad
1594 4434 1805 4514 crystallinum
1829 4441 1927 4493 attra-

574 4523 681 4595 hatur,
707 4523 732 4584 si
758 4529 875 4583 remota
898 4528 969 4580 sunt
991 4520 1137 4581 videnda:
1177 4522 1309 4582 uicissim
1344 4523 1532 4600 constringat
1565 4533 1720 4595 ventrem,
1755 4533 1791 4589 ut
1821 4521 1927 4583 fundus

573 4613 728 4688 discedat,
753 4612 778 4671 si
803 4610 988 4688 inspicienda
1010 4612 1185 4691 propinqua.
1234 4612 1297 4671 Aut
1321 4612 1391 4672 insit
1423 4622 1521 4673 motus
1559 4614 1616 4672 iste
1649 4610 1797 4671 naturalis
1829 4612 1928 4690 potius

574 4702 654 4761 telae
689 4720 819 4762 araneae
858 4720 911 4760 seu
948 4700 1122 4761 arachnoidi
1161 4700 1299 4771 tunicae,
1338 4721 1412 4781 qnae
1452 4702 1563 4761 lentem
1596 4701 1727 4761 humoris
1761 4696 1928 4782 crystallini

575 4788 604 4851 iu
630 4799 735 4851 centro
759 4789 804 4850 sui
829 4790 951 4849 affixum
975 4790 1067 4849 habet
1090 4808 1215 4868 eumque
1240 4809 1294 4868 per
1317 4791 1417 4851 radios
1443 4792 1543 4868 nigros
1578 4788 1772 4851 circumcirca
1803 4790 1928 4852 emissos

574 4897 640 4940 cum
664 4899 740 4939 uvea
764 4880 923 4939 connectit.
969 4879 1048 4939 Nam
1073 4878 1148 4939 radii
1174 4879 1224 4938 isti
1248 4879 1335 4958 nigri,
1360 4899 1519 4958 processus
1545 4880 1664 4940 ciliares
1680 4878 1765 4952 dicti,
1793 4879 1929 4940 videntur

575 4967 641 5029 ideo
666 4969 709 5029 sic
732 4966 908 5047 pectinatim
934 4987 1001 5027 esse
1026 4967 1179 5038 distincti,
1204 4974 1237 5027 ut
1261 4969 1386 5047 quilibet
1410 4988 1463 5048 pro
1488 4989 1520 5028 sc
1545 4977 1627 5030 esset
1650 4967 1744 5027 veluti
1768 4966 1930 5046 peculiaris

576 5058 696 5135 quidam
720 5058 885 5131 musculus3
920 5056 1025 5137 quihus
1050 5056 1199 5117 universis
1223 5053 1311 5118 simul
1336 5058 1557 5120 recurrentibus
1590 5058 1618 5117 in
1642 5076 1710 5117 sese
1735 5064 1768 5117 et
1792 5057 1838 5119 sic
1862 5058 1930 5119 bre·

575 5146 662 5209 vibus
686 5146 820 5221 effectis,
844 5148 901 5209 hoc
924 5146 1018 5207 veluti
1042 5145 1242 5225 diaphragma
1265 5148 1342 5209 oculi
1370 5148 1527 5227 angustius
1561 5146 1730 5220 redditum,
1764 5145 1931 5210 contractis
