4584 6192
548 623 613 691 m
960 623 1474 692 ¹³⁸²me

546 823 605 867 nou
628 817 753 864 tamer
777 803 852 864 meis
875 803 1136 863 observationibus
1160 803 1237 863 rar-'s
1261 815 1292 863 et
1315 803 1541 876 mamaeam,
1569 822 1629 864 non
1656 801 1749 864 etiarn
1777 817 1817 862 ex
1839 797 1902 860 tuin

546 892 747 954 exactissimis
769 891 856 970 (qnia
878 891 1055 971 quandoque
1078 891 1171 951 etiam
1194 891 1290 951 bocas
1312 891 1457 952 d‘mmitut
1481 892 1661 965 Humerus),
1690 909 1749 952 uon
1772 889 1901 968 unique

546 999 585 1042 ea
606 995 796 1060 paterarum
811 981 876 1059 (qui
891 998 979 1058 qnam
1000 979 1098 1039 idonei
1121 979 1214 1040 {nari
1233 981 1294 1041 sint
1317 982 1462 1041 mrem-m
1476 985 1549 1052 esti.
1572 1000 1661 1061 quam
1681 998 1720 1040 es
1733 977 1902 1039 mamare

547 1081 620 1132 ante
641 1069 864 1130 reatitutiouem
895 1068 1002 1129 calculi
1025 1086 1080 1147 per
1102 1064 1146 1129 2¹]
1169 1088 1263 1128 anuos
1296 1071 1432 1148 exeeptis
1474 1070 1628 1130 aestimari
1662 1068 1768 1139 rafim,
1806 1083 1902 1145 eoque

547 1157 763 1238 spbemeridee
786 1157 915 1217 meditor
938 1158 977 1216 ad
1000 1175 1095 1216 tanos
1114 1153 1158 1218 3¹]
1182 1173 1317 1228 exactos,
1341 1158 1686 1219 murmuratorum
1708 1153 1902 1217 observatio-

548 1265 618 1308 nunt
632 1246 857 1307 Brabeanarum
880 1247 1019 1316 omnium,
1044 1264 1120 1323 qnae
1143 1264 1236 1324 op-:ra
1259 1261 1291 1306 ut
1315 1263 1345 1305 et
1360 1246 1492 1306 Tabulas
1512 1248 1596 1325 ipsas
1618 1246 1690 1326 qnid
1713 1253 1902 1324 promereat,

548 1335 620 1416 qnid
643 1334 798 1414 impediat,
822 1334 851 1394 id
873 1352 912 1394 cn
935 1332 1126 1393 dedicatione
1154 1334 1241 1411 hujus
1265 1333 1475 1413 pr÷m÷r3uis
1497 1353 1592 1414 exque
1622 1334 1812 1413 praefatione
1835 1350 1905 1393 mea
1963 1391 1969 1398 .

548 1443 638 1504 anper
661 1422 885 1503 prognosticum
909 1419 1123 1482 Germanicum
1147 1423 1236 1483 iaeile
1261 1423 1360 1500 crilliai
1384 1425 1505 1501 poterit

636 1512 759 1572 Interim
782 1511 807 1571 si
831 1525 913 1571 recte
936 1529 1049 1582 munes,
1075 1510 1268 1571 diffidendum
1292 1513 1392 1571 vitae:
1424 1511 1527 1572 demus
1551 1511 1644 1590 igitur
1671 1527 1796 1592 operam
1817 1519 1903 1572 nter·

547 1621 616 1683 qne,
638 1613 672 1662 ot
701 1600 739 1660 de
763 1599 887 1660 Tabulis
918 1601 973 1659 illa
1005 1600 1165 1679 quaejam
1198 1615 1268 1660 snat
1296 1601 1326 1660 in
1359 1615 1467 1678 paratu
1495 1601 1591 1679 ptimo
1622 1618 1737 1680 quoqne
1767 1613 1903 1678 tempore

547 1689 772 1752 exscribamus:
806 1687 898 1748 editio
929 1706 1001 1749 reto
1034 1690 1139 1767 cuique
1169 1708 1224 1747 sna
1252 1688 1329 1748 citra
1362 1690 1486 1748 alterius
1519 1689 1676 1767 praetenti
1709 1687 1904 1750 offensionem

548 1779 644 1840 libera
657 1789 743 1838 esto:
767 1776 976 1837 tantummodo
998 1791 1032 1836 ut
1054 1791 1172 1836 maturo
1191 1777 1313 1836 consilio
1334 1777 1611 1856 circumspiciatur
1633 1777 1735 1837 omnia
1756 1775 1900 1837 editionis

547 1866 704 1929 commoda
726 1879 758 1926 et
780 1865 978 1935 incommoda,
1002 1864 1031 1924 in
1056 1879 1152 1924 artem
1177 1866 1264 1944 inque
1288 1866 1353 1943 ejus
1377 1866 1509 1926 calones
1533 1866 1743 1927 reiundantia

637 1953 725 2025 Quae
748 1953 942 2032 sequemims
956 1953 1163 2031 Prognosticis
1184 1954 1221 2013 de
1241 1953 1365 2013 Lunae
1390 1969 1486 2015 motu
1511 1955 1650 2033 tetigisti,
1674 1954 1713 2015 de
1732 1953 1770 2015 iis
1791 1951 1905 2033 aliquid

549 2043 662 2106 dictum
686 2045 716 2103 in
741 2041 1000 2103 fundamentorum
1024 2042 1185 2102 Lunarium
1209 2043 1410 2121 explicatione
1435 2043 1614 2122 praemissa
1659 2043 1748 2104 Nunc
1770 2059 1811 2102 ex
1832 2059 1905 2121 pro-

549 2134 631 2195 lerso
654 2130 842 2192 examinabo.

638 2221 807 2281 ‘l'lneorema
828 2219 902 2279 illud
925 2227 1028 2279 tuum:
1052 2229 1188 2298 Tempora
1203 2230 1356 2282 nuntiam
1371 2230 1552 2299 deliquium
1564 2230 1715 2283 undu
1728 2246 1828 2283 revera
1844 2247 1905 2284 erae

549 2311 686 2374 breviora,
707 2311 870 2363 dhmem
889 2309 1027 2362 Lunarem
1052 2310 1182 2362 minorem
1203 2326 1285 2378 quam
1306 2311 1440 2363 hacteuus
1461 2325 1505 2362 est
1533 2323 1676 2379 putatum:
1705 2311 1801 2381 itaque
1820 2309 1907 2364 videri

548 2393 656 2448 Luam
680 2390 806 2452 defluere,
828 2391 938 2459 quando
957 2389 1002 2441 rel
1027 2391 1146 2442 nondum
1175 2389 1278 2457 incepit
1303 2391 1348 2442 rel
1371 2391 1431 2458 jam
1458 2406 1557 2443 revera
1577 2391 1671 2452 desiit,
1699 2391 1738 2443 aie
1760 2401 1792 2443 at
1812 2391 1908 2444 eodem

550 2483 674 2541 tenpore
688 2481 718 2523 et
731 2470 883 2522 babeamus
903 2469 1018 2537 eclipsin
1031 2481 1061 2521 et
1074 2487 1129 2522 non
1150 2470 1312 2530 habeamus,
1334 2473 1405 2539 quod
1419 2487 1470 2538 pro
1484 2487 1556 2523 noca
1570 2485 1598 2523 et
1620 2471 1761 2524 reten'bus
1781 2471 1907 2524 onibus

550 2552 695 2621 incognita
715 2550 908 2602 observatione
921 2550 1058 2602 celebras.
1087 2550 1167 2602 Hane
1189 2550 1370 2603 assertionem
1384 2551 1426 2602 ais
1441 2565 1470 2602 te
1484 2551 1570 2619 primo
1586 2551 1692 2603 leubus
1706 2550 1909 2619 mpidombna

551 2632 643 2686 nim
663 2629 831 2698 oonoepisse,
854 2629 971 2698 deniqne
991 2646 1043 2698 per
1062 2630 1179 2698 eclipsin
1200 2630 1346 2693 Lunarem,
1368 2647 1441 2700 qnae
1455 2631 1573 2701 contigit
1593 2647 1686 2684 mense
1701 2630 1817 2685 octobri
1836 2646 1908 2685 anno

555 2709 641 2774 leta,
661 2709 746 2779 plene
765 2710 977 2762 demonstrasse.
1690 2755 1698 2768 ,

640 2793 723 2843 Anno
735 2789 807 2841 enim
825 2790 909 2842 16⁰7.
931 2791 960 2843 4.
981 2788 1076 2842 Martii
1095 2801 1123 2840 te
1144 2789 1187 2841 ais
1208 2789 1372 2841 observasse
1393 2790 1609 2859 applicationem
1621 2790 1719 2843 lunae
1736 2791 1909 2861 corporale!

553 2873 589 2926 ad
610 2870 718 2924 oculum
739 2868 823 2922 'lauri
844 2879 872 2921 et
893 2869 994 2921 vidisse
1022 2869 1135 2921 stellam
1161 2868 1251 2921 adbuc
1272 2871 1390 2922 nondum
1413 2883 1531 2932 tectam,
1558 2872 1668 2941 quando
1688 2871 1762 2925 inter
1781 2871 1862 2925 illam
1879 2875 1910 2924 el

552 2963 662 3023 partem
682 2949 780 3003 uuae
809 2949 927 3001 lucidam
955 2949 1043 3001 miuus
1064 2948 1127 3017 ipsa
1154 2963 1235 3016 parte
1261 2949 1352 3001 lucida
1378 2950 1513 3002 interm
1539 2950 1700 3011 ridebatur:
1726 2951 1806 3021 atqui
1829 2952 1909 3006 Iouna

554 3032 674 3086 undum
693 3029 785 3099 plenis
806 3029 846 3082 90
859 3028 993 3099 gradibus
1014 3028 1110 3081 aSole
1130 3029 1263 3090 distabat,
1287 3030 1380 3098 itaque
1394 3046 1460 3098 pars
1481 3030 1572 3082 lucida
1591 3046 1691 3084 recen
1711 3030 1803 3084 adbuc
1823 3031 1910 3086 minor

552 3128 615 3166 me
635 3111 730 3163 debuit
743 3123 826 3178 parte
846 3110 973 3161 obscura
1001 3108 1073 3160 Hinc
1086 3108 1204 3178 colligis,
1225 3108 1354 3161 amictum
1374 3126 1436 3162 ease
1450 3110 1565 3179 globum
1578 3111 1674 3163 Lunae
1688 3110 1811 3179 epham
1825 3117 1910 3166 adm

553 3191 672 3252 laxiore,
694 3204 766 3258 qnae
787 3189 849 3241 lnoe
869 3188 941 3242 Solia
963 3189 1112 3241 combibita
1131 3204 1163 3239 se
1184 3189 1262 3241 nobis
1283 3206 1334 3257 pro
1357 3190 1416 3258 ipso
1437 3207 1503 3243 reru
1524 3190 1620 3244 lunae
1641 3206 1755 3260 corpore
1776 3197 1909 3255 mutet

554 3283 636 3341 parte
657 3286 724 3321 rero
745 3268 795 3321 illa
815 3285 887 3338 quae
908 3281 952 3321 est
977 3275 1061 3320 extra
1080 3267 1153 3321 Solis
1178 3268 1269 3320 radios
1292 3287 1346 3321 non
1371 3270 1493 3322 incurrat
1514 3271 1541 3323 in
1562 3270 1668 3333 oculos,
1696 3272 1745 3324 aed
1770 3271 1911 3341 pellucida

555 3351 594 3404 ait
613 3366 664 3402 nec
684 3348 829 3402 stellarum
849 3357 1025 3417 conspectum
1045 3349 1124 3400 nobit
1145 3348 1255 3416 eripiat,
1277 3348 1342 3402 licet
1363 3350 1418 3401 illis
1439 3351 1630 3403 subtendatur.
1672 3351 1746 3403 ldem
1766 3352 1910 3406 commu

557 3428 790 3497 contemplatione
810 3429 906 3481 Lunae
927 3427 1067 3489 falcatam
1088 3427 1219 3481 cuculum
1239 3428 1310 3481 enim
1333 3429 1450 3482 lucentis
1471 3446 1556 3483 uornu
1580 3429 1749 3483 sensibiliter
1772 3446 1911 3501 apparere

557 3508 688 3578 majorem
708 3524 789 3577 quam
819 3508 949 3561 cuculum
976 3508 1097 3577 corporis
1117 3525 1172 3561 non
1200 3508 1347 3562 illuminati
1377 3510 1458 3563 simul
1484 3525 1576 3564 umen
1601 3510 1773 3580 apparentia.
1827 3510 1910 3571 Haec

560 3607 611 3658 est
633 3594 718 3672 origo
741 3595 889 3673 opinionis
913 3607 994 3659 tuae.
1041 3595 1121 3666 Quid
1145 3596 1184 3656 ad
1208 3596 1283 3657 haee
1307 3615 1377 3657 vero
1401 3597 1665 3675 respondendum?

649 3681 897 3745 Commendanda
911 3684 1048 3746 nimirum
1068 3696 1116 3745 est
1130 3685 1289 3763 diligentia
1307 3697 1359 3744 tna
1369 3703 1378 3757 ;
1402 3699 1536 3747 ceterum
1554 3687 1628 3749 nihil
1647 3686 1715 3747 nori
1729 3684 1911 3760 observasti,

559 3771 738 3854 saepissime
761 3772 867 3832 eadem
891 3774 928 3834 de
952 3793 983 3834 re
1006 3783 1139 3834 testatus
1163 3787 1211 3833 est
1234 3773 1307 3833 mibi
1335 3773 1405 3834 olim
1428 3774 1611 3837 Maestlinus
1634 3783 1667 3836 et
1687 3773 1778 3837 retuli
1801 3792 1859 3854 ego
1882 3773 1912 3835 in

559 3865 695 3926 Antron:
719 3872 806 3940 parte
829 3861 931 3940 optiea
954 3859 1031 3941 Cap.
1056 3862 1097 3930 V,
1122 3863 1153 3924 5.
1179 3862 1417 3923 observationem
1442 3882 1480 3923 ex
1510 3883 1587 3924 anuo
1615 3860 1699 3927 1600
1722 3862 1761 3923 ad
1784 3879 1914 3940 unguem

559 3953 697 4023 similem,
722 3969 789 4010 cum
812 3949 899 4011 Luna
921 3949 1014 4011 bifida
1036 3952 1165 4012 texisset
1187 3950 1315 4012 obscura
1338 3963 1427 4029 parte
1448 3971 1500 4013 eor
1518 3951 1646 4032 Scorpii.
1683 3950 1798 4013 Addidi
1821 3950 1915 4013 etiam

560 4038 788 4103 observationes
820 4039 942 4100 easdem
972 4039 1087 4118 primae
1119 4049 1150 4100 et
1174 4039 1297 4100 ultimae
1329 4039 1434 4117 phasis
1464 4050 1496 4100 et
1528 4041 1672 4121 ampliavi
1704 4040 1917 4102 observatione

564 4129 671 4190 similis
695 4127 891 4206 apparentiae
915 4128 944 4189 in
968 4128 1129 4207 eclipsibus
1153 4128 1257 4188 Lunae
1281 4128 1471 4207 partialibus.

651 4214 713 4277 Sed
737 4234 791 4276 nec
823 4217 923 4296 opinio
955 4216 1030 4277 baeu
1053 4226 1106 4278 tua
1137 4235 1216 4277 nova
1239 4227 1288 4277 est
1320 4227 1468 4297 concepta
1499 4234 1589 4295 super
1612 4215 1669 4277 boo
1700 4217 1918 4298 phaenomeno.

562 4303 643 4368 Nam
661 4304 765 4364 eodem
784 4304 859 4365 libro
874 4324 940 4368 meo
960 4304 1036 4384 Cap.
1057 4302 1192 4378 t'111,3.
1218 4314 1313 4368 extat.
1351 4306 1415 4367 Nec
1435 4307 1513 4367 euim
1532 4305 1621 4383 plane
1635 4306 1709 4368 nihil
1727 4305 1919 4368 tribuendum

563 4403 611 4456 est
635 4391 697 4453 aeri
721 4391 842 4467 Lunari,
868 4404 901 4456 ut
924 4412 1015 4473 supra
1038 4394 1067 4455 in
1092 4393 1294 4455 fundamentis
1319 4404 1452 4456 motuum
1475 4396 1579 4456 Lunae
1603 4394 1750 4473 praedixi.

652 4480 702 4541 An
726 4498 796 4543 vero
820 4502 944 4544 necesse
969 4493 1026 4555 est,
1050 4483 1118 4544 ideo
1137 4484 1230 4544 etiam
1255 4485 1330 4545 haec
1353 4485 1560 4563 phaenomena
1578 4502 1632 4563 per
1652 4490 1753 4545 aerem
1768 4483 1921 4544 Lunarem

563 4571 795 4634 demonstrare?
827 4571 947 4633 minime
979 4574 1123 4650 gentium.
1171 4571 1205 4634 Si
1228 4573 1308 4634 enim
1336 4574 1437 4633 omnia
1460 4591 1536 4652 quae
1569 4573 1663 4633 oculis
1696 4572 1838 4634 accidunt
1860 4570 1921 4651 ipsi

562 4661 648 4722 ooelo
671 4657 847 4734 tribuamus,
872 4679 947 4740 qnae
971 4670 1106 4723 monstra
1130 4661 1160 4721 in
1190 4681 1286 4722 rerum
1316 4673 1454 4722 naturam
1478 4661 1676 4722 invehamus?
1705 4669 1791 4722 terte
1815 4660 1922 4722 lolium

564 4749 731 4828 allegatum
753 4758 787 4809 et
809 4750 943 4810 invenies
966 4751 1053 4829 plura
1070 4750 1147 4811 talia
1168 4750 1215 4810 rel
1235 4771 1292 4812 non
1317 4751 1441 4811 multum
1464 4749 1615 4811 absimilia
1632 4750 1714 4811 risus
1738 4747 1921 4824 accidentia,

563 4857 641 4918 cquae
664 4835 745 4897 nullo
769 4857 898 4918 unquam
920 4845 989 4900 aere
1014 4839 1126 4900 Lunati
1151 4839 1349 4902 demonstrari
1372 4850 1523 4917 poterunt.
1562 4840 1664 4919 Atque
1686 4856 1743 4918 ego
1766 4838 1798 4899 id
1820 4836 1922 4917 ipsum

565 4925 614 5004 egi
637 4924 733 4986 uitato
756 4927 842 4988 Astr.
867 4926 994 5006 Optioes
1018 4928 1095 5001 loeo,
1118 4936 1152 4988 ut
1174 4928 1249 4987 haec
1273 4937 1303 4988 et
1327 4928 1389 4989 alia
1412 4928 1522 4989 similia
1544 4928 1754 5008 phaenomena
1774 4945 1815 4988 ex
1836 4926 1923 4988 visus

565 5012 787 5076 conditionibus
810 5015 997 5090 deducerem,
1022 5037 1041 5077 a
1063 5017 1147 5078 coelo
1171 5016 1317 5096 rebusque
1341 5016 1511 5078 visibilibus
1534 5016 1761 5078 abstraherem:
1785 5016 1815 5077 in
1842 5014 1924 5076 hune

565 5101 655 5166 finem
676 5113 836 5185 susceptus
851 5110 900 5165 eet
917 5104 988 5165 mihi
1012 5105 1098 5168 labor
1116 5104 1226 5184 capitis
1241 5105 1346 5184 quinti,
1370 5107 1408 5167 de
1428 5106 1516 5167 modo
1540 5104 1671 5181 videndi,
1696 5123 1784 5186 quem
1798 5103 1925 5166 tandem
