4584 6192
395 566 403 574 ¹
469 594 535 660 618
805 658 836 710 0
950 595 989 643 De
1009 594 1088 645 Stella
1104 594 1177 645 Nora
1195 594 1345 659 Serpentarii

466 773 546 833 linus
576 770 710 831 medicus
743 771 955 848 Haganoensis
993 771 1022 830 in
1052 772 1190 844 Alsatia,
1227 780 1257 831 et
1294 770 1394 830 David
1421 768 1577 830 Fabricius
1607 768 1638 827 in
1670 766 1832 840 Ostfrisia,

467 861 547 921 idem
579 859 712 919 Michael
745 859 926 919 Maestlinus
959 860 1114 938 Tubingae
1147 860 1196 918 die
1235 860 1313 919 festo
1346 857 1507 918 Michaelis
1539 856 1732 934 Archangeli
1767 855 1832 916 sive

465 945 518 1011 29.
544 948 629 1026 Sept.
660 948 783 1008 Juliano
815 948 911 1026 stylo,
945 945 974 1009 9.
1000 947 1067 1009 Oct.
1102 948 1307 1025 Gregorian03
1341 967 1394 1006 nec
1427 946 1584 1025 qnisquam
1618 944 1731 1005 horum
1760 943 1832 1004 novi

466 1037 627 1118 quidquam
650 1036 679 1095 in
700 1035 827 1096 confinio
848 1035 938 1095 trium
962 1036 1148 1114 superiorum
1171 1037 1360 1115 planetarum
1383 1036 1440 1095 huc
1464 1054 1557 1114 usque
1582 1033 1730 1107 vidisset3
1756 1052 1831 1093 con-

462 1126 579 1204 junctio
603 1144 673 1184 vero
698 1125 786 1185 Jovis
810 1133 841 1183 et
865 1125 975 1184 Martis
1009 1126 1172 1185 secundum
1205 1125 1437 1202 longitudinem,
1468 1143 1544 1203 quae
1576 1122 1833 1201 complementum

467 1223 534 1275 erat
556 1212 774 1291 conjunctionis
805 1231 952 1290 magnae,
987 1213 1017 1273 in
1047 1212 1123 1273 hanc
1154 1213 1290 1274 ultimam
1323 1214 1402 1273 diem
1426 1208 1478 1273 29.
1504 1213 1588 1290 Sept.
1612 1212 1674 1271 rel.
1702 1208 1733 1273 9.
1761 1210 1830 1274 Oct.

466 1301 640 1363 incidisset:

558 1390 662 1450 statim
686 1397 831 1467 sequente
850 1389 1009 1449 Dominica
1033 1386 1085 1451 30.
1111 1389 1196 1467 Sept.
1223 1390 1270 1449 vel
1298 1387 1346 1450 10.
1373 1389 1452 1462 Oct,
1477 1407 1552 1468 quae
1581 1388 1680 1467 prima
1712 1386 1771 1446 fnit
1794 1384 1831 1445 ab

469 1478 575 1539 ultima
600 1477 818 1555 conjunctione,
843 1496 910 1537 cnm
932 1486 1003 1556 post
1025 1496 1165 1538 occasum
1189 1478 1271 1539 Solis
1294 1478 1389 1538 nubes
1412 1487 1562 1538 momento
1578 1475 1730 1555 temporis
1754 1493 1829 1553 ape-

466 1566 610 1639 rirentur,
636 1566 825 1645 supradictus
848 1567 983 1626 Joarrnes
1006 1567 1221 1628 Brunowslrius
1244 1567 1414 1639 BohemuS,
1445 1565 1710 1643 Meteoroscopiae
1742 1563 1830 1624 unice

467 1654 597 1727 deditus,
622 1655 671 1734 qui
695 1653 958 1715 constellationum
973 1655 1149 1715 coelestium
1165 1655 1303 1716 notitiam
1323 1655 1388 1732 jam
1412 1654 1482 1714 olim
1503 1675 1522 1714 a
1537 1653 1691 1713 naucleris
1709 1653 1740 1713 in
1756 1651 1830 1711 mari

467 1744 687 1804 mediterraneo
719 1743 845 1821 primum
877 1744 978 1804 hausit
1008 1743 1135 1822 indeque
1161 1743 1303 1804 librorum
1327 1765 1381 1804 usu
1412 1753 1443 1803 et
1463 1741 1682 1802 exercitatione
1708 1741 1740 1801 in
1766 1740 1830 1801 dies

467 1833 612 1910 adauget:
638 1832 696 1904 hic,
722 1832 851 1910 inquam,
876 1833 1064 1910 planetarum
1082 1832 1172 1891 situm
1195 1833 1394 1911 asuperioris
1418 1832 1476 1891 diei
1494 1850 1659 1908 congressu
1686 1829 1829 1908 specula—

468 1930 563 1994 turus,
588 1920 654 1999 ipso
678 1921 744 1980 loco
769 1939 949 1998 congressus
969 1939 1023 1998 pro
1039 1920 1155 1980 duabus
1179 1928 1242 1981 tres
1260 1921 1447 1982 clarissimas
1471 1921 1577 1980 stellas
1601 1918 1828 1989 animadvertit,

469 2010 558 2072 simul
588 2009 682 2069 nubes
710 2008 807 2069 lucum
831 2029 948 2069 rursum
971 2009 1127 2087 adspectui
1152 2010 1295 2088 eripuere.
1344 2012 1458 2070 Verum
1481 2010 1533 2069 ille
1557 2018 1674 2082 certus,
1701 2028 1735 2068 se
1761 2005 1829 2067 nori

469 2099 621 2179 quippiam
643 2096 767 2170 vidisse,
791 2118 877 2157 mane
902 2106 1045 2178 sequente
1068 2118 1116 2158 me
1139 2099 1205 2158 adit
1228 2108 1258 2159 et
1281 2099 1421 2178 numquid
1447 2098 1517 2157 nori
1540 2097 1669 2157 riderim
1693 2095 1827 2177 qnaerit;

468 2205 592 2267 cumque
610 2205 761 2265 negarem,
777 2184 871 2246 nubes
888 2186 960 2247 mihi
978 2186 1052 2248 coeli
1073 2188 1249 2266 adspectum
1258 2187 1351 2248 ullum
1366 2186 1553 2265 praebuisse,
1569 2204 1727 2247 monerem
1746 2204 1827 2256 vero,

469 2295 506 2337 ne
528 2275 687 2354 praecipiti
710 2274 889 2336 credulitate
913 2274 1078 2356 imperitior
1102 2277 1166 2355 ipse
1190 2296 1228 2335 ex
1251 2277 1334 2336 clara
1347 2276 1440 2338 Jovis
1452 2274 1543 2336 stella
1556 2276 1678 2336 Noram
1701 2272 1827 2335 ridicule

469 2366 597 2437 faceret,
630 2364 810 2437 admonens,
844 2365 935 2424 etiam
969 2373 1057 2444 atque
1090 2366 1182 2424 etiam
1215 2366 1345 2425 videret:
1377 2365 1442 2444 ipse
1468 2365 1532 2442 jam
1563 2363 1683 2443 quidem
1714 2363 1827 2424 nullum

468 2473 616 2521 rumorem
632 2453 844 2514 seminaturum
860 2453 946 2526 dixit,
962 2453 1056 2513 donec
1071 2454 1138 2532 ipsa
1153 2453 1323 2514 clarissima
1336 2454 1513 2533 pronunciet
1528 2452 1726 2531 experientia
1757 2452 1827 2513 Inde

468 2562 522 2623 per
543 2542 684 2603 continua
704 2560 757 2601 sex
780 2543 894 2603 dierum
917 2542 1019 2602 nubila
1042 2543 1193 2602 exstincta
1210 2542 1266 2602 fnit
1288 2544 1367 2621 apud
1389 2561 1436 2602 me
1460 2543 1526 2620 ipsa
1549 2542 1642 2601 etiam
1663 2541 1827 2601 denuncia-

469 2632 561 2693 tionis
584 2630 673 2708 hujus
694 2631 852 2704 memoria,
876 2632 1072 2691 Bruuowskio
1097 2639 1127 2690 et
1151 2631 1297 2692 Schulero
1322 2651 1388 2692 meo
1416 2631 1508 2691 tacite
1534 2629 1774 2708 advigilantibns
1798 2635 1828 2688 et

470 2739 524 2799 per
532 2720 680 2780 occultam
697 2719 928 2779 aemulationem
944 2720 1039 2799 primo
1055 2720 1175 2794 sideriS,
1191 2720 1306 2799 siquod
1322 2729 1413 2793 esset,
1429 2720 1584 2798 adspectui
1602 2719 1825 2780 insidiantibus.

560 2808 683 2869 Interim
708 2809 755 2868 die
772 2802 804 2888 2Ι
810 2805 855 2869 12.
875 2808 943 2869 Oct.
969 2809 1052 2869 sidus
1069 2809 1125 2869 hoc
1143 2809 1234 2869 etiam
1249 2810 1360 2871 Joanni
1375 2809 1509 2869 Antonio
1529 2808 1654 2885 Magino
1671 2808 1826 2869 Bononiae

471 2896 611 2976 apparuit
635 2896 802 2977 fefellitque
825 2897 922 2970 initia,
946 2898 1051 2977 utqui
1076 2898 1216 2978 antiquus
1240 2898 1291 2958 ille
1307 2898 1427 2976 Jupiter
1450 2908 1508 2971 est,
1531 2917 1627 2958 novae
1653 2917 1741 2958 snam
1762 2895 1826 2955 exi·

472 2985 675 3047 stimationem
698 2987 843 3059 traderet,
867 2986 932 3066 ipse
956 3006 1034 3047 nova
1058 2987 1238 3048 crederetur.

472 3092 578 3101 ——.

470 3138 552 3186 nocte
574 3148 609 3184 ea
636 3147 707 3201 quae
735 3130 888 3199 praecessit
918 3128 962 3184 17.
986 3131 1033 3185 27.
1056 3131 1241 3199 Septembris.
1263 3131 1393 3200 Maginus
1415 3138 1445 3185 et
1469 3130 1608 3201 Origunus
1636 3136 1747 3201 ponunt
1766 3149 1826 3185 eon·

467 3211 636 3282 junctionem
658 3211 770 3265 Saturni
791 3217 821 3263 et
840 3211 946 3266 Martis.
976 3212 1069 3264 Visum
1090 3212 1177 3282 igitur
1197 3212 1344 3265 verisimile
1359 3212 1511 3265 Pomerano
1533 3211 1583 3273 illi,
1604 3213 1719 3266 stellam
1740 3221 1827 3267 ortam

471 3308 507 3347 ea
527 3298 607 3345 nocte
636 3293 688 3344 sub
717 3292 862 3345 articulum
888 3291 1087 3359 conjunctionis
1114 3293 1255 3362 visamque
1283 3309 1402 3360 vespera
1429 3291 1563 3361 sequenti.
1605 3292 1652 3345 Sic
1671 3293 1827 3362 conjunctio

472 3372 550 3426 doris
572 3380 602 3424 et
622 3372 721 3425 Martis
743 3388 760 3424 a
781 3371 919 3440 Cypriane
946 3372 1072 3425 Leovitio
1099 3372 1243 3441 reponitur
1264 3372 1290 3424 in
1313 3372 1358 3425 25.
1375 3371 1452 3441 Sept.
1474 3372 1519 3423 rel
1541 3371 1568 3426 5.
1586 3372 1659 3434 Oct,
1682 3373 1827 3443 aMagino

471 3452 500 3505 in
520 3451 567 3505 29.
583 3452 660 3521 Sept.
683 3453 728 3503 vel
750 3451 776 3503 9.
794 3452 853 3502 Oct.
883 3452 1001 3504 Medium
1024 3458 1102 3504 tenet
1114 3452 1291 3506 Everhardus
1307 3452 1397 3522 Belga
1411 3471 1445 3504 ex
1462 3453 1513 3504 fide
1536 3453 1697 3504 tabularum
1719 3470 1827 3505 suarum

473 3528 556 3603 (quas
577 3532 702 3601 proprias
725 3539 753 3583 et
777 3549 813 3583 ex
835 3548 966 3584 annorum
989 3533 1026 3584 40
1044 3533 1197 3585 observatis
1219 3539 1377 3585 exstructas
1399 3526 1521 3594 asserit),
1544 3549 1682 3600 reponens
1706 3532 1783 3585 illam
1802 3532 1827 3583 in

472 3612 519 3666 28.
541 3612 618 3680 Sept.
639 3612 684 3663 rel
707 3611 733 3664 8.
756 3612 815 3664 Oct.
857 3611 951 3663 Visum
979 3612 1066 3681 igitur
1094 3612 1241 3665 verisimile
1262 3611 1444 3673 Laurentino,
1475 3612 1584 3663 stellam
1612 3612 1754 3665 iucensam
1780 3612 1826 3664 sub

471 3692 617 3747 articulum
647 3692 720 3744 hunc
749 3690 974 3760 probabiliorem,
1007 3692 1205 3760 conjunctionis
1231 3693 1306 3743 Joris
1333 3699 1362 3743 et
1383 3692 1490 3745 Martis.
1534 3693 1631 3759 Itaque
1662 3690 1826 3745 confidentia

470 3789 537 3826 usus
559 3772 694 3833 affirmat,
725 3773 950 3824 observatam
973 3772 1015 3823 die
1038 3771 1064 3824 8.
1087 3772 1162 3835 Oct,
1184 3773 1231 3824 ubi
1252 3773 1330 3824 fidem
1352 3777 1381 3822 et
1402 3774 1544 3823 candorem
1568 3772 1782 3824 astronomicum
1802 3771 1825 3822 in

473 3852 640 3922 philosopho
657 3852 722 3919 jure
744 3850 890 3903 desideres.
919 3852 991 3904 Sane
1013 3859 1043 3903 et
1064 3853 1186 3904 calculus
1204 3858 1232 3903 et
1247 3853 1404 3904 observatio
1426 3854 1584 3912 docuerunt,
1607 3851 1825 3919 conjunctionem

472 3933 549 3986 illam
570 3933 655 3986 fuisse
670 3931 744 3983 circa
757 3930 895 3983 meridiem
910 3932 972 3984 noni
989 3932 1124 3984 Octobris.
1154 3936 1198 3984 An
1213 3932 1398 3984 aemulatione
1420 3934 1516 3984 ductus
1531 3948 1585 3982 uno
1600 3931 1644 3982 die
1666 3932 1825 4000 praevenire

472 4012 562 4066 voluit
582 4013 666 4064 alium
688 4012 822 4081 quendam
844 4012 943 4064 ltalum
966 4006 1047 4080 (puto
1067 4012 1240 4064 Altobellum
1259 4013 1444 4064 veronensem
1465 4013 1581 4063 vicinum
1603 4027 1693 4072 suum,
1714 4012 1738 4063 si
1760 4013 1825 4063 bene

472 4109 566 4146 eorum
587 4091 703 4154 memini,
727 4108 797 4160 quae
819 4091 884 4144 mihi
899 4092 1058 4145 Franciscns
1074 4092 1206 4144 Gansneb
1221 4092 1412 4160 Tenguaglius
1431 4091 1459 4144 S.
1475 4092 1504 4144 C.
1520 4090 1632 4157 blajest.
1649 4091 1824 4144 Consiliarius

472 4190 509 4225 ex
531 4172 618 4224 literis
640 4174 664 4227 J.
685 4170 798 4224 Antonii
820 4171 925 4242 Magini
956 4167 1079 4237 retulit),
1112 4171 1156 4240 qui
1186 4172 1271 4224 oculis
1301 4172 1394 4223 forsan
1416 4171 1442 4223 in
1464 4173 1578 4223 eandem
1609 4170 1824 4237 conjunctionem

471 4252 548 4305 Jovis
570 4258 599 4303 et
620 4252 733 4313 Martis,
764 4267 845 4320 quarn
865 4252 995 4321 Magiuus
1025 4253 1059 4302 ad
1082 4251 1107 4303 9.
1132 4252 1191 4303 Oct.
1218 4252 1310 4319 ponit,
1338 4250 1465 4313 intentis,
1488 4269 1520 4302 eo
1542 4251 1584 4302 dic
1608 4268 1679 4302 nono
1703 4250 1823 4304 Octobris

473 4332 588 4399 primum
611 4338 698 4384 ortam
721 4331 886 4383 affirmabat.
929 4331 1092 4382 blaestlinus
1115 4332 1222 4399 quidem
1244 4347 1278 4383 ea
1299 4347 1417 4398 vespera
1440 4331 1550 4383 stellam
1572 4331 1692 4382 nondum
1712 4331 1822 4384 viderat.

471 4411 510 4466 Et
530 4412 599 4464 nihil
620 4411 732 4479 impedit
759 4418 902 4479 utrumque
930 4426 1023 4463 verum
1045 4427 1119 4472 esse,
1147 4410 1253 4462 scilicet·
1280 4428 1334 4463 non
1361 4409 1446 4462 visam
1469 4411 1494 4461 in
1517 4409 1619 4461 Suesia
1646 4409 1717 4461 hora
1743 4410 1823 4480 pn'ma

473 4491 579 4552 noctis;
602 4492 689 4544 visam
709 4507 775 4542 vero
796 4491 822 4542 in
845 4489 929 4543 Italia
952 4490 1038 4541 noctis
1059 4490 1129 4542 hora
1150 4492 1277 4542 secunda.
1320 4489 1416 4542 Subito
1439 4490 1509 4541 enim
1539 4490 1679 4540 incensam
1701 4496 1822 4559 apparet.

473 4571 526 4626 Sed
549 4577 681 4639 pertexat
706 4570 785 4623 uobis
810 4569 954 4623 historiam
982 4585 1060 4622 suam
1085 4570 1288 4622 Laurentibus:
1323 4570 1377 4630 ,Et
1397 4570 1530 4637 primum,
1562 4567 1668 4636 inquit,
1701 4567 1823 4638 apparuit

471 4666 573 4720 parva,
596 4658 626 4703 et
645 4656 746 4718 postea
767 4651 799 4701 de
821 4649 863 4701 die
886 4650 912 4701 iu
941 4650 1010 4701 diem
1041 4652 1187 4701 crescendo
1216 4648 1348 4717 apparuit
1375 4649 1564 4718 magnitudine
1591 4656 1620 4700 et
1648 4648 1751 4700 lumine
1778 4663 1823 4701 nor

472 4730 559 4791 multo
581 4729 693 4783 inferior
706 4730 823 4792 Venere,
847 4729 971 4797 superior
991 4729 1087 4781 Jove.“
1124 4730 1233 4781 Causae
1255 4729 1380 4797 perditae
1402 4730 1483 4780 miser
1504 4729 1590 4788 fucus,
1613 4727 1723 4780 scilicet
1744 4735 1822 4781 astro

472 4809 545 4863 nomi
576 4810 661 4863 ceteri
686 4826 739 4860 non
768 4808 894 4861 viderunt
924 4808 1012 4869 illam,
1044 4808 1109 4877 quia
1134 4825 1223 4877 parra
1252 4809 1312 4861 fuit.
1355 4808 1435 4861 Solus
1464 4807 1666 4869 Laurentium,
1699 4807 1823 4878 egregins
1848 4849 1854 4862 .

412 4912 417 4919 ·
472 4888 578 4942 scilicet
598 4895 784 4950 astronomus,
812 4888 896 4940 etiam
924 4904 1038 4956 parvam
1066 4889 1155 4940 adhuc
1182 4888 1385 4940 animadvertit.
1434 4887 1637 4939 Putidissimum
1665 4902 1732 4940 vero
1762 4903 1823 4940 conr·

471 4974 593 5021 mentum
613 4970 646 5021 de
668 4967 833 5019 incremento
860 4968 960 5020 sensim
987 4974 1082 5035 capto,
1109 4984 1169 5020 cum
1196 4968 1289 5019 statim
1315 4967 1392 5020 initio
1414 4967 1457 5018 die
1481 4968 1525 5019 10.
1549 4964 1677 5018 Octobris
1700 4983 1719 5019 a
1739 4974 1824 5020 nostro

470 5044 681 5117 Brunowskyo,
712 5046 755 5098 die
780 5047 824 5098 12.
851 5048 888 5098 ab
909 5046 1029 5099 Antonio
1050 5046 1180 5117 Magino,
1212 5047 1343 5100 Helisaeo
1365 5046 1507 5108 bucelino,
1541 5046 1585 5097 die
1617 5045 1663 5098 13.
1687 5061 1706 5099 a
1726 5045 1824 5099 Daride

473 5124 599 5178 Fabricio
621 5124 728 5179 omnino
750 5132 907 5178 cerneretur
928 5125 1056 5179 maxima.
