4584 6192
483 585 528 656 aa
900 583 1404 650 emesenam-onum

483 768 576 849 igitur
597 766 719 829 dimidio
742 766 892 830 minuetur
911 763 1202 845 prosthaplraeresis.
1239 761 1328 824 Enim
1350 779 1421 823 vero
1436 779 1493 843 ego
1516 759 1660 832 diesuna
1683 763 1769 822 nun
1792 766 1843 824 eat

482 864 635 920 statuere:
658 855 758 918 scribo
782 874 812 916 n.
836 854 1121 932 impraemeditatus.

571 957 776 1010 Maeatlinna
791 957 917 1020 respondit
936 958 961 1006 d.
975 955 999 1004 l.
1014 955 1168 1019 (il.)Julii:
1188 956 1229 1006 De
1250 954 1346 1006 calculo
1360 956 1458 1018 eclipaia
1476 955 1535 1019 quid
1553 952 1725 1018 corrigendum
1745 959 1842 1018 penu.

484 1039 568 1086 cauma
586 1046 641 1080 ease
660 1045 709 1080 non
727 1044 836 1093 possum.
874 1027 1017 1090 Computari
1046 1042 1102 1077 eam
1128 1044 1158 1077 ex
1177 1027 1346 1076 anawanum
1374 1039 1449 1089 quam
1472 1033 1542 1074 certa
1568 1024 1667 1087 quidem
1687 1038 1720 1074 ea
1741 1033 1844 1089 propter

483 1101 595 1154 nubilum
609 1100 703 1149 coelum
721 1099 806 1148 baberi
825 1100 912 1162 potuit.
937 1097 996 1146 Ideo
1014 1100 1102 1146 mirum
1116 1099 1192 1146 etiam
1211 1111 1260 1145 nou
1277 1101 1324 1150 ert,
1343 1094 1462 1160 siqnidem
1481 1094 1592 1144 calculus
1603 1094 1716 1144 nonnihil
1728 1094 1841 1146 deficiat.

482 1171 562 1223 mma
587 1171 619 1220 de
644 1170 683 1219 iria
703 1173 756 1232 jam
775 1168 900 1232 cogitandi
921 1175 947 1217 et
963 1167 1086 1217 scribendi
1110 1181 1151 1217 mc
1175 1168 1281 1217 brevitas
1300 1168 1416 1229 temporis
1442 1174 1468 1216 et
1493 1167 1668 1229 occupationes
1688 1165 1840 1230 impediunt,

483 1243 632 1308 prauastim
654 1254 759 1290 exa-en
780 1238 967 1289 candidatorum
984 1236 1029 1287 &a

568 1311 609 1362 Da
625 1311 674 1360 alio
694 1311 887 1361 accentricitatia
905 1308 1068 1358 inveniendae
1085 1308 1157 1356 modo
1177 1321 1223 1374 ego
1248 1308 1358 1370 prolecto
1377 1308 1483 1357 scribere
1503 1309 1601 1364 uncio.
1623 1306 1701 1356 alium
1718 1322 1768 1374 ego
1790 1323 1841 1360 nnn

481 1382 577 1439 habeor
603 1397 661 1432 nam
690 1382 731 1444 qui
759 1396 790 1430 ex
809 1381 979 1444 magnitudine
1002 1379 1066 1428 Solia
1084 1381 1213 1441 apparenti
1236 1378 1331 1427 desumi
1354 1386 1452 1440 posset.
1480 1380 1552 1427 nimia
1575 1378 1683 1427 lubricus
1703 1387 1758 1436 est.
1781 1380 1842 1445 quia

485 1455 540 1516 ejus
567 1450 712 1518 magnitudo
739 1467 789 1500 nun
811 1451 836 1499 iu
858 1451 959 1500 minutia
977 1456 1074 1499 tautum
1091 1450 1191 1514 primia.
1216 1449 1260 1499 aed
1281 1449 1437 1498 nantissime
1461 1450 1538 1498 etiam
1563 1450 1588 1497 iu
1613 1448 1730 1498 secundia
1755 1449 1839 1515 euplu-

480 1523 727 1656 magpiierna
750 1592 777 1640 in
796 1590 901 1655 Opticae
924 1590 977 1654 Cap
996 1590 1039 1639 iil.
1062 1591 1138 1654 probl
1159 1586 1236 1638 tan.
1260 1588 1325 1639 hane
1346 1589 1446 1653 eclipsin
1469 1590 1520 1640 alia
1544 1604 1618 1655 quam
1642 1604 1720 1655 supra
1741 1592 1840 1643 mons

481 1664 639 1729 aggreditur,
664 1662 789 1725 ellipaibua
805 1662 860 1711 loco
880 1661 1024 1711 circulorum
1042 1677 1116 1718 naua,
1135 1662 1210 1724 plane
1229 1661 1434 1710 mathematicam
1456 1675 1535 1726 agens
1555 1676 1660 1726 eumque
1677 1664 1839 1713 aarum

480 1735 507 1785 ln
521 1734 570 1784 lrac
590 1733 733 1797 dneiplina,
754 1746 829 1796 qnam
849 1740 908 1782 ante
924 1734 1067 1781 sexennium
1088 1748 1115 1782 se
1131 1733 1287 1795 praebuerat

570 1803 710 1867 Descriptio
732 1803 869 1866 eclipsis
888 1803 1027 1853 Lunaria
1046 1804 1068 1851 d.
1083 1801 1124 1851 lli.
1139 1806 1203 1867 Aug.
1226 1800 1362 1852 tatiscam
1379 1802 1479 1851 modum
1499 1802 1601 1865 Kepleri
1623 1803 1773 1853 observandi
1793 1803 1836 1853 de-

479 1873 619 1925 ficientibus
637 1873 820 1933 instrumentis,
843 1883 896 1923 tum
911 1873 1019 1922 studium
1038 1881 1156 1927 testatur.
1178 1888 1258 1922 rernm
1275 1887 1364 1922 causas
1382 1874 1583 1938 cognoscendiet
1597 1887 1662 1938 quas
1680 1874 1775 1937 priores
1793 1882 1839 1924 aut

479 1947 613 1995 omimt
633 1951 678 1994 aut
698 1959 811 2008 parrana
829 1945 1033 2000 declaraverunt,
1050 1944 1200 1995 emendandi
1221 1952 1247 1994 et
1263 1944 1401 2007 supplendi.
1437 1944 1527 1993 Paucis
1545 1945 1647 2009 attingit
1667 1943 1734 1993 hane
1753 1945 1836 1996 obaer-

479 2017 603 2066 vatiouem
627 2017 653 2064 in
671 2015 733 2064 libro
752 2030 796 2064 suo
818 2014 878 2079 Cap.
893 2015 954 2070 vll.
975 2011 999 2061 3.
1015 2013 1046 2072 l,
1069 2017 1110 2065 nbi
1129 2016 1160 2064 de
1178 2016 1264 2065 eadem
1280 2016 1333 2079 agit
1352 2016 1520 2078 apparitione,
1542 2027 1606 2078 quas
1623 2016 1785 2078 praecipuum
1799 2023 1837 2066 est

477 2088 603 2151 aequantia
622 2086 796 2150 &montinio
816 2093 1004 2151 argumentum
1020 2085 1128 2150 pluribus
1145 2085 1205 2150 Cap.
1220 2086 1262 2135 XI.
1282 2102 1350 2149 prop.
1366 2082 1409 2133 32.
1445 2086 1475 2134 ln
1494 2084 1617 2147 Tychonia
1637 2085 1751 2137 Historia
1773 2086 1835 2136 Coe·

477 2156 533 2208 leati
555 2164 624 2207 extat
643 2155 774 2220 descriptio
791 2155 863 2218 lrujua
886 2157 983 2220 eclipaia
1004 2158 1149 2206 obasrratae
1168 2157 1364 2220 Waudesburgi‚
1383 2155 1440 2205 lolio
1459 2153 1521 2204 823.

565 2226 635 2278 inest
659 2228 703 2277 illa
729 2227 860 2291 descriptio
885 2228 963 2276 literis
985 2226 1018 2276 ad
1033 2227 1191 2277 llaeatlinum
1210 2228 1274 2276 datia
1302 2226 1342 2276 dis
1367 2225 1410 2274 21.
1432 2229 1510 2289 Aug..
1529 2239 1631 2290 quarum
1653 2232 1752 2288 partem
1771 2229 1835 2291 pric-

476 2313 529 2349 rsm
550 2298 606 2348 Vol.
620 2299 639 2348 l.
657 2315 682 2362 p.
695 2295 729 2348 89
748 2299 928 2362 praemisimus.
966 2296 1027 2347 Cum
1049 2300 1155 2362 incipiat
1176 2299 1256 2347 serbis
1281 2297 1415 2355 „hesterno
1432 2298 1506 2353 die“,
1533 2298 1631 2361 eclipsis
1649 2305 1736 2347 autern
1754 2300 1834 2348 cunti·

476 2371 541 2435 gerit
559 2371 599 2420 die
621 2366 676 2429 tt,
701 2369 876 2419 assumendum
901 2375 952 2424 est,
978 2369 1114 2432 complures
1132 2369 1184 2418 dies
1206 2368 1341 2432 Keplernm
1362 2371 1387 2417 iu
1415 2368 1543 2417 sedbendo
1560 2369 1740 2420 cousumaisae.
1762 2384 1834 2433 pras·

412 2433 422 2450 '
475 2442 562 2490 sertim
584 2441 643 2506 quia
662 2441 808 2504 copiosiores
829 2441 880 2489 sint
899 2438 1057 2504 (paginarum
1077 2438 1109 2489 13
1128 2442 1153 2488 in
1172 2442 1251 2489 forma
1268 2435 1396 2498 maxima).
1421 2439 1493 2489 Haec
1513 2454 1571 2503 ergo
1589 2439 1759 2504 Koplarua:

566 2530 717 2590 Hesterno
745 2528 793 2589 die
827 2529 883 2589 fnit
915 2529 1036 2607 eclipsis
1066 2528 1182 2590 Lunae.
1231 2525 1328 2591 Cares
1357 2535 1458 2589 autem
1486 2528 1515 2587 in
1548 2527 1724 2606 praeseutia
1761 2529 1833 2591 urbe

476 2623 598 2699 propter
630 2615 828 2694 suspicionem
857 2617 1093 2679 conversationis
1120 2616 1316 2696 periculosae.
1363 2614 1531 2677 Grassatur
1558 2633 1665 2695 nempe
1688 2616 1739 2678 bic
1768 2618 1833 2680 lues

475 2704 605 2784 passim,
643 2711 673 2765 et
705 2706 781 2766 forte
809 2724 896 2766 socer
919 2725 1002 2766 mens
1034 2705 1062 2765 in
1087 2713 1221 2767 atrocem
1244 2704 1378 2766 morbum
1402 2704 1520 2774 incidit,
1555 2723 1612 2783 quo
1635 2704 1735 2767 inviso
1759 2705 1833 2769 urba

476 2791 548 2854 mihi
571 2792 774 2854 interdictum.
808 2794 913 2874 ltaque
937 2803 969 2855 et
992 2795 1197 2855 instrumentis
1221 2813 1325 2867 careo,
1351 2812 1446 2873 neque
1470 2793 1534 2856 heri
1549 2811 1619 2871 spes
1643 2802 1711 2855 erat
1725 2794 1832 2857 Lunae

476 2899 646 2942 emersuras
669 2889 791 2960 propter
823 2882 979 2944 continuas
1010 2883 1129 2962 pluvias
1163 2883 1251 2963 hujus
1281 2882 1380 2944 tridui.
1428 2881 1711 2944 Circumscribenda
1739 2882 1832 2964 igitur

475 2978 627 3031 momenta
650 2977 814 3050 temporum
839 2971 997 3033 fallacibus
1020 2971 1265 3052 circumstantiis.
1299 2971 1342 3033 Ut
1364 2971 1490 3050 primum
1505 2969 1567 3031 vidi
1589 2970 1718 3042 Lunam,
1742 2973 1830 3033 sulli-

476 3056 576 3118 ciebat
599 3057 696 3118 adhuc
719 3058 770 3119 lux
785 3060 950 3138 crepusculi
973 3059 1095 3122 lectioni
1120 3061 1149 3121 in
1174 3060 1266 3135 libris,
1291 3060 1344 3122 sed
1356 3060 1483 3139 jamjam
1498 3077 1697 3135 evanescens,
1721 3079 1831 3141 qnam-

475 3144 522 3206 ris
555 3163 641 3206 mons
674 3146 796 3207 occiduo
825 3145 889 3208 Soli
920 3148 1057 3226 objectus
1092 3156 1223 3210 maturet
1253 3149 1302 3210 hic
1335 3148 1486 3210 tenebras.
1532 3147 1603 3208 Jum
1634 3155 1738 3210 autem
1771 3169 1829 3211 non

475 3232 623 3293 Arcturus
652 3239 768 3293 tantum
791 3243 824 3295 et
846 3235 977 3309 fidicula,
1012 3237 1066 3297 sed
1097 3238 1260 3317 pleraeque
1291 3237 1398 3297 stellae
1430 3254 1520 3316 snper
1543 3235 1687 3298 verticem
1711 3238 1830 3317 quoties

475 3319 570 3382 nubes
594 3318 805 3383 dilabebantur
828 3323 1024 3401 apparebant.
1069 3326 1104 3385 ln
1129 3324 1201 3386 urbe
1225 3325 1326 3386 sonuit
1348 3325 1499 3386 dimidiam
1523 3333 1673 3386 octavam.
1710 3324 1755 3387 Ee
1777 3335 1828 3388 tu-

474 3427 541 3470 men
565 3407 696 3487 snspicio
720 3416 777 3483 est,
802 3410 889 3471 nimis
913 3412 999 3471 tarde
1029 3412 1175 3473 sonnisse.
1220 3413 1297 3474 Erat
1324 3414 1399 3475 mira
1421 3415 1525 3475 Lunae
1554 3414 1665 3490 iacies,
1689 3414 1769 3476 adeo
1796 3422 1830 3477 nt

473 3497 640 3570 crederem,
675 3497 757 3560 illam
781 3498 843 3578 jam
868 3499 989 3560 dimidio
1014 3519 1137 3579 corpore
1162 3501 1321 3562 emersisse
1348 3522 1464 3564 mrsum
1488 3521 1504 3562 e
1528 3501 1670 3565 tenebris.
1718 3503 1829 3585 Appa-

473 3584 533 3647 ruit
555 3584 632 3646 enim
656 3586 782 3648 dimidia
806 3588 866 3648 lere
890 3606 960 3666 pars
984 3588 1049 3667 ejns
1073 3589 1250 3663 rubicunda,
1285 3609 1343 3670 qno
1371 3590 1477 3652 rubore
1512 3591 1600 3652 facile
1629 3592 1828 3654 internubes

472 3673 703 3753 agnoscebatur.
738 3676 942 3738 Veruntamen
966 3675 1044 3738 inter
1067 3677 1204 3738 ruborem
1224 3687 1254 3739 et
1269 3679 1411 3742 tenebras
1426 3680 1525 3741 nullus
1539 3680 1703 3742 cornmunis
1728 3680 1826 3755 limes,

471 3763 525 3823 sed
553 3762 711 3825 continuus
735 3763 773 3825 ab
802 3785 856 3826 ora
882 3765 1043 3826 tenebrosa
1071 3768 1162 3846 (quae
1191 3767 1311 3845 penitus
1334 3768 1539 3847 disparuerat)
1573 3768 1601 3829 in
1631 3768 1828 3832 rubicundam

472 3850 519 3912 vel
543 3855 593 3923 (nt
616 3851 774 3932 opinabar)
800 3853 927 3915 lucidam
951 3873 1034 3916 cram
1059 3853 1228 3933 oppositam
1251 3856 1409 3934 trajectus.
1455 3856 1521 3918 Hoc
1545 3858 1621 3918 adeo
1645 3857 1752 3919 mirum
1779 3877 1827 3920 me

869 3942 990 4017 habuit,
1016 3962 1113 4023 quum,
1139 3945 1224 4006 ecce!
1249 3945 1415 4025 quadrante
1440 3955 1510 4006 ante
1529 3954 1668 4007 octavam
1685 3946 1824 4019 (horolo-

594 4056 647 4120 rig.
669 4051 709 4103 13,
870 4031 912 4110 gii
926 4031 1035 4106 urbici)
1050 4031 1136 4093 Luna
1150 4033 1280 4098 habente
1304 4034 1492 4096 altitudinem
1516 4034 1635 4096 circiter
1661 4031 1729 4108 10⁰,
1754 4035 1826 4098 tulis

870 4120 935 4199 ejus
958 4119 1035 4182 situs
1060 4120 1211 4202 faciesque
1235 4124 1383 4203 apparuit.
1420 4123 1476 4184 DE
1499 4122 1621 4185 horizon
1645 4124 1771 4200 ortivus,
1796 4127 1826 4186 A

868 4227 957 4270 cornu
977 4209 1081 4270 Lunae
1105 4211 1243 4287 lucidum,
1268 4212 1344 4274 adeo
1368 4221 1401 4273 ut
1423 4233 1494 4292 pars
1518 4212 1683 4274 rubicunda
1705 4211 1824 4275 Besa-

867 4306 1018 4372 nesceret,
1052 4296 1077 4361 C
1099 4317 1171 4378 pars
1194 4301 1322 4363 obscura
1345 4309 1377 4362 et
1399 4301 1517 4363 minime
1542 4319 1702 4381 apparens.
1747 4300 1825 4365 Erat

866 4387 897 4447 A
921 4388 981 4447 fere
1003 4387 1151 4450 horizonti
1183 4390 1356 4464 obversum,
1389 4391 1415 4452 Β
1443 4409 1514 4451 vero
1538 4399 1571 4453 et
1592 4399 1684 4452 autea
1707 4391 1825 4472 etjam

865 4475 1008 4538 flectebat
1031 4496 1064 4539 se
1087 4479 1249 4541 secuudum
1272 4479 1351 4541 viam
1374 4479 1501 4542 zodiaci.
1546 4479 1595 4541 Er
1619 4497 1655 4541 eo
1674 4479 1825 4561 disparuit

799 4595 822 4639 Β
864 4565 919 4627 sub
944 4566 1037 4628 nubas
1061 4565 1141 4640 iens,
1167 4567 1242 4629 hura
1265 4587 1343 4629 nona
1361 4569 1426 4647 jam
1441 4577 1568 4631 sonante
1587 4568 1711 4631 emersit
1734 4567 1823 4634 simui

864 4672 901 4714 ex
929 4655 1056 4717 nubibus
1081 4663 1112 4715 et
1141 4658 1247 4719 umbra
1278 4657 1495 4740 videbaturque
1519 4665 1602 4733 tota,
1636 4658 1691 4720 sed
1719 4665 1821 4723 tamen

494 4631 666 4649 “⁶1¹-

866 4743 964 4803 medio
1001 4743 1067 4805 loco
1103 4742 1183 4807 inter
1219 4747 1357 4808 dextram
1394 4756 1426 4810 ct
1466 4748 1624 4821 verticem,
1667 4747 1756 4827 qnasi
1791 4748 1821 4812 iu

465 4819 540 4898 45⁰,
575 4826 626 4888 nbi
659 4829 758 4893 desiit.
804 4832 933 4910 Propter
954 4831 1100 4909 pallorem
1123 4836 1252 4898 nondum
1275 4836 1440 4916 spargebat
1466 4836 1496 4899 iu
1524 4836 1618 4899 oculis
1645 4835 1722 4898 meis
1754 4838 1820 4902 lac·

465 4919 545 4975 teum
580 4916 662 4978 illum
691 4917 822 4980 alborem
857 4926 889 4980 et
919 4919 1154 4998 geminationem
1188 4925 1406 5004 quodammodo
1438 4926 1500 5002 sui,
1517 4933 1567 4988 -ut
1598 4923 1675 4988 alias
1707 4926 1820 4990 evenit.

466 5001 629 5068 Praevenit
652 5006 754 5087 itaque
782 5007 929 5069 caleulum
957 5008 996 5069 ad
1029 5009 1180 5075 minimum
1203 5015 1369 5077 semihora:
1403 5016 1457 5076 sed
1489 5014 1651 5078 secundum
1684 5014 1818 5079 urbicum

465 5088 650 5186 horologium
679 5095 748 5175 plus
773 5095 891 5175 integra
921 5095 1003 5161 hora
1051 5099 1185 5185 Cumque
1208 5102 1238 5165 iu
1262 5108 1443 5171 ascendente
1466 5105 1629 5184 medctats
1653 5102 1728 5170 Solo
1750 5103 1817 5172 exi·¹
