4584 6192
441 1685 452 1711 Ι

470 608 535 675 532
1083 606 1209 669 nropeuca

467 793 647 851 evanescat:
673 770 938 866 propinquavere,
961 785 1078 864 quando
1103 782 1256 846 sensibilis
1272 790 1319 845 est
1333 783 1487 863 proportio
1507 783 1665 863 pupillaris
1685 781 1831 845 diametri

469 877 507 939 ad
531 876 732 937 intervallum.

557 964 678 1025 XXIII.
734 961 981 1023 Postulatum.
1038 962 1185 1022 Punctum
1223 960 1341 1039 aliquod
1375 960 1418 1021 rei
1456 959 1583 1022 visibilis
1621 959 1831 1039 longinquum,

468 1054 540 1115 licet
563 1054 662 1113 radiet
676 1053 705 1113 in
722 1051 823 1111 orbern
842 1050 980 1129 undique,
1006 1059 1146 1127 respectu
1166 1059 1266 1109 tamen
1282 1049 1359 1109 oculi
1375 1057 1427 1110 aut
1450 1049 1623 1127 perspicilli,
1649 1050 1832 1128 adquorum

469 1142 634 1204 diametros
658 1140 804 1200 distantia
828 1139 939 1198 nullam
964 1139 1056 1198 lrabot
1080 1137 1251 1199 sensibilem
1285 1138 1527 1219 proportionem,
1557 1139 1659 1199 radios
1690 1145 1833 1200 extrema

468 1231 546 1293 oculi
576 1231 623 1290 vel
652 1226 814 1308 perspicilli
847 1227 1056 1304 contingentes
1084 1227 1205 1304 ponitur
1234 1226 1354 1286 mittere
1387 1226 1564 1305 parallelos,
1598 1246 1723 1306 quorum
1755 1246 1833 1290 unue

469 1320 551 1380 solus
575 1314 830 1396 perpendicularis
855 1334 921 1375 esse
945 1321 1048 1394 potest
1071 1317 1100 1375 in
1126 1324 1330 1375 occurrentem
1355 1314 1540 1393 superficiem
1565 1334 1698 1378 curvam.

555 1407 675 1468 XXIV.
714 1403 915 1469 Definitio.
963 1404 1057 1464 Unius
1082 1423 1153 1481 ergo
1177 1403 1279 1480 puncti
1306 1404 1341 1463 do
1365 1423 1397 1462 re
1421 1403 1532 1463 visibili
1557 1404 1728 1483 propinqua
1754 1406 1833 1467 radii

658 1493 818 1570 divergunt
842 1512 946 1552 versus
970 1493 1115 1571 pupillam
1140 1492 1236 1553 oculi:
1260 1492 1387 1570 plurium
1403 1511 1473 1552 vero
1496 1500 1675 1570 punctomm
1696 1494 1735 1553 de
1755 1513 1833 1574 quo-

663 1601 776 1661 cunque
802 1580 912 1640 risibili
936 1581 1011 1642 radii
1036 1581 1144 1659 singuli
1170 1588 1354 1660 convergunt
1374 1599 1478 1641 versus
1503 1589 1637 1642 centrum
1656 1580 1753 1643 visus.
1793 1584 1836 1644 Et

656 1672 712 1730 hoc
737 1669 762 1729 si
796 1670 924 1730 radiatio
950 1670 991 1729 sit
1022 1670 1125 1730 libera.
1175 1670 1275 1729 Valde
1310 1670 1399 1748 igitur
1434 1670 1616 1744 notandum,
1647 1670 1771 1749 quando
1796 1672 1833 1731 de

659 1758 827 1819 radiatione
857 1768 965 1836 agatur
988 1759 1074 1818 unius
1104 1758 1206 1836 puncti
1231 1767 1263 1817 et
1287 1759 1405 1837 qnando
1430 1759 1466 1818 de
1490 1758 1618 1838 plurium
1650 1769 1835 1838 punctorum

660 1846 877 1908 radiationibus
901 1848 980 1908 inter
1005 1866 1036 1907 se
1062 1848 1255 1925 comparatis.

748 1934 816 2002 OD,
843 1934 913 2010 On,
940 1934 992 1996 ΟΕ
1017 1935 1176 2013 divorgunt
1205 1954 1308 1995 versus
1333 1935 1449 1995 oculum
1473 1935 1545 1995 DE:
1577 1935 1621 1996 sic
1645 1936 1742 1996 etiarn
1765 1936 1833 2013 BD,

658 2024 727 2094 ΒΔ,
743 2023 795 2083 ΒΕ
820 2032 852 2084 11
876 2043 978 2085 omnes
1003 2026 1111 2085 medii:
1138 2033 1171 2085 at
1190 2024 1257 2098 BA,
1276 2023 1332 2085 CA
1355 2031 1541 2101 convergunt
1564 2044 1670 2085 versus
1695 2034 1834 2088 centrum

660 2113 737 2173 oculi
761 2112 800 2173 A.

476 2236 497 2277 Β
526 2257 554 2317 'r
596 2236 617 2281 ¹
1048 2254 1097 2314 De
1129 2255 1255 2316 Lente.

563 2377 668 2440 XXV.
715 2377 913 2442 Definitio.
961 2377 1041 2436 Lens
1073 2385 1120 2437 est
1153 2378 1261 2438 ritmm
1295 2386 1347 2437 aut
1379 2378 1541 2457 crystallus
1569 2376 1598 2437 in
1628 2378 1728 2438 forma
1758 2378 1834 2440 disci

474 2466 660 2535 orbicularis,
687 2468 776 2529 latior
800 2487 887 2546 quam
912 2465 1096 2545 profundior.

560 2556 682 2617 XXVI.
730 2556 927 2627 Definitio.
977 2554 1121 2616 Courexa
1155 2556 1220 2616 lens
1254 2563 1319 2628 est,
1354 2574 1429 2633 quae
1459 2554 1507 2614 vel
1535 2562 1663 2634 utraque
1694 2556 1743 2616 vel
1775 2576 1835 2617 una

474 2646 540 2706 sola
564 2646 720 2722 superficie
745 2664 880 2705 convexa
904 2654 959 2715 est,
985 2644 1100 2722 reliqua
1122 2645 1224 2723 plana.

562 2734 645 2793 ldem
670 2735 806 2809 intellige
822 2735 858 2792 de
874 2753 959 2793 cara.
999 2735 1133 2811 Utraque
1155 2734 1244 2794 etiarn
1269 2732 1415 2792 conununi
1440 2731 1585 2791 vocabulo
1604 2750 1680 2809 pura
1704 2733 1832 2795 dicatur.

558 2821 695 2883 XXVII.
729 2822 930 2883 Definitio.
961 2823 1070 2895 Mixto,
1091 2843 1167 2902 quae
1192 2823 1289 2882 altera
1313 2821 1468 2899 superficie
1484 2829 1532 2879 est
1546 2840 1692 2893 convexa,
1718 2822 1834 2904 reliqua

468 2928 552 2981 cava,
580 2911 713 2986 perfecto
738 2912 886 2990 utrimque
911 2911 1037 2984 circulo;
1064 2931 1139 2990 quae
1165 2911 1281 2971 seilicet
1305 2917 1352 2970 est
1374 2910 1457 2987 puris
1482 2910 1630 2988 opposita.

558 2999 709 3060 XXVIII.
758 2999 958 3062 Definitio.
1005 2999 1189 3071 Conrexurn,
1216 3019 1332 3073 carum,
1358 2998 1497 3070 mixtum,
1528 2999 1555 3058 111
1580 3018 1691 3075 genere
1718 3008 1832 3072 neutro,

474 3088 653 3165 intelligitur
676 3090 894 3167 perspieilluru,
919 3088 1041 3161 11111111,
1075 3109 1183 3168 corpus
1208 3091 1261 3149 &e
1289 3097 1435 3166 sonatque
1461 3088 1538 3148 idern
1564 3089 1643 3168 quod
1668 3088 1734 3148 leus
1758 3108 1832 3151 con-

469 3194 555 3248 vexa,
583 3195 668 3247 cava,
696 3178 799 3250 mixta,
826 3180 878 3238 duc.

554 3265 674 3325 XXIX.
722 3266 921 3327 Definitio.
968 3265 1041 3327 Alia
1074 3275 1123 3325 est
1157 3264 1331 3344 magnitudo
1366 3264 1456 3324 lentis
1490 3281 1543 3342 per
1576 3283 1628 3340 se,
1662 3265 1725 3325 alia
1759 3285 1834 3328 eon·

468 3354 612 3414 veritatis
636 3364 688 3414 aut
712 3356 856 3416 caritatis
880 3354 909 3415 iu
934 3354 1025 3414 lente.
1072 3355 1130 3415 Illa
1154 3354 1286 3434 eorporis
1311 3361 1359 3414 est
1384 3352 1572 3431 magnitudo,
1604 3353 1680 3414 haec
1704 3354 1830 3433 figurae.

556 3442 660 3503 XXX.
707 3444 908 3505 Definitio.
956 3444 1040 3503 Ilaec
1065 3443 1158 3522 ipsius
1190 3443 1323 3521 corporis
1356 3442 1531 3519 magnitudo
1561 3443 1713 3521 geminum
1738 3444 1834 3505 habet

467 3540 648 3609 respectum.
698 3533 760 3593 Aut
784 3533 860 3592 enirn
887 3542 933 3592 est
966 3531 1119 3606 absoluta,
1156 3544 1188 3593 ut
1213 3552 1279 3592 cum
1312 3532 1368 3609 ipsi
1405 3531 1528 3591 lentium
1562 3532 1650 3592 orbes
1676 3553 1730 3592 seu
1758 3534 1835 3594 disci·

467 3620 668 3681 aestimantur
696 3621 831 3700 Interque
857 3643 888 3681 so
913 3631 1145 3699 comparantur:
1180 3630 1233 3682 aut
1261 3622 1388 3682 refertur
1418 3621 1455 3679 ad
1485 3621 1627 3681 circulum
1657 3641 1731 3682 snae
1758 3642 1833 3683 con·

466 3709 622 3780 1111111111,
649 3720 741 3789 quota
765 3711 901 3771 nimirum
925 3730 997 3789 pars
1021 3711 1063 3772 sit
1087 3712 1151 3771 lens
1177 3713 1212 3770 de
1237 3730 1310 3770 suae
1335 3709 1539 3771 convexitatis
1564 3710 1686 3771 circulo.

555 3798 676 3859 XXXI.
725 3799 924 3859 Definitio.
972 3798 1146 3860 Convexnm
1172 3811 1225 3860 aut
1248 3818 1353 3859 oavurn
1384 3817 1476 3876 parvo
1503 3799 1549 3858 111
1574 3818 1684 3877 magno
1710 3800 1833 3869 circulo,

468 3886 532 3948 sive
558 3907 722 3948 convexum
748 3899 800 3948 ant
824 3909 929 3949 carum
953 3889 1038 3967 parvi
1063 3889 1110 3949 vel
1135 3889 1235 3967 magni
1265 3888 1382 3961 circuli,
1413 3888 1592 3967 intelligitur
1617 3907 1675 3948 non
1702 3889 1739 3949 de
1765 3908 1832 3949 cor-

468 3995 540 4056 pore
566 3978 621 4037 sed
646 3977 682 4035 de.
707 3979 803 4054 ligura
827 3985 858 4038 et
882 3978 1130 4038 conformatione.

556 4065 693 4125 XXXII.
732 4066 927 4142 Definitio.
972 4067 1061 4127 Parvi
1086 4065 1188 4127 circuli
1213 4065 1389 4126 convexitas
1414 4071 1464 4124 ant
1490 4065 1606 4126 cavitas
1632 4074 1681 4127 est
1705 4086 1833 4146 magua;

470 4172 572 4231 magur
601 4174 705 4233 parva.

529 4232 712 4303 XXXIII.
760 4243 1010 4303 Postulaturn.
1059 4243 1101 4303 Ut
1130 4242 1273 4314 convexi,
1307 4241 1429 4301 concavi
1463 4243 1508 4300 rel
1541 4243 1625 4304 mixti
1659 4244 1843 4322 superficies.

472 4337 598 4409 utraque
623 4341 757 4392 centrum
781 4333 827 4392 sui
852 4332 953 4393 circuli
978 4332 1089 4392 habeat
1112 4333 1140 4392 in
1166 4333 1270 4391 eadenr
1296 4332 1384 4399 linea,
1410 4350 1486 4409 quae
1510 4350 1563 4409 per
1589 4332 1718 4393 inedium
1744 4334 1832 4394 lentis

473 4420 643 4482 umbilicum
670 4429 817 4482 trauseat.

515 1566 567 1629 FIg.
589 1562 613 1611 7.

503 1651 522 1689 B
592 1654 605 1694 11

967 4563 1095 4622 Lentis
1127 4580 1337 4622 concursus.

559 4684 711 4752 XXXIV.
759 4685 983 4764 Propositio.
1031 4685 1064 4746 Si
1089 4695 1231 4765 punctum
1255 4685 1350 4745 mittit
1379 4685 1542 4763 parallelos
1569 4686 1596 4744 in
1623 4685 1737 4748 lentem
1760 4706 1831 4748 cou-

470 4793 577 4835 111101
611 4773 758 4851 portionis
787 4775 910 4835 minoris
944 4794 1031 4854 quarn
1063 4771 1219 4836 11111130ο
1248 4774 1536 4853 perpendiculariter
1569 4773 1741 4853 objectam,
1775 4776 1832 4838 etsi

470 4864 542 4924 nihil
571 4871 730 4941 praeterea
761 4864 881 4924 accidat
914 4864 1021 4936 radiis,
1058 4884 1144 4943 quam
1175 4865 1253 4943 quod
1278 4865 1306 4924 iu
1336 4865 1473 4940 ingressu
1506 4863 1729 4942 refringuntur‚
1763 4873 1832 4926 tuuc

470 4962 612 5014 manente
636 4952 700 5011 solo
726 4950 775 5011 illo
805 4953 889 5014 radio
921 4952 1093 5026 Irrcfraeto,
1125 4954 1174 5032 qui
1198 4972 1251 5031 per
1275 4961 1410 5013 centrum
1442 4952 1553 5012 transit
1586 4953 1737 5031 sphaerae
1760 4973 1830 5033 per-

470 5039 705 5121 pendiculariter
729 5040 863 5103 incidens
888 5042 916 5101 in
942 5042 1142 5123 superficiem,
1176 5041 1270 5102 ceteri
1302 5041 1512 5102 refractionem
1537 5041 1622 5119 passi
1653 5049 1832 5104 concurrunt

385 5149 388 5154 ·
471 5147 538 5196 eum
560 5127 801 5210 perpendiculari
825 5140 895 5211 post
919 5131 1200 5209 sesquidiametrum
1224 5131 1372 5211 sphaerae
1396 5130 1526 5192 cIrciter.
