4584 6192
552 587 615 656 136
1019 591 1209 658 Paralipomeua
1229 595 1255 643 iu
1276 592 1441 643 Vitellioaem.

639 774 730 853 Prop.
765 773 883 836 xvlll.
939 771 1015 833 Lux
1052 770 1086 830 in
1125 771 1370 851 superficiem
1409 770 1550 848 illapsa
1584 768 1839 846 repercutitur
1872 771 1904 833 in

550 863 692 942 plagam
717 863 926 947 oppositam
950 860 1043 921 uude
1069 860 1227 921 advenit.
1266 859 1346 921 Nam
1370 859 1500 921 tributus
1524 868 1573 919 est
1595 857 1653 920 luci
1676 866 1776 919 motus
1800 879 1855 938 per
1877 860 1904 936 l,

552 970 644 1031 quare
668 960 700 1013 et
732 952 848 1032 species
879 958 991 1023 motus,
1024 948 1129 1026 pulsus
1161 968 1279 1027 nempe.
1326 946 1414 1018 Quod
1445 947 1522 1008 enim
1546 946 1646 1008 estin
1671 954 1753 1008 motu
1777 948 1905 1031 physico

550 1038 676 1100 durities
700 1039 937 1119 confligentium,
963 1057 1039 1117 quae
1064 1037 1205 1098 consistit
1226 1038 1255 1097 in
1279 1036 1487 1115 permanentia
1510 1033 1748 1116 superficierum,
1777 1037 1834 1099 hoe
1857 1048 1905 1099 est

549 1127 579 1189 in
605 1129 670 1190 luce
702 1131 782 1190 nuda
812 1127 984 1207 superficies
1017 1145 1069 1186 seu
1102 1126 1272 1188 terminatio
1301 1127 1349 1186 vel
1383 1126 1521 1205 figuratio
1553 1143 1719 1203 corporum.
1766 1124 1812 1186 Eo
1836 1126 1904 1207 ipso

551 1213 658 1288 euim,¹
679 1218 755 1297 quod
788 1235 914 1296 corpora
945 1214 1072 1296 physica
1104 1216 1266 1277 terminata
1296 1223 1327 1275 et
1360 1215 1428 1294 ipsa
1461 1223 1547 1284 sunt,
1580 1214 1655 1274 dura
1686 1213 1905 1294 intelliguntur.

551 1306 657 1367 Mollia
680 1324 750 1367 vero
775 1316 806 1367 et
829 1305 951 1367 humida
975 1304 1133 1381 negatione
1159 1303 1277 1365 termini
1301 1305 1412 1383 proprii
1437 1303 1624 1364 deliniuntur.

643 1393 704 1456 Cur
727 1405 827 1456 autem
852 1403 882 1455 et
905 1393 933 1454 iu
964 1402 1046 1453 motu
1072 1392 1198 1474 physico
1222 1403 1254 1453 et
1278 1392 1306 1453 in
1331 1393 1396 1454 lnce
1425 1393 1544 1454 accidat
1571 1409 1780 1469 repercussus,
1812 1412 1906 1455 causa

551 1492 599 1544 est
624 1482 651 1542 in
676 1491 774 1544 rnotus
798 1482 951 1544 violentia.
992 1480 1066 1543 Cum
1085 1500 1157 1560 ergo
1176 1482 1222 1542 ris
1247 1500 1369 1542 movens
1388 1501 1446 1542 non
1471 1481 1566 1542 omnis
1586 1500 1605 1540 a
1624 1479 1765 1542 conflictu
1789 1480 1904 1544 aboleri

551 1579 662 1652 potest,
688 1573 843 1651 superabit
874 1572 976 1650 itaque
1000 1579 1099 1632 motus
1134 1571 1292 1631 terminum
1322 1591 1395 1631 suae
1419 1570 1532 1641 lineae,
1564 1568 1751 1648 superficiem
1775 1569 1903 1632 scilicet.

551 1665 595 1722 At
619 1679 674 1720 non
699 1668 803 1739 potest
827 1662 854 1721 in
888 1659 1052 1720 directum:
1087 1660 1211 1720 obsistit
1233 1659 1310 1720 enim
1334 1659 1394 1720 illio
1427 1678 1535 1738 eorpus
1559 1657 1690 1737 corpori,
1723 1657 1771 1720 hic
1795 1677 1904 1739 super-

550 1749 633 1809 ficies
656 1750 835 1828 superficiei,
866 1748 927 1810 illic
950 1748 979 1808 iu
1004 1748 1146 1822 solidum,
1166 1749 1219 1809 -lric
1243 1767 1280 1807 ex
1304 1758 1406 1827 parte,
1438 1757 1471 1809 ut
1499 1748 1665 1808 audiemus.
1711 1746 1905 1829 Relinquitur

552 1837 645 1916 igitur
668 1846 702 1898 ut
724 1838 754 1898 in
780 1838 959 1918 oppositum.
1009 1835 1191 1898 Couclunius
1215 1836 1276 1898 ista
1304 1838 1434 1899 sonasse
1462 1838 1525 1898 sic:
1558 1837 1663 1917 pulsus
1692 1845 1740 1897 est
1768 1837 1850 1898 actio
1873 1847 1905 1897 et

552 1926 629 1988 inter
653 1927 828 2001 contrariae
849 1927 903 1987 sed
927 1945 993 1987 cum
1018 1927 1136 1987 actione
1161 1934 1209 1987 est
1231 1933 1335 1988 mutua
1358 1926 1480 2006 passio:
1506 1944 1577 2004 ergo
1596 1933 1629 1986 et
1645 1925 1784 2004 inpulsu.
1826 1926 1904 1987 Per-

551 2015 651 2076 cussui
674 2034 758 2090 vero,
790 2035 848 2095 qua
873 2017 922 2076 lux
946 2015 1017 2076 ferit
1045 2016 1232 2094 superficiem
1256 2035 1293 2075 ex
1317 2035 1375 2075 una
1398 2017 1503 2095 plaga,
1535 2014 1703 2076 contrarius
1727 2023 1776 2076 est
1798 2033 1903 2095 reper-

552 2123 658 2164 cussus
682 2104 711 2164 in
735 2113 853 2183 partera
887 2104 1023 2165 alteram.
1072 2104 1178 2166 Virtus
1202 2104 1295 2177 euim,
1330 2114 1361 2164 et
1384 2124 1460 2184 quae
1493 2104 1601 2165 mobile
1633 2104 1751 2182 appulit
1774 2111 1905 2183 atquae

440 2193 442 2198 ’
552 2192 591 2253 ab
615 2192 753 2272 opposito
776 2193 904 2271 repellit
930 2192 1034 2253 eadem
1059 2201 1115 2266 est,
1142 2194 1210 2272 quia
1234 2193 1262 2253 in
1287 2201 1396 2272 puncto
1420 2192 1551 2254 inflictus
1574 2192 1791 2254 consideratur.

641 2282 730 2361 l‘rop.
755 2280 843 2344 XIX.
890 2281 1150 2360 Repercussus
1184 2282 1230 2342 lit
1262 2282 1305 2342 ad
1338 2283 1518 2361 aequales
1547 2282 1718 2360 angulos,
1747 2289 1784 2342 et
1817 2283 1904 2362 ejus,

551 2370 644 2450 quod
668 2370 813 2450 oblique
837 2370 987 2438 incidit,
1013 2370 1058 2431 ad
1084 2372 1182 2431 latus
1206 2371 1371 2433 alterum.
1403 2371 1463 2432 Est
1481 2372 1521 2445 V,
1540 2368 1590 2432 10.
1612 2369 1796 2433 Vitellianis.
1827 2371 1905 2433 Nam

550 2458 647 2520 virtus
671 2459 806 2538 aequalis
831 2459 986 2538 aequalem
1010 2460 1101 2520 etiam
1125 2468 1236 2521 motum
1260 2460 1483 2539 praesupponit.
1523 2459 1630 2521 Virtus
1651 2478 1721 2521 vero
1740 2459 1770 2519 in
1794 2468 1905 2539 puncto

551 2548 707 2608 conflictus
741 2566 799 2608 una
831 2555 878 2609 est
906 2555 937 2609 et
969 2548 1093 2621 eadem;
1127 2557 1227 2609 motus
1260 2567 1335 2627 erga
1365 2550 1457 2610 etiarn
1490 2548 1635 2627 aequalis.
1692 2546 1754 2609 Sed
1788 2548 1838 2627 qui
1867 2547 1905 2610 ¹ad

551 2636 679 2714 angulos
702 2636 859 2717 aequales,
885 2646 931 2697 est
960 2637 1104 2716 aequalis.
1152 2638 1202 2697 Ad
1231 2638 1357 2715 angulos
1384 2637 1476 2716 igitur
1499 2637 1641 2716 aequales
1665 2636 1724 2698 erit
1751 2637 1905 2699 mobilium

551 2741 756 2803 repercussus.
803 2725 878 2786 Dico
904 2735 935 2785 et
958 2726 986 2785 in
1013 2727 1092 2787 latus
1117 2726 1261 2807 alterum,
1280 2726 1317 2786 ab
1341 2745 1377 2786 eo
1401 2726 1478 2786 unde
1502 2733 1569 2787 erat
1597 2725 1706 2786 mobile
1731 2725 1904 2805 impactum,

551 2811 657 2874 sihoc
682 2814 853 2874 usuvenit.
902 2812 935 2875 Si
960 2815 1038 2875 enim
1071 2834 1188 2894 semper
1221 2824 1460 2893 repercuteretur
1485 2814 1563 2875 linea
1596 2815 1718 2887 eadem,
1752 2823 1905 2893 oporteret

551 2920 671 2982 semper
694 2902 807 2963 directe
832 2921 898 2964 esse
923 2903 1069 2983 allapsum
1092 2923 1146 2983 per
1170 2902 1218 2966 18.
1244 2904 1486 2982 praecedentem.
1516 2905 1561 2964 At
1584 2902 1799 2982 utplurimum
1825 2904 1904 2965 obli-

551 3010 607 3070 que
636 2989 784 3065 illabitur,
818 3010 909 3070 quare
940 3002 1011 3052 tunc
1040 2993 1131 3054 etiam
1161 2994 1254 3072 plaga
1281 2993 1358 3053 unde
1390 2993 1514 3054 advenit
1546 2992 1712 3072 superficiei
1746 2993 1907 3072 opponitur

551 3079 670 3160 oblique
694 3089 727 3141 et
749 3099 808 3141 non
832 3080 965 3152 directe;
989 3101 1185 3160 repercussus
1209 3081 1300 3160 igitur
1325 3081 1417 3142 etiam
1434 3081 1462 3142 in
1486 3082 1608 3161 plagam
1632 3080 1804 3161 oppositam
1828 3081 1906 3143 obli-

551 3187 623 3248 que,
653 3188 711 3229 uon
736 3169 860 3230 directe.
909 3171 967 3229 Vel
991 3171 1118 3231 elarius:
1154 3190 1222 3232 cum
1246 3169 1315 3250 quid
1349 3170 1467 3249 oblique
1498 3180 1635 3232 movetur
1657 3188 1763 3231 versus
1796 3188 1905 3249 super·

551 3257 661 3331 ficiem,
686 3267 784 3318 motus
808 3256 834 3316 is
865 3259 1052 3337 componitur
1075 3280 1113 3320 ex
1134 3258 1374 3339 perpendiculari
1399 3269 1431 3319 et
1457 3260 1604 3339 parallelo
1636 3259 1813 3336 superficiei.
1861 3260 1907 3321 At

552 3345 725 3424 superficies
749 3353 865 3406 tantum
890 3346 917 3407 ei
940 3348 1019 3426 parti
1045 3349 1185 3427 objicitur
1208 3367 1284 3427 quae
1310 3357 1357 3409 est
1382 3347 1410 3407 in
1435 3367 1467 3409 se
1495 3347 1769 3428 perpendicularis,
1795 3367 1853 3409 non
1879 3347 1906 3409 ei

552 3452 628 3512 quae
653 3441 702 3496 est
724 3433 781 3495 sibi
805 3435 979 3513 parallelos.
1027 3435 1129 3507 Quare
1154 3456 1207 3497 uec
1241 3437 1367 3516 impedit
1399 3447 1515 3516 partem
1544 3436 1600 3497 sibi
1633 3437 1818 3516 parallelon,
1851 3437 1906 3498 sed

795 3541 847 3605 lig.
872 3538 914 3590 39.
1165 3525 1279 3604 patitur
1302 3527 1411 3587 mobile
1435 3526 1596 3587 resiliendo
1619 3544 1744 3605 pergere
1769 3526 1807 3586 ad
1831 3544 1906 3605 par-

1168 3624 1229 3674 tem
1252 3614 1395 3688 alteram,
1421 3615 1500 3676 sicut
1522 3615 1697 3677 advenerat.
1744 3612 1794 3676 Sit
1828 3613 1910 3675 CDF

1042 3686 1101 3768 Λ
1168 3704 1438 3781 superlinearem
1468 3711 1568 3764 motus
1593 3703 1686 3777 lucis;
1717 3703 1910 3764 continuetur

976 3770 1040 3866 s
1135 3791 1223 3873 1rm
1247 3792 1275 3852 in
1300 3791 1326 3851 a
1350 3812 1457 3853 secans
1483 3792 1565 3853 ons
1594 3792 1623 3853 ru
1649 3792 1676 3851 u
1700 3800 1732 3852 a
1759 3792 1801 3853 sa
1825 3790 1931 3853 ons·

911 3800 1150 4016 ss
1168 3882 1303 3960 aequalis
1328 3879 1431 3954 CDA3
1456 3900 1521 3942 cum
1546 3899 1617 3960 ergo
1646 3888 1776 3960 ponatur
1799 3898 1908 3959 super·

893 3961 910 3986 s
953 4017 958 4024 ,
1166 3969 1393 4031 liclesCDnon
1412 3970 1556 4048 impedire
1581 3969 1732 4030 motumB
1754 3970 1781 4029 in
1803 3976 1910 4048 parte-s

1078 4099 1081 4104 ·
1167 4078 1185 4116 a
1208 4059 1233 4119 Β
1258 4078 1362 4119 versus
1386 4057 1457 4130 ΑΕ,
1486 4078 1543 4120 non
1569 4076 1640 4136 ergo
1670 4056 1801 4120 variabit
1825 4057 1909 4119 CDE

1166 4149 1317 4224 angulum.
1364 4148 1444 4209 Nam
1474 4148 1531 4209 nisi
1562 4148 1588 4208 B
1619 4146 1700 4208 inD
1732 4155 1909 4226 repercute-

1164 4245 1262 4306 retur,
1301 4237 1415 4297 laceret
1452 4234 1535 4297 CDE
1573 4237 1714 4314 angulum
1751 4235 1909 4314 aequalem

1165 4325 1220 4404 ipsi
1253 4324 1336 4385 BDF
1366 4325 1436 4404 quia
1471 4334 1555 4385 recta
1587 4333 1670 4385 esset
1704 4324 1784 4384 linea
1815 4323 1909 4384 BDE.

1165 4416 1209 4475 At
1233 4433 1289 4473 uon
1315 4412 1481 4493 impediens
1506 4411 1589 4474 cul:
1621 4414 1776 4491 angulum,
1802 4431 1909 4493 reper-

553 4502 632 4565 cutit
655 4510 754 4562 tamen
780 4499 804 4558 B
830 4499 857 4559 iu
882 4510 985 4580 partes
1011 4505 1077 4564 lm.
1125 4504 1208 4581 Ergo
1243 4502 1434 4583 quantumB
1467 4522 1524 4561 non
1558 4520 1765 4582 repercussum
1800 4500 1908 4563 luisset

551 4610 761 4656 concessurum
787 4590 815 4649 iu
840 4599 945 4667 partes
969 4613 988 4652 a
1011 4592 1036 4651 B
1060 4612 1165 4653 versus
1191 4590 1255 4662 ΑΕ,
1282 4600 1399 4651 tautum
1423 4591 1527 4651 eodem
1557 4589 1696 4651 concedit
1719 4591 1777 4651 etsi
1803 4609 1908 4670 reper-

551 4683 703 4753 cutiatur;
728 4698 785 4740 nou
812 4687 912 4739 autem
936 4680 963 4739 in
988 4682 1014 4741 l]
1039 4680 1109 4761 quia
1133 4680 1350 4757 repercutitur3
1381 4699 1452 4756 ergo
1476 4679 1504 4738 iu
1530 4680 1574 4751 A,
1600 4687 1633 4739 ut
1657 4676 1740 4740 CDE
1765 4689 1797 4741 et
1822 4678 1908 4742 CDA

551 4771 613 4833 sint
636 4769 796 4849 aequales,
830 4767 884 4827 sed
908 4776 940 4828 et
964 4769 1064 4842 BDF,
1100 4766 1183 4830 col:
1215 4769 1313 4829 forent
1346 4769 1487 4849 aequales
1512 4768 1576 4828 sine
1606 4786 1805 4846 repercussu;
1837 4787 1908 4848 ergo

549 4860 633 4922 BDF
657 4855 837 4919 incidentiae
862 4864 894 4916 et
916 4856 1003 4918 ADC
1030 4858 1200 4919 reflexionis
1225 4857 1325 4936 auguli
1351 4866 1422 4918 suut
1445 4857 1597 4936 aequales.

641 4948 730 5026 Prop.
769 4945 839 5006 XX.
899 4945 980 5006 Lux
1017 4947 1051 5007 iu
1094 4947 1334 5026 superficiem
1371 4946 1482 5007 medii
1521 4944 1708 5007 densioris
1753 4944 1909 5027 oblique

551 5037 690 5115 illapsa
713 5033 940 5111 refringitur
964 5034 1005 5094 ad
1030 5035 1379 5117 perpendicularem
1404 5035 1644 5113 superficiei.
1683 5033 1762 5096 Nam
1781 5054 1835 5114 per
1860 5030 1908 5097 ll.

550 5136 582 5188 et
601 5124 651 5189 16.
677 5126 726 5186 lux
750 5123 797 5185 hie
821 5122 914 5184 motui
938 5142 991 5184 suo
1015 5125 1176 5193 contraria,
1201 5125 1297 5184 medio
1322 5125 1432 5185 similia
1456 5124 1580 5201 patitur.
1617 5126 1663 5184 At
1686 5133 1786 5185 molus
1811 5125 1909 5187 lucem
