4584 6192
475 544 543 613 ιιι
900 548 1409 616 momumentstmpemse

476 723 526 787 bio
545 724 578 785 in
600 723 703 787 Terris
726 724 949 801 animadvertit,
973 727 1004 788 in
1026 726 1134 789 ultima
1156 726 1288 808 sphaera
1309 727 1394 789 sidus
1415 725 1572 789 incendit?
1607 724 1763 797 Quidnam
1787 738 1840 793 est

475 812 543 887 boc,
567 813 652 892 cnjus
674 831 783 875 sensus
805 824 855 875 est
877 817 906 876 in
929 817 1033 891 Terra,
1056 817 1194 896 potentia
1216 823 1279 876 tam
1303 817 1444 877 absoluta
1466 816 1496 876 in
1520 835 1660 895 supremo
1684 819 1839 881 aethere?

563 902 786 967 Breuggerus,
813 903 879 953 lecto
896 904 999 968 Kepleri
1017 904 1077 953 libro
1096 905 1127 954 de
1145 918 1211 953 nora
1237 903 1326 963 stella,
1353 905 1418 955 haee
1440 904 1509 955 dedit
1526 903 1636 969 Keplero
1655 905 1838 965 (Kaaiburnse

476 970 531 1024 cut.
550 970 620 1036 Sept
640 970 738 1035 lton:
757 973 803 1023 Vn
821 973 967 1027 Clarissimo.
989 977 1074 1025 Amice
1092 975 1245 1025 honorande.

565 1041 638 1104 Quod
655 1044 685 1091 iis
704 1044 817 1095 accidere
835 1045 912 1105 solet,
940 1049 980 1112 qui
1000 1053 1073 1096 nocte
1096 1048 1227 1111 ingruente
1255 1047 1331 1111 quieti
1349 1060 1376 1096 se
1395 1046 1511 1101 tradunt,
1529 1051 1558 1094 ut
1576 1047 1673 1110 quidem
1693 1048 1786 1112 torpidi
1804 1063 1835 1099 ac

475 1115 569 1163 mentes
587 1116 690 1163 mortuis
702 1129 752 1164 non
770 1116 899 1166 dissimiles
914 1120 1019 1180 iaceant
1038 1131 1067 1168 ac
1080 1132 1155 1166 mane
1173 1118 1337 1167 illucescentis
1361 1117 1410 1168 diei
1429 1118 1545 1167 clan'tate
1563 1119 1665 1167 meitati
1686 1121 1838 1170 reviviscant

476 1191 504 1235 et
521 1186 555 1234 sd
572 1188 659 1235 munia
670 1198 718 1234 sus
729 1188 887 1252 exsequenda
905 1189 1010 1238 redeant
1028 1188 1177 1237 aleonores:
1196 1190 1261 1237 ιιιι
1273 1189 1333 1237 mihi
1345 1190 1397 1238 iere
1415 1189 1529 1253 contigit,
1547 1195 1678 1253 postquam
1696 1190 1762 1240 liber
1778 1198 1836 1240 ιιιι

475 1255 615 1308 tle-Nora
633 1256 738 1307 Stella
757 1259 791 1307 ad
808 1273 878 1309 meas
890 1275 979 1310 manus
997 1261 1115 1324 pervenit
1141 1259 1323 1324 Hujusquipps
1341 1260 1451 1309 lumen
1469 1262 1506 1309 its
1523 1259 1617 1309 affulsit
1634 1275 1708 1311 meas
1725 1262 1835 1313 matbui

476 1340 580 1391 samque
598 1327 706 1378 biennali
724 1343 809 1378 murno
828 1346 969 1394 oppressam
987 1338 1014 1381 et
1029 1334 1082 1393 jam
1100 1331 1152 1380 iere
1170 1340 1307 1380 emortuam
1325 1345 1369 1380 suo
1387 1329 1516 1395 splendore
1534 1333 1665 1392 excitarit,
1683 1339 1713 1381 ut
1730 1334 1834 1383 tandm

476 1397 569 1456 oculos,
588 1399 698 1464 ιιιιιιιι
718 1399 799 1450 adbuc
817 1408 926 1466 torpens,
947 1404 1041 1466 aperire
1061 1409 1087 1451 et
1104 1401 1235 1467 resigilare
1254 1404 1371 1466 coeperit,
1391 1416 1456 1467 quae
1475 1401 1537 1451 alias
1556 1403 1660 1452 tortasse
1680 1402 1837 1455 dormivisset

475 1482 587 1519 ιιιιιιιι
606 1469 803 1532 Epimenideum.

563 1540 694 1590 Habebam
712 1542 739 1589 iu
757 1545 848 1603 auimo,
867 1545 900 1592 mi
918 1543 1036 1607 Keplere,
1052 1546 1106 1606 jam
1125 1542 1217 1593 dudum
1235 1549 1291 1607 post
1309 1550 1426 1606 acceptas
1445 1548 1505 1592 ante
1523 1544 1648 1592 biennium
1668 1558 1686 1593 a
1702 1550 1730 1593 te
1749 1544 1835 1595 literas

476 1612 562 1662 statim
580 1612 625 1662 tibi
642 1612 786 1663 rescribere.
811 1613 847 1664 Ut
864 1622 949 1665 autem
967 1615 1069 1664 solidius
1082 1615 1115 1664 ad
1127 1622 1153 1665 te
1165 1617 1289 1663 mittere·
1307 1629 1450 1677 responsum
1468 1613 1600 1678 (siquidem
1613 1622 1687 1664 eraut
1705 1617 1835 1674 ιιιιιιιι.

474 1684 500 1733 iu
520 1684 606 1747 quibm
625 1696 642 1731 a
659 1690 685 1731 ιι
703 1683 893 1745 dissentiebam,
923 1686 1029 1735 necdum
1047 1693 1113 1734 totus
1131 1688 1157 1734 in
1180 1694 1251 1735 tuam
1269 1687 1304 1734 ire
1328 1687 1478 1735 ιιιιιιιιιιι
1504 1684 1629 1748 possum,
1658 1701 1835 1749 pmposuesam

477 1754 546 1812 mihi,
565 1756 632 1818 prius
648 1753 841 1818 Paralipomena
857 1764 903 1806 tua
916 1755 1006 1819 Optica
1024 1757 1105 1805 denuo
1125 1758 1244 1806 ιιιιιιιιι
1262 1756 1398 1821 perlegere.
1431 1755 1482 1805 Sed
1500 1756 1558 1805 dum
1577 1758 1654 1805 otium
1672 1758 1715 1805 isti
1733 1757 1835 1807 lectioni

476 1825 630 1875 ιιιιιιιιιι
649 1832 777 1889 exspecto,
797 1826 893 1877 iactum
911 1833 962 1887 est,
986 1835 1016 1876 ιι
1033 1843 1129 1891 semper
1147 1827 1180 1877 ad
1199 1828 1250 1877 alia
1275 1826 1422 1877 distraheret
1447 1827 1555 1891 mihique
1582 1828 1687 1900 subinde
1705 1831 1835 1893 negotium

473 1909 551 1946 unum
564 1910 594 1945 es
613 1896 691 1945 altero
709 1903 858 1954 numeretur,
877 1898 965 1963 quibus
983 1898 1105 1949 haetenus
1122 1898 1254 1962 impeditus
1266 1899 1374 1947 ιιιιιιιι
1391 1898 1603 1954 mathematicum,
1621 1913 1693 1948 meas
1704 1900 1833 1963 quondam

474 1967 586 2023 delicias.
604 1967 679 2030 plane
697 1967 809 2019 ιιιιιιιι
827 1977 929 2019 coactus
946 1971 990 2025 ini,
1002 1985 1050 2020 uec
1061 1971 1159 2027 librum,
1176 1970 1241 2034 quod
1252 1970 1312 2019 mihi
1323 1983 1506 2033 proposueram,
1524 1968 1634 2019 residem
1652 1971 1735 2033 potui.
1759 1970 1834 2020 ilaec

474 2039 552 2088 unica
569 2050 647 2088 causa
664 2046 711 2094 est.
729 2054 795 2104 quae
812 2055 853 2091 me
865 2041 982 2098 cohibuit,
1000 2056 1048 2106 quo
1059 2044 1140 2091 miuus
1159 2042 1203 2089 tibi
1220 2041 1385 2105 responderim
1399 2041 1465 2091 sieut
1481 2043 1658 2091 constituerem
1674 2048 1702 2091 et
1720 2043 1835 2092 amicitis

475 2117 562 2159 nostra
578 2108 754 2173 postulaverat

563 2179 655 2230 Restat
672 2182 748 2247 igitur
764 2188 793 2231 ut
810 2187 836 2232 te
855 2196 965 2240 exorem,
984 2197 1016 2232 ne
1034 2196 1128 2232 moram
1146 2183 1221 2232 istam
1240 2189 1266 2232 et
1283 2182 1407 2232 silentium
1426 2183 1523 2231 sinistre
1541 2183 1725 2245 interpreteris,
1745 2182 1790 2232 sed
1807 2189 1835 2233 ιι

475 2251 588 2301 tarditati
605 2266 687 2307 meae,
705 2254 758 2317 imo,
772 2254 871 2317 torpori,
889 2254 987 2303 veniam
1005 2254 1057 2303 des.
1086 2254 1149 2303 Idsi
1165 2255 1334 2318 impetravero,
1354 2253 1466 2311 studebo,
1484 2254 1553 2302 utin
1571 2260 1698 2317 posterum
1717 2254 1835 2304 ιιιιιιιι

475 2323 541 2374 ιιιιι
558 2323 692 2374 sedulitate
710 2331 737 2373 ct
753 2324 893 2389 ireqneutis
910 2325 1036 2375 literarm
1054 2327 1184 2389 corrigam.

566 2394 699 2459 Postquam
717 2408 783 2444 anno
801 2398 909 2459 proximo
927 2411 957 2445 es
970 2396 1149 2446 autumnalium
1167 2396 1333 2447 nundinarum
1351 2395 1466 2459 catalogo
1485 2396 1596 2459 cognovi,
1614 2394 1704 2444 librum
1724 2411 1742 2446 a
1759 2403 1786 2446 te
1804 2396 1835 2446 ds

475 2457 549 2515 liora
567 2464 647 2515 Stella
664 2465 758 2515 editum
776 2481 841 2525 esse,
867 2466 969 2517 mirifice
995 2468 1106 2517 laetatus
1124 2482 1196 2524 sum3
1224 2468 1333 2517 sciebam
1359 2468 1437 2521 enirn,
1457 2481 1474 2515 s
1492 2472 1517 2515 te
1536 2466 1633 2514 nonnisi
1655 2466 1791 2529 praeclara
1809 2474 1835 2517 et

475 2536 619 2602 singularia,
637 2537 764 2600 rulgarem
782 2537 959 2601 philosophiam
977 2539 1113 2587 nonnullibi
1132 2540 1284 2601 superantia,
1302 2537 1423 2601 proficisci
1440 2537 1526 2586 solere.
1557 2539 1592 2585 Δι
1610 2539 1696 2586 neseio
1714 2553 1765 2602 quo
1782 2538 1834 2587 iate

474 2607 534 2658 mni
551 2623 601 2657 uon
620 2609 732 2673 configit,
750 2608 838 2657 librum
857 2616 916 2659 ante
935 2609 1042 2659 medium
1060 2612 1154 2659 mensis
1172 2609 1235 2671 Msji
1252 2624 1331 2672 nuper
1348 2609 1426 2672 elapsi
1451 2607 1547 2665 ιιιιιι,
1567 2611 1637 2670 mins
1655 2608 1767 2659 lectione
1784 2624 1834 2659 usu

475 2685 575 2730 tantum
592 2692 747 2742 summopere
766 2680 926 2737 delectatum,
944 2681 988 2730 sed
1005 2681 1073 2731 baud
1091 2695 1179 2744 parum
1196 2681 1328 2743 proiecisse
1346 2695 1386 2729 me
1403 2680 1490 2729 lubens
1508 2679 1597 2728 iateor.

563 2749 638 2809 Nam,
658 2757 687 2798 ιι
705 2757 791 2800 cetera
807 2752 903 2808 sileam,
929 2754 1135 2817 trigonorum
1160 2760 1275 2801 naturam
1288 2748 1356 2814 (cap.
1370 2751 1404 2801 IL
1418 2750 1464 2800 ιιι.
1477 2747 1633 2808 ill-vlu.)
1647 2758 1671 2800 ιι
1685 2758 1835 2813 mpectuusr

475 2821 596 2872 ιιιιιιιιι
616 2819 684 2885 (cap.
696 2818 753 2882 1x.)
772 2829 825 2871 tarn
844 2822 980 2887 eleganter,
999 2832 1051 2872 tarn
1070 2824 1143 2872 docte
1157 2837 1186 2872 ac
1205 2822 1363 2886 probabiliter
1381 2822 1498 2885 explicas,
1518 2822 1619 2870 resectis
1639 2827 1716 2885 atque
1734 2825 1834 2885 rejectis

475 2891 577 2941 infinitis
595 2895 646 2941 iere
665 2892 842 2957 astrologorum
860 2895 958 2958 ineptiis
977 2902 1003 2943 et
1020 2894 1242 2957 superstitionibus,
1261 2901 1351 2941 utnon
1369 2894 1460 2956 possim
1478 2907 1526 2940 non
1545 2893 1651 2940 maxime
1669 2893 1717 2941 tibi
1735 2893 1835 2957 quidem

474 2965 569 3029 gratim
588 2977 663 3028 agere
679 2978 724 3027 pro
741 2965 904 3025 institutione,
923 2965 982 3013 mihi
1000 2981 1057 3014 vero
1075 2964 1203 3030 gratulari,
1223 2964 1287 3027 quod
1306 2966 1356 3013 ists
1374 2978 1404 3014 ex
1421 2970 1447 3012 te
1466 2964 1600 3012 didicerim.
1629 2962 1731 3013 Videris
1747 2971 1834 3013 tamen

474 3033 534 3086 miti
562 3037 654 3098 passim
672 3035 698 3083 in
716 3035 763 3084 hoo
789 3036 866 3092 libro,
894 3038 1039 3099 praesertim
1065 3051 1122 3085 sero
1141 3035 1203 3098 Cap·
1222 3034 1291 3084 vm.
1312 3041 1338 3083 et
1355 3034 1386 3083 X.
1413 3048 1493 3084 norae
1520 3034 1648 3096 cujusdam
1678 3044 1706 3083 at
1732 3037 1835 3097 purioris

475 3105 625 3170 analogiae
644 3106 808 3155 fundamenta
825 3114 971 3165 monstrare,
991 3110 1091 3170 ejusque
1110 3106 1258 3171 dignitatem
1276 3115 1303 3155 et
1320 3106 1393 3155 tidem
1413 3107 1444 3155 ab
1462 3106 1556 3168 injuriis
1575 3111 1601 3153 et
1619 3105 1834 3155 criminationibus

475 3176 670 3227 ιιιιιιιιιιιιιι
688 3178 725 3226 ιιι
742 3177 876 3239 vindicare,
895 3186 924 3227 ut
940 3194 980 3228 me
996 3178 1080 3241 jndice
1106 3177 1243 3241 astrologos
1262 3191 1311 3226 nou
1331 3175 1476 3235 offenderis,
1496 3175 1540 3224 sed
1558 3174 1663 3224 multum
1682 3176 1728 3225 tibi
1749 3177 1834 3226 deriu-

473 3249 547 3298 xeris.
593 3245 675 3296 Valde
702 3247 761 3297 mihi
790 3248 882 3298 arridet
907 3257 953 3299 tua
980 3249 1105 3298 sententia
1132 3248 1163 3297 de
1197 3248 1311 3298 efficacia
1343 3248 1610 3309 conjunctionum
1643 3262 1834 3312 magnarum

473 3313 550 3380 (Cap.
562 3315 655 3378 villi,
674 3318 739 3383 quod
756 3333 841 3370 earum
861 3321 994 3369 essentiam
1013 3321 1105 3369 nonin
1124 3320 1269 3370 collectione
1288 3319 1415 3374 luminum,
1434 3319 1515 3368 sedin
1533 3319 1586 3380 ipso
1604 3324 1654 3365 astu
1673 3318 1781 3367 duorum
1797 3319 1835 3368 ιιι

473 3387 580 3453 plurium
606 3390 762 3453 planetarum
789 3393 905 3455 reponis,
932 3398 958 3440 ιι
982 3392 1048 3440 hunc
1074 3392 1148 3439 situm
1173 3407 1217 3441 seu
1245 3390 1436 3453 applicationem
1454 3403 1470 3438 a
1487 3389 1566 3438 Terra
1590 3390 1685 3452 percipi
1704 3398 1733 3438 et
1750 3390 1833 3439 ιιιιιιι

474 3459 559 3509 scribis
574 3462 608 3510 ad
620 3475 677 3510 eum
688 3462 795 3516 modum,
809 3477 856 3527 quo
874 3477 961 3511 sensus
979 3464 1084 3526 percipit
1101 3476 1173 3511 sunm
1192 3462 1323 3523 objectum.
1347 3461 1401 3510 Hoc
1414 3461 1519 3509 fortasse
1537 3460 1685 3522 quibusdam
1703 3461 1832 3511 obscurum

473 3531 578 3589 ridetur,
597 3532 656 3580 mihi
676 3548 724 3581 non
743 3535 811 3591 item,
831 3535 872 3597 qui
892 3535 1028 3596 exemplum
1048 3535 1171 3596 magnetis
1185 3534 1243 3581 mihi
1262 3547 1376 3595 propono.
1404 3531 1439 3579 Ut
1458 3533 1522 3579 enim
1541 3545 1645 3593 magnes
1664 3546 1716 3579 non
1736 3539 1831 3581 tanturn

474 3606 550 3652 sentit
568 3606 735 3666 praesentiam
753 3606 878 3668 magnetis
897 3604 997 3654 alterius
1011 3613 1036 3653 et
1049 3605 1081 3653 ad
1094 3605 1162 3653 illam
1176 3604 1251 3653 veluti
1265 3604 1379 3659 exsultat,
1399 3602 1442 3650 sed
1456 3604 1508 3664 eJns
1521 3603 1594 3649 situm
1612 3616 1710 3665 quoque
1730 3604 1831 3666 percipit

474 3681 501 3723 et
518 3690 560 3738 pro
580 3673 676 3723 diversa
700 3679 752 3737 ejus
781 3676 946 3738 applicatione
974 3676 1109 3725 secundnm
1132 3675 1200 3738 polos
1218 3674 1257 3723 ιιι
1276 3681 1434 3736 aequatorem
1452 3674 1490 3721 rel
1509 3671 1640 3734 parallelos
1670 3674 1831 3723 diversimode

473 3745 588 3802 aflicitur,
601 3748 637 3794 ita
649 3747 708 3794 mihi
727 3747 871 3810 persuadeo,
891 3747 962 3795 simili
974 3748 1012 3796 ιιι
1026 3747 1113 3796 saltem
1133 3747 1242 3810 analoga
1260 3745 1380 3794 facultate
1393 3745 1494 3792 Terram
1512 3744 1603 3791 sentire
1622 3746 1721 3805 positus
1737 3754 1764 3793 et
1777 3760 1830 3794 con·

470 3818 611 3880 iunctiones
629 3818 735 3867 siderum
755 3826 780 3867 et
793 3819 824 3866 ab
838 3819 867 3865 iis
886 3818 1046 3866 diversimode
1066 3819 1139 3866 affici.
1166 3816 1252 3879 Neque
1267 3816 1379 3878 displicet
1397 3823 1542 3878 aspectuum
1561 3829 1678 3863 numerus
1692 3818 1831 3865 octonarius

472 3900 490 3937 s
505 3894 532 3937 ιι
551 3903 636 3937 ιιιιιι
654 3890 781 3945 ιιιιιιιι,
806 3904 878 3952 quem
897 3890 1032 3952 antiquitus
1056 3889 1173 3952 astrologi
1199 3889 1310 3952 quinario
1333 3885 1578 3949 comprehenderant.
1617 3884 1686 3934 Num
1705 3887 1830 3950 praeclare

471 3965 499 4008 ιι
516 3974 573 4009 rere
592 3961 685 4016 scribis,
704 3962 856 4024 geometriae
875 3962 979 4025 vestigia
991 3962 1016 4008 in
1029 3961 1120 4009 mundo
1134 3974 1189 4008 esse
1202 3972 1325 4021 expressa,
1346 3957 1444 4006 acideo
1462 3964 1578 4005 naturam
1595 3956 1621 4004 in
1635 3959 1829 4019 proportionibm

470 4030 516 4079 sibi
529 4031 697 4089 familiaribus,
718 4031 876 4095 agnoscendo
893 4046 965 4080 suum
978 4031 1147 4094 archetypum,
1168 4030 1295 4078 delectari.
1322 4028 1409 4077 Voluit
1425 4028 1491 4077 idem
1508 4028 1611 4076 fortasse
1629 4028 1763 4079 insinuare
1774 4028 1830 4077 liber

471 4099 626 4164 Sapientiae,
645 4116 701 4164 cap.
720 4102 762 4151 xl.
784 4102 884 4159 docens,
904 4102 986 4151 Deum
1005 4105 1089 4152 omnia
1105 4114 1237 4159 mensura,
1256 4114 1357 4149 numero
1377 4107 1403 4148 ιι
1420 4099 1528 4162 pondere
1547 4098 1708 4161 disposuisse.
1747 4100 1829 4163 Itaque

470 4172 585 4222 credibile
605 4179 655 4232 est,
681 4181 797 4222 naturam
821 4188 870 4221 non
897 4180 996 4222 tantum
1022 4189 1108 4223 vocum
1128 4180 1154 4222 ιι
1171 4187 1299 4226 sonorum,
1326 4171 1416 4220 sedet
1441 4170 1545 4218 aliarum
1571 4184 1653 4218 rerum
1672 4178 1701 4218 et
1724 4171 1830 4235 inprimis

471 4252 618 4306 aspectuum
637 4245 779 4294 coelestium
798 4251 933 4294 concentus
952 4244 1070 4293 similibus
1089 4244 1282 4307 proportionibus
1302 4241 1431 4305 complecti
1451 4249 1477 4289 et
1489 4240 1610 4289 involvere
1630 4240 1751 4299 voluisse,
1770 4254 1830 4307 quse

470 4327 527 4364 curu
545 4316 571 4362 in
589 4316 688 4364 vocibus
707 4315 922 4378 deprehendantur
940 4315 1087 4378 octuplices,
1108 4330 1152 4364 eas
1170 4316 1196 4363 in
1215 4313 1356 4376 aspectibus
1375 4326 1453 4376 aeque
1479 4311 1626 4373 multiplices
1652 4317 1741 4362 tecum
1759 4312 1828 4362 sesu-

468 4385 551 4441 mabo,
571 4386 649 4434 donec
677 4386 744 4435 aliud
772 4388 924 4449 experientia
942 4393 968 4435 et
990 4389 1086 4436 ratione
1112 4386 1214 4435 edoctus
1237 4386 1315 4434 tuero.
1353 4382 1468 4446 Suspicor
1488 4396 1543 4447 ego,
1562 4396 1592 4430 ex
1610 4381 1659 4430 hoc
1677 4384 1752 4434 fonte
1769 4398 1829 4445 sym

468 4456 569 4521 pathias
588 4464 614 4507 ct
633 4458 786 4520 antipathias
803 4472 883 4507 rerum
902 4458 1051 4507 naturalium
1070 4472 1226 4522 promanare.
1258 4455 1351 4504 Verum
1370 4454 1471 4518 nequid
1491 4452 1641 4501 dissimulem
1660 4455 1697 4502 mi
1716 4455 1829 4519 chlerc,

468 4527 494 4577 id
513 4535 613 4592 praeter
630 4530 751 4577 rationem
765 4544 782 4579 a
794 4536 819 4578 te
838 4530 930 4578 iactum
943 4536 1012 4592 puto,
1032 4531 1097 4593 quod
1115 4530 1140 4577 in
1155 4528 1318 4591 explicatione
1337 4526 1553 4573 consonantiarum
1566 4539 1617 4572 non
1632 4524 1707 4588 bigas
1726 4534 1829 4578 nutum.

468 4598 512 4648 sad
531 4601 609 4665 trigas
627 4614 714 4647 vocum
732 4601 846 4665 proponis
865 4600 1066 4657 considerandas,
1086 4616 1141 4649 curn
1160 4607 1244 4647 ιιιιιι
1263 4612 1342 4647 sermo
1361 4596 1394 4645 sit
1406 4596 1436 4644 ιι
1455 4596 1641 4658 simplicissimis
1660 4597 1830 4648 concentibus.

470 4672 554 4735 quiin
576 4672 680 4719 duarum
698 4684 786 4719 vocum
804 4671 935 4720 collatione
955 4674 1098 4720 consistunt.
1136 4669 1182 4718 Vis
1201 4669 1340 4724 ostendere,
1359 4667 1423 4730 quod
1442 4668 1467 4713 iu
1485 4681 1534 4714 uno
1554 4666 1678 4728 diapason
1698 4672 1830 4729 systemata

467 4743 625 4804 reperiantur
642 4746 698 4789 octo
717 4755 811 4805 genera
829 4749 1002 4798 concentuum,
1022 4758 1071 4791 non
1090 4741 1161 4804 plura
1178 4755 1226 4789 neo
1249 4741 1384 4803 pauciora,
1410 4744 1437 4785 et
1454 4737 1543 4786 deinde
1562 4742 1664 4800 praeter
1693 4739 1829 4788 institutum

467 4812 516 4861 illis
543 4812 688 4876 superaddis
716 4827 760 4862 sex
778 4811 841 4870 alia,
869 4816 976 4875 quaein
995 4813 1121 4877 praedicto
1145 4818 1281 4874 systemate
1299 4825 1350 4858 non
1368 4810 1534 4861 eontinentur.
1553 4808 1597 4857 sed
1617 4807 1681 4858 illud
1702 4810 1829 4864 ιιιιιιιι,

467 4896 515 4933 ιιι
543 4886 674 4947 quicquam
700 4884 733 4932 ad
758 4885 937 4947 propositarum
964 4894 1019 4934 ootn
1046 4884 1192 4947 simplicium
1218 4881 1435 4933 consonantiarum
1461 4880 1664 4928 constitutionem
1695 4881 1830 4933 emerunt

468 4967 492 5003 ι,
512 4968 534 5005 ι.
554 4955 632 5004 ιιιιιι
650 4954 821 5012 consonantia,
841 4969 915 5018 quam
934 4958 1034 5004 tertiam
1053 4956 1140 5003 duram
1157 4961 1256 5009 vocant,
1277 4951 1389 5003 consistit
1402 4951 1428 4999 in
1446 4950 1541 4998 duabus
1559 4950 1661 4998 vocibus
1676 4951 1725 5001 sub
1738 4953 1830 5001 nflona

468 5026 640 5090 sesquiquarta
659 5026 791 5090 dispositis.
832 5025 903 5075 Haec
924 5027 956 5075 ad
975 5028 1013 5076 sni
1030 5027 1200 5091 integritatem
1225 5024 1294 5073 nulla
1313 5024 1364 5072 alia
1381 5035 1441 5071 roos
1459 5021 1572 5086 indiget;
1597 5020 1657 5085 quid
1679 5022 1758 5087 igitur
1775 5034 1830 5086 opus

467 5093 515 5146 luit
533 5098 557 5145 ei
575 5097 741 5160 superaddere
759 5097 871 5146 ditonum
896 5112 969 5159 super
998 5093 1177 5160 disdiapason?
1208 5095 1273 5160 Ergo
1298 5097 1351 5156 ejus
1379 5093 1544 5142 consideratio
1568 5106 1764 5157 mpetracanes
1787 5097 1829 5147 est,
