4584 6192
1879 574 2339 626 xxm-xxxvl.
3331 577 3460 645 533

927 747 1031 812 Sit
1075 749 1316 830 aliquod
1362 759 1645 828 punctum
1714 751 2135 832 longinquum,
2198 752 2355 830 quod
2415 750 2668 812 irradiet
2714 752 3010 831 sphaerae
3075 757 3464 838 crystallinae

745 838 1082 915 portionem
1139 837 1271 898 BD.
1364 838 1447 898 Et
1514 843 1596 902 sit
1661 840 1828 902 BCD
1893 842 2083 902 minor
2148 835 2289 902 30⁰.
2385 839 2675 900 Radiatio
2742 840 2924 918 igitur
2989 845 3105 905 erit
3166 845 3468 926 parallela

745 945 855 1006 per
900 926 1142 988 XXIII.
1218 927 1447 988 Horum
1493 929 1792 990 radiorum
1842 931 2005 991 solus
2054 927 2135 989 IC
2184 929 2266 988 sit
2313 927 2848 1007 perpendicularis,
2897 930 3113 1012 qnippe
3162 953 3270 1014 per
3317 955 3464 997 cen-

749 1025 907 1076 trum
956 1016 1017 1077 A
1065 1015 1389 1077 transiens.

931 1102 1225 1166 Sumatur
1276 1113 1524 1184 praeter
1582 1106 2133 1185 perpendicularem
2180 1105 2266 1169 IC
2342 1124 2492 1165 unus
2547 1106 2974 1184 parallelorum
3023 1111 3082 1172 in
3145 1119 3284 1174 aere
3331 1110 3468 1192 qui..

746 1211 1018 1272 cunque,
1069 1193 1122 1255 is
1170 1193 1252 1253 sit
1297 1191 1443 1255 HG.
1538 1191 1697 1263 Quia
1743 1214 1886 1273 ergo
1933 1192 2055 1256 IIG
2104 1194 2340 1274 oblique
2396 1193 2606 1254 incidit
2661 1193 2718 1254 in
2777 1212 2993 1273 snper-

752 1282 946 1343 ficiem
992 1279 1194 1355 BGC,
1245 1299 1354 1359 per
1399 1284 1480 1344 II.
1532 1283 1894 1362 refringetur
1937 1302 2148 1345 versus
2208 1282 2760 1362 perpendicularem
2809 1301 2884 1343 ex
2933 1281 2992 1343 G
3129 1271 3238 1335 Pig.
3275 1269 3326 1320 8·

748 1380 972 1451 puncto
1020 1370 1415 1444 incidentiae,
1466 1390 1617 1451 quae
1666 1372 1749 1432 sit
1798 1371 1949 1445 GA,
1997 1373 2084 1433 sic
2141 1382 2206 1434 ut
2265 1372 2421 1432 infra
2468 1369 2524 1430 G
2573 1390 2689 1432 non
2739 1370 2994 1452 amplius

749 1458 1028 1540 paralleli
1096 1459 1222 1519 sint
1275 1459 1360 1522 IC
1424 1469 1487 1521 et
1532 1460 1673 1522 HG.
1770 1459 2144 1523 Concurrent
2213 1461 2414 1540 igitur.
2508 1459 2607 1521 Sit
2672 1478 2994 1521 concursus

753 1550 811 1611 in
862 1550 914 1610 F
961 1556 1024 1609 et
1068 1545 1191 1609 HG
1239 1548 1297 1608 in
1350 1547 1461 1611 GF
1516 1550 1896 1629 refringatur.
1991 1550 2151 1612 Nam
2211 1549 2324 1629 ipsi
2374 1545 2494 1609 IIG
2552 1554 2695 1627 post
2742 1547 2801 1610 G
2848 1548 2993 1610 nihil

757 1637 1023 1717 amplius
1088 1637 1361 1700 accidere
1428 1639 1691 1716 fingitur.
1785 1639 1939 1699 Dico
2004 1639 2188 1718 igitur
2245 1639 2360 1699 AF
2426 1657 2560 1698 esse
2625 1637 2814 1715 ipsius
2880 1634 2994 1698 CA
3122 1690 3123 1693 ,

754 1727 1002 1806 duplam
1050 1734 1115 1787 et
1153 1726 1241 1787 sic
1290 1746 1426 1787 esse
1475 1728 1832 1789 diametrum
1881 1727 2175 1806 sphaerae
2207 1726 2395 1788 BCD.
2472 1726 2802 1787 Inclinatur
2837 1725 2994 1786 enim

756 1814 917 1889 HG,
958 1815 1082 1896 ‚qui
1132 1822 1229 1875 est
1282 1816 1609 1894 parallelus
1674 1816 2153 1896 perpendiculari
2201 1814 2324 1890 Ic,
2395 1816 2733 1894 quantitate
2794 1813 2996 1893 anguli

764 1902 963 1966 GAC.
1059 1901 1294 1973 Quodsi
1344 1905 1627 1966 refractio
1678 1912 1845 1966 esset
1900 1906 2170 1984 aequalis
2237 1903 2628 1978 inclinationi,
2677 1912 2818 1964 tunc
2873 1901 2996 1963 EG

760 1994 818 2055 in
881 1991 1040 2068 GA,
1111 1993 1347 2054 scilicet
1410 1994 1468 2055 in
1538 2003 1805 2055 centrum
1871 1994 2063 2072 ipsum
2129 1994 2573 2072 refringeretur.
2669 1991 2790 2054 Sed
2856 1991 2998 2071 quia

754 2081 1039 2144 refractio
1086 2100 1201 2142 non
1252 2089 1348 2143 est
1395 2083 1685 2162 aequalis,
1738 2102 1845 2143 nec
1896 2091 1991 2143 est
2038 2089 2162 2143 tres
2212 2083 2432 2143 tertiae
2478 2088 2686 2160 partes
2734 2081 2988 2141 inclina-

755 2171 980 2246 tioniS,
1048 2171 1156 2231 sed
1205 2190 1324 2234 una
1387 2172 1605 2246 tertia,
1672 2191 1780 2251 per
1832 2171 2012 2244 VIII,
2078 2190 2220 2250 ergo
2286 2172 2578 2232 refractus
2630 2167 2742 2230 GF
2787 2190 2832 2244 a,
2873 2166 2993 2230 GA

755 2260 1026 2322 declinat
1070 2260 1301 2322 duabus
1352 2261 1549 2322 tertiis
1599 2260 2003 2322 inclinationis
2055 2258 2248 2322 GAC.
2345 2260 2462 2319 Est
2508 2277 2648 2337 ergo
2694 2259 2745 2318 F
2751 2255 2872 2319 GA
2917 2257 2992 2317 de

756 2347 935 2412 GAO
994 2349 1149 2409 duae
1219 2350 1481 2412 tertiae:
1551 2359 1617 2410 at
1672 2349 1861 2429 juncti
1910 2346 2085 2411 AGF
2134 2357 2198 2409 et
2242 2346 2418 2410 AFG
2483 2353 2746 2427 aequant
2792 2344 2991 2408 GAC.

749 2438 918 2518 Ergo
970 2436 1142 2498 GFA
1204 2447 1300 2499 est
1367 2459 1485 2500 una
1549 2439 1737 2500 tertia
1799 2438 1988 2517 ipsius
2039 2435 2246 2511 GAC,
2316 2436 2739 2515 dimidiumque
2805 2434 2995 2514 ipsius

752 2525 952 2589 FGA.
1071 2526 1157 2589 Ut
1220 2546 1364 2607 ergo
1431 2528 1597 2589 sinus
1665 2525 1837 2588 GFA
1902 2526 2127 2588 dimidii
2193 2526 2271 2587 ad
2332 2523 2505 2587 FGA
2566 2523 2732 2603 dupli
2793 2522 2996 2603 anguli

756 2617 983 2690 sinum,
1034 2616 1125 2678 ita
1173 2615 1293 2679 GA
1342 2618 1418 2678 ad
1470 2617 1581 2679 AF
1628 2636 1702 2677 ex
1764 2616 2036 2676 doctrina
2095 2615 2544 2694 triangulorum.
2652 2610 2776 2674 Sed
2834 2612 3000 2673 sinus

754 2707 1115 2788 angulorum
1184 2706 1479 2768 minorum
1547 2724 1722 2784 quam
1778 2701 1895 2767 15⁰
1940 2712 2082 2765 sunt
2137 2706 2260 2765 fere
2325 2701 2804 2782 proportionales
2849 2699 2999 2779 ipsis

742 2795 999 2876 -angulis
1047 2815 1152 2857 seu
1201 2796 1479 2856 arcubus.
1555 2793 1719 2874 Ergo
1768 2801 1908 2854 sunt
1958 2793 2082 2853 fere
2127 2793 2186 2853 in
2235 2792 2471 2853 ratione
2521 2789 2722 2870 dupla.
2796 2788 3000 2860 Quare

754 2886 945 2946 etiam
997 2882 1118 2947 GA
1166 2885 1261 2945 vel
1313 2882 1424 2946 CA
1474 2884 1550 2945 ad
1586 2885 1700 2945 AF
1747 2891 1845 2944 est
1890 2890 1957 2943 ut
2005 2901 2183 2943 unum
2232 2881 2309 2941 ad
2358 2880 2493 2954 duo,
2544 2898 2649 2940 seu
2697 2884 2765 2939 ut
2811 2879 2998 2940 semi·

756 2975 1058 3037 diameter
1105 2975 1181 3036 ad
1231 2972 1606 3045 diametrum,
1656 2980 1719 3034 et
1765 2970 1851 3032 sic
1901 2968 2006 3032 CF
2052 2978 2148 3031 est
2193 2971 2318 3031 fere
2366 2967 2888 3048 sesquidiameter.

934 3064 1207 3126 XXXV.
1317 3064 1549 3142 Propo
1568 3061 1771 3124 sitio.
1884 3058 1954 3120 Si
2018 3059 2293 3137 paralleli
2372 3057 2523 3118 radii
2597 3055 2959 3118 incesserint
3037 3056 3195 3121 intra
3259 3079 3476 3141 corpus

753 3154 1031 3236 crystalli
1078 3153 1363 3215 convexi:
1433 3152 1470 3211 ii
1522 3152 1667 3212 foris
1719 3152 1842 3211 fere
1909 3148 2203 3209 diametro
2269 3146 2673 3208 convexitatis
2734 3145 2889 3208 infra
2952 3165 3280 3210 convexum
3327 3170 3476 3212 con-

754 3252 1002 3306 current
1049 3263 1182 3305 cum
1229 3240 1731 3321 perpendiculari,
1783 3238 2100 3299 dummodo
2148 3237 2344 3315 portio
2393 3236 2583 3297 minor
2631 3234 2713 3295 sit
2760 3253 2937 3314 quam
2986 3233 3126 3299 30⁰.

940 3330 1041 3394 Sit
1087 3350 1302 3411 corpus
1351 3329 1622 3409 crystalli
1654 3326 1842 3401 PQR,
1896 3325 2279 3387 terminatum
2321 3343 2588 3386 convexo
2618 3321 2828 3393 PQR:
2880 3332 2945 3384 et
2970 3343 3078 3404 pcr
3106 3327 3220 3389 hoc
3261 3347 3477 3409 corpus

756 3421 1046 3483 incedant
1092 3420 1274 3501 aliqui
1322 3419 1633 3498 paralleli,
1698 3435 1942 3498 quorum
1992 3414 2221 3475 medius
2270 3423 2334 3474 et
2377 3412 2891 3493 perpendicularis

756 3512 843 3573 sit
889 3509 1028 3581 OQ.
1106 3493 1459 3572 Ceterorum
1510 3527 1659 3568 unus
1707 3506 1788 3566 sit
1824 3504 1951 3564 ΤΒ..
2026 3503 2179 3564 Dico
2213 3503 2486 3581 primum,
2529 3501 2642 3563 TR
2686 3502 2743 3562 in
2782 3500 2890 3563 RS
3089 3487 3196 3553 ΗΕ·
3238 3485 3286 3538 9.

758 3602 925 3662 foras
972 3599 1222 3679 refringi
1278 3598 1495 3677 angulo
1558 3594 1937 3657 refractionis
1987 3591 2229 3653 dimidio
2277 3591 2518 3659 minori,
2569 3609 2747 3670 quam
2794 3598 2892 3650 est
3059 3619 3138 3657 L„
3169 3618 3202 3658 ο
3319 3617 3360 3654 -2

756 3689 1099 3761 inclinatio,
1164 3696 1232 3749 ut
1278 3687 1416 3767 quia
1463 3684 1652 3758 SRX,
1704 3680 1869 3744 TRO
1918 3688 2059 3744 sunt
2120 3679 2541 3742 inclinationes
2589 3679 2889 3741 radiorum

755 3778 867 3840 SR
912 3788 975 3840 et
1024 3778 1171 3839 TR:
1225 3776 1485 3857 qualium
1532 3776 1716 3854 igitur
1754 3770 1921 3833 TRO
1972 3770 2158 3831 habet
2201 3778 2407 3850 partes
2457 3768 2626 3840 duas,
2679 3767 2887 3828 talium

754 3866 929 3930 SRX
993 3867 1215 3928 habere
1283 3875 1428 3926 tres,
1535 3864 1654 3925 Est
1719 3861 1874 3922 enim
1942 3858 2326 3920 refractionis
2388 3857 2640 3935 angulus
2708 3855 2889 3916 tertia

754 3977 901 4039 pars
950 3955 1354 4018 inclinationis
1403 3956 1540 4033 (per
1588 3951 1816 4023 V111.).
1913 3946 2063 4010 Cum
2119 3947 2302 4025 igitur
2350 3944 2456 4008 SR
2503 3945 2562 4006 in
2612 3945 2886 4023 ingressu
3146 4029 3174 4033 -

756 4047 1127 4125 refringatur
1172 4045 1232 4106 in
1280 4042 1430 4104 RT:
1497 4042 1609 4104 ΒΤ
1670 4038 1852 4100 etiam
1913 4039 1971 4098 in
2030 4036 2196 4097 exitu
2251 4035 2613 4113 refringetur
2673 4033 2731 4094 in
2782 4031 2890 4094 SR
3000 4046 3002 4048 ’
3086 4097 3098 4105 ,

758 4139 900 4217 (per
946 4137 1113 4208 HL).
1190 4131 1515 4194 Dimidium
1561 4130 1744 4210 igitur
1790 4124 2196 4188 inclinationis
2244 4123 2414 4184 TRO
2462 4131 2560 4184 est
2604 4121 2886 4183 refractio

754 4225 950 4306 ipsius
998 4223 1134 4298 TR,
1203 4241 1334 4283 cum
1382 4241 1414 4282 e
1472 4222 1660 4282 denso
1731 4215 1876 4278 exit.
1970 4213 2120 4274 Dico
2187 4213 2443 4292 amplius
2489 4210 2596 4273 RS
2652 4211 2889 4289 integra

758 4317 889 4377 fere
935 4313 1231 4374 diametro
1279 4310 1486 4372 circuli
1532 4306 1702 4378 PQR
1750 4321 2098 4367 concurrere
2147 4322 2278 4363 cum
2319 4299 2457 4370 OQ.
2534 4301 2688 4362 Nam
2719 4297 2886 4361 RSO

758 4412 861 4465 est
908 4402 1217 4482 quantitas
1263 4398 1643 4461 refractionis
1683 4405 1746 4458 et
1782 4391 2087 4455 dimidium
2126 4391 2316 4469 ipsius
2360 4387 2527 4451 TRO
2571 4390 2665 4450 vel
2697 4387 2884 4462 ROS,

758 4492 946 4555 tertia
1010 4510 1153 4571 pars
1220 4488 1407 4568 ipsius
1467 4486 1652 4549 XRS.
1744 4485 1830 4546 Ut
1892 4500 2034 4543 vero
2101 4481 2266 4541 sinus
2333 4478 2531 4558 anguli
2589 4476 2759 4539 XRS
2809 4476 2885 4537 ad

760 4582 955 4644 sinum
1022 4579 1224 4658 anguli
1274 4577 1463 4650 RSO,
1514 4578 1601 4638 sic
1651 4573 1756 4636 OS
1814 4572 1892 4633 ad
1939 4568 2074 4631 OR.
2171 4566 2294 4630 Sed
2363 4567 2529 4629 sinus
2594 4566 2886 4646 graduum

760 4679 890 4733 tam
952 4687 1277 4749 paucorum
1338 4667 1602 4747 proxime
1661 4683 1725 4724 se
1792 4660 2019 4723 habent
2079 4666 2145 4718 ut
2208 4675 2400 4719 arcus,
2493 4655 2657 4735 Ergo
2721 4654 2887 4714 sinus

757 4757 933 4822 XRS
990 4766 1087 4819 est
1148 4758 1416 4836 proxime
1477 4755 1693 4833 triplus
1750 4750 1828 4812 ad
1884 4748 2076 4810 sinum
2133 4744 2324 4808 RSO.
2418 4741 2621 4815 Quare
2669 4748 2735 4804 et
2781 4740 2887 4803 OS

759 4849 946 4929 tripla
990 4854 1087 4909 est
1123 4847 1199 4908 ad
1231 4843 1350 4908 OR
1378 4846 1476 4907 vel
1513 4841 1651 4914 OQ.
1729 4839 1881 4902 Cum
1927 4835 2110 4915 igitur
2140 4833 2259 4906 OQ
2295 4834 2379 4896 sit
2423 4832 2886 4906 semidiameter,

760 4939 877 5001 erit
924 4934 1033 5007 QS
1080 4936 1372 4998 diameter
1418 4935 1562 4996 fere.

940 5025 1245 5089 XXXVI.
1358 5016 1807 5103 Propositio.
1916 5011 1984 5075 Si
2060 5009 2215 5073 radii
2289 5009 2450 5072 intra
2529 5025 2744 5088 corpus
2823 5007 3073 5070 densum
3145 5025 3260 5068 non
3326 5015 3472 5070 sunt

758 5114 1080 5198 paralleli,
1148 5115 1257 5176 sed
1316 5131 1531 5176 versus
1591 5123 1921 5173 convexum
1986 5099 2159 5164 densi
2224 5098 2542 5161 terminum
2601 5105 3008 5178 convergunt,
3073 5094 3134 5158 in
3207 5095 3468 5160 breviori
