4584 6192
502 1492 506 1500 Ι
570 1487 573 1492 -
633 1561 1050 1685 'nnusrsrssnro
1078 1588 1301 1702 summer
1328 1590 1392 1665 sn
1418 1532 1661 1703 noomco‘
1709 1667 1717 1684 ,
1797 1687 1799 1692 ,

800 1780 852 1881 n.
884 1775 1107 1883 rosum
1136 1779 1482 1898 mmmroo,
1792 1746 1794 1749 ’
1890 1747 1893 1755 ’

467 1980 545 2044 Duci
560 1979 812 2061 Wirtembergias
822 1990 855 2044 et
864 1982 989 2056 Teccae,
1005 1980 1117 2045 Comiti
1129 1982 1405 2062 Montispeligardi,
1419 1981 1549 2045 Domino
1562 1980 1592 2043 in
1601 1978 1813 2052 Haidenbaim,

898 2070 1025 2134 Domino
1049 2091 1114 2135 meo
1139 2070 1392 2136 clementissimo.
1476 2105 1481 2117 ·

557 2246 766 2310 Illustrissime
780 2245 935 2327 Princeps,
959 2248 1086 2311 Domine
1111 2248 1353 2312 clementissime.
1391 2245 1466 2331 Cum
1485 2264 1580 2333 nuper
1597 2243 1818 2310 illustrissimus

467 2336 613 2419 Princeps
635 2345 669 2398 et
690 2337 846 2413 Dominus,
870 2338 909 2400 D.
933 2338 1103 2400 Fridericus
1125 2338 1196 2399 Dux
1211 2337 1461 2417 Wirtembergiae
1478 2344 1543 2399 etc.
1590 2334 1817 2405 Illustrissimae

468 2425 526 2489 ctis
548 2427 629 2489 Tuae
653 2446 762 2507 parens
785 2426 1012 2489 laudatissimae
1036 2429 1207 2501 memoriae,
1231 2427 1420 2489 irrevocabili
1443 2427 1564 2489 decreto
1586 2423 1817 2505 Regis'Regurn

467 2525 498 2578 et
520 2516 641 2580 Domini
665 2516 879 2578 dominantium
903 2535 941 2578 ex
963 2517 1021 2594 hac
1048 2517 1112 2579 vita
1142 2526 1226 2578 esset
1256 2525 1418 2579 evocatus:
1452 2513 1665 2577 acerbissimus
1697 2522 1732 2578 ut
1762 2530 1819 2595 par

465 2615 533 2668 erat
565 2605 650 2667 dolor
681 2606 811 2667 animum
843 2625 941 2669 meum
973 2607 1141 2686 occupavit
1195 2606 1423 2690 perpendebam
1443 2604 1532 2675 ¹enim
1564 2603 1716 2666 ademtum
1748 2621 1818 2665 esse

466 2695 584 2776 patriae
608 2714 692 2757 meae
716 2704 887 2775 petentem,
917 2714 993 2776 quae
1023 2698 1079 2759 sub
1103 2696 1169 2776 ejus
1193 2697 1289 2758 tutela
1311 2714 1366 2775 per
1388 2696 1443 2757 hos
1467 2692 1692 2774 quatuordecim
1723 2710 1819 2755 annos

469 2804 560 2847 aurea
582 2803 656 2864 pace
679 2803 732 2863 per
755 2803 858 2846 omnes
881 2786 1001 2847 ordines
1024 2785 1192 2860 fruebatur3
1217 2785 1415 2847 occurrebant
1428 2781 1656 2846 laudatissimae
1670 2780 1819 2864 Principis

469 2894 573 2948 curae,
607 2893 681 2955 quas
715 2873 743 2934 in
774 2874 947 2936 exornanda
976 2874 1199 2955 excolendaque
1223 2874 1457 2954 provincianon
1480 2890 1549 2935 raro
1572 2871 1653 2934 felici
1676 2889 1819 2934 successu

469 2963 638 3026 indefessus
661 2963 863 3041 impenderat3
887 2962 1046 3026 versaba'rn
1060 2964 1159 3026 animo
1178 2964 1329 3044 ingentem
1351 2963 1417 3042 ejus
1437 2980 1579 3037 amorem,
1603 2979 1665 3042 qno,
1680 2960 1819 3025 subditos

470 3052 708 3132 amplectebatur
731 3052 888 3132 tenuisque
911 3053 1085 3133 plebeculae
1109 3053 1265 3116 commoda
1288 3052 1433 3133 adjuvare
1456 3052 1643 3133 salutemque
1658 3049 1734 3113 tueri
1751 3057 1819 3111 stu-

470 3143 576 3216 debat;
601 3161 655 3202 nec
677 3159 782 3221 parum
807 3143 950 3205 movebar
971 3142 1138 3224 patrocinio
1163 3151 1195 3205 et
1218 3140 1428 3216 beneficentia,
1462 3161 1521 3223 qua
1551 3141 1655 3203 literas
1679 3148 1819 3220 artesque

470 3230 609 3293 liberales
625 3231 759 3311 adeoque
774 3239 806 3291 et
820 3232 997 3311 secretiores
1016 3238 1190 3294 constanter
1205 3241 1391 3304 asseruerat;
1416 3230 1576 3293 laudabam
1591 3230 1680 3310 juxta
1703 3226 1819 3291 fraudis

471 3320 565 3381 omnis
589 3329 621 3382 et
641 3318 874 3400 praestigiarum
897 3320 927 3383 in
950 3322 1099 3402 publicam
1117 3320 1280 3401 perniciem
1299 3329 1538 3400 comparaturum
1560 3319 1707 3402 vindicem
1731 3336 1819 3380 acer-

470 3410 588 3479 rimum,
613 3417 719 3472 contra
741 3418 788 3471 tot
811 3418 983 3492 agyrtarum
1007 3411 1136 3473 ludibria
1159 3411 1318 3474 invictum:
1352 3422 1465 3472 utnon
1490 3408 1589 3472 dicam
1613 3409 1649 3471 de
1674 3405 1819 3488 singulari

471 3500 527 3559 fide
552 3506 584 3559 et
605 3497 764 3578 prudentia
788 3500 851 3578 ejus
875 3497 905 3560 in
928 3500 1104 3562 educatione
1128 3499 1286 3563 liberorum
1310 3499 1583 3562 illustrissimorum
1607 3496 1761 3573 adhibita,
1785 3503 1821 3559 ut

472 3596 590 3649 taceam
614 3588 730 3649 consilii
762 3588 873 3668 publici
905 3598 1072 3661 auctorem,
1105 3591 1132 3653 si
1164 3609 1253 3652 casus
1277 3589 1413 3659 tulisset,
1446 3588 1597 3662 hominum
1628 3586 1840 3668 locorumquev

472 3677 659 3757 experientia
681 3676 953 3741 instructissimum.
1075 3672 1076 3676 ¹
1324 3687 1332 3711 ‘

560 3764 608 3828 Ob
632 3765 792 3846 tetigitur
815 3774 847 3828 et
869 3776 957 3829 tanta
978 3768 1067 3844 bona,
1091 3786 1158 3830 curn
1182 3767 1238 3829 boc
1260 3767 1360 3829 Horoe
1384 3766 1547 3837 exstincta,
1570 3764 1699 3827 animum
1722 3783 1819 3827 meum

471 3858 503 3925 in
527 3858 623 3918 luctus
648 3863 679 3916 et
700 3857 830 3936 gemitus
854 3856 1040 3919 decidentem
1063 3858 1184 3937 excepit
1205 3864 1237 3917 et
1259 3855 1382 3918 retinuit
1404 3854 1573 3917 recordatio
1597 3855 1671 3917 certi
1694 3873 1818 3916 succes·
1910 3929 1913 3934 Ι

472 3946 563 4019 soris,
595 3945 823 4008 Illustrissimae
847 3944 983 4007 nimirum
1007 3944 1065 4009 0⁶⁵
1084 3947 1152 4023 Tm,
1180 3945 1413 4026 jucundissima:
1446 3951 1480 4007 ut
1512 3944 1561 4025 qui
1583 3943 1638 4006 sub
1661 3942 1821 4024 disciplina

466 4036 568 4115 ¹patris
591 4034 815 4115 prudentissimi
839 4035 878 4095 ad
900 4042 1050 4097 maturam
1072 4043 1205 4099 aetatem
1228 4043 1405 4116 provectus,
1437 4053 1496 4096 non
1520 4032 1578 4096 nisi
1610 4034 1649 4096 ad
1671 4032 1819 4114 insignem

471 4124 659 4206 prudentiam
690 4123 932 4204 gubernandique
964 4126 1102 4205 peritiam
1129 4124 1302 4206 proieceris.
1349 4123 1491 4187 Accessit
1519 4123 1613 4199 fama,
1644 4141 1734 4207 qnam
1765 4140 1820 4203 per

471 4214 630 4295 plerasque
654 4211 772 4293 Imperii
795 4212 923 4274 Romani
946 4233 1001 4276 nec
1023 4233 1136 4295 paucas
1161 4215 1238 4276 alias
1260 4214 1399 4294 Europae
1428 4212 1613 4293 provincias,
1645 4230 1819 4294 quacunque
1858 4224 1861 4227 ’

472 4302 621 4377 transisti,
647 4302 825 4381 dignitatern
848 4302 989 4364 comitate
1014 4313 1185 4385 temperans
1210 4303 1365 4366 seminasti
1388 4303 1549 4382 optimam:
1573 4320 1707 4383 quaeque
1731 4320 1818 4378 nunc,

472 4402 633 4473 postquam
655 4411 707 4454 ver
730 4393 880 4454 secundae
902 4392 1039 4477 fortunae
1063 4402 1133 4457 tuae
1165 4393 1337 4469 incalescit,
1369 4391 1523 4475 praesenti
1554 4391 1609 4454 tibi
1630 4389 1819 4454 'laetissimis

471 4481 755 4555 acclamationibus,
792 4480 909 4544 absenti
946 4482 1138 4546 faustissimis
1167 4482 1411 4558 ominationibus,
1448 4480 1586 4563 utrinque
1619 4478 1818 4543 sanctissimis

471 4569 551 4634 uotis
575 4571 719 4633 uberrime
744 4566 963 4645 fructificat.‘⁰)

559 4660 716 4722 Excitavit
738 4660 798 4724 ista
820 4660 977 4724 meditatio
1001 4660 1130 4724 animum
1154 4680 1262 4736 meum,
1286 4667 1321 4723 ut
1342 4658 1373 4722 in
1391 4657 1512 4739 publica
1529 4658 1648 4720 laetitia
1666 4656 1732 4736 ipse
1746 4655 1819 4719 licet
1921 4670 1925 4678 '

474 4751 585 4813 absens
608 4750 752 4813 noluerim
775 4770 843 4813 esse
865 4754 974 4814 mutus.
1022 4748 1220 4813 Occasionem
1243 4751 1345 4832 itaque
1368 4746 1634 4827 circumspicienti,
1667 4764 1727 4828 qua
1747 4745 1818 4809 111⁸·

473 4840 635 4905 021me
664 4840 834 4920 gratularer
865 4840 1030 4903 solenniter
1058 4850 1089 4902 et
1118 4859 1199 4903 more
1222 4839 1301 4901 inter
1323 4838 1461 4901 literatos
1484 4844 1605 4917 recepto
1628 4834 1722 4897 libelli
1745 4833 1816 4917 quid

472 4919 657 5002 dedicarem,
681 4928 741 4990 sors
766 4929 833 5010 ipsa
859 4929 1008 5010 opitulata
1030 4937 1086 4992 est
1128 4929 1196 4994 Sub
1219 4929 1300 4991 idem
1330 4926 1411 4990 enim
1441 4934 1560 5007 tempus
1592 4932 1737 5005 rogarunt
1767 4943 1815 4987 me

471 5019 573 5095 amici,
611 5027 644 5081 ut
666 5018 852 5081 historiolam
884 5019 921 5103 de
945 5017 1152 5098 conjunctione
1176 5018 1258 5081 Solis
1282 5025 1315 5079 et
1337 5016 1494 5090 Mercurii,
1527 5015 1611 5097 cujus
1642 5014 1673 5098 in
1703 5013 1816 5093 scripto

470 5110 630 5185 vernaculo
649 5109 687 5171 de
702 5107 831 5172 Cometa
852 5108 1013 5191 superioris
1036 5108 1105 5171 suni
1128 5127 1222 5191 nuper
1244 5107 1324 5172 edito
1347 5105 1528 5169 mentionem
1548 5102 1654 5187 paucis
1677 5103 1815 5181 feceram,
