4584 6192
996 566 1079 637 Caput
1095 564 1116 621 ῐ.
1670 559 1738 627 is?

377 746 511 827 spargit,
545 745 675 809 medium
698 748 819 826 ponitur
841 765 909 809 asse
933 748 1065 809 densius.
1111 749 1194 827 Ergo
1217 744 1346 806 medium
1379 741 1518 822 impedit,
1549 759 1606 821 quo
1636 742 1734 804 miuus

378 835 428 898 lux
451 842 626 914 spargatur.
673 837 732 897 Est
755 856 826 898 vero
850 846 1057 916 argumentum
1087 835 1254 916 sparsionis
1278 832 1401 912 obliqua
1425 829 1606 904 incidentia;
1638 848 1733 910 prop-

376 933 462 987 terea
485 924 566 1004 quod
588 922 617 985 iu
642 944 731 1004 quam
756 926 941 1005 superficiem
967 928 1017 988 lux
1041 926 1160 1004 oblique
1183 923 1298 993 incidit,
1323 920 1351 981 iu
1377 919 1503 981 eandem
1527 919 1733 981 continuatam

377 1023 407 1075 et
426 1024 513 1076 recte
537 1012 652 1087 incidit,
677 1033 748 1093 ergo
773 1015 851 1077 inter
874 1025 989 1078 rectum
1012 1025 1044 1077 ct
1067 1015 1218 1095 obliquum
1249 1010 1350 1072 radios
1381 1008 1509 1086 angulus
1533 1007 1732 1086 interjiciunt:

376 1103 486 1182 angulo
510 1120 584 1162 vero
607 1102 684 1163 radii
709 1113 900 1183 sparguntur.
948 1104 997 1166 Sit
1026 1104 1126 1165 radius
1158 1104 1295 1181 obliquus
1318 1100 1375 1162 AB
1401 1096 1536 1159 incidens
1566 1096 1596 1158 iu
1625 1115 1734 1176 super-

376 1190 470 1252 ficiem
494 1190 526 1252 in
549 1199 662 1270 puncto
684 1192 725 1266 B,
753 1201 863 1271 agatur
886 1201 1015 1272 taugens
1038 1194 1121 1255 illam
1147 1211 1254 1271 super·
1434 1221 1487 1286 rig.
1512 1217 1554 1268 lo.

375 1278 491 1347 ficiem,
526 1298 603 1358 quae
628 1279 670 1341 sit
689 1278 744 1342 ΒΟ
769 1290 801 1343 et
824 1283 862 1343 ab
881 1283 912 1343 A
936 1283 1102 1343 descendat
1123 1301 1254 1360 perpen-

376 1367 520 1430 dicularis
543 1366 611 1430 ΑΟ.
659 1369 715 1430 Hic
739 1389 812 1450 ergo
836 1371 887 1433 lux
915 1391 953 1432 ex
975 1372 1005 1434 A
1036 1372 1146 1449 angulo
1171 1369 1255 1432 ΒΑΟ

375 1456 531 1536 spargitur
568 1458 607 1519 ad
647 1477 736 1519 unum
774 1461 874 1533 latus,
917 1468 948 1520 et
992 1469 1134 1537 quantum
1182 1459 1256 1520 lucis

375 1546 452 1607 iutra
479 1542 567 1606 ΒΑΟ
592 1546 732 1625 angulum
755 1548 812 1609 luit
834 1549 863 1609 in
887 1549 1025 1626 partibus
1048 1549 1106 1627 ipsi
1130 1550 1160 1609 A
1184 1567 1255 1626 pro·

375 1632 526 1714 pluribus,
562 1635 740 1697 tantundem
773 1645 822 1700 est
848 1646 880 1698 et
902 1637 931 1698 in
957 1636 1009 1699 BG
1035 1638 1123 1699 linea.
1172 1636 1256 1698 Cou-

376 1723 512 1784 tinuatae
537 1722 596 1784 AB
619 1723 648 1783 iu
664 1723 701 1798 D,
726 1723 785 1787 ΑΟ
805 1726 833 1787 iu
848 1726 885 1794 E.
911 1735 944 1788 ut
958 1724 1014 1787 DE
1036 1726 1075 1787 sit
1094 1726 1257 1805 parallelos

378 1813 412 1872 ad
426 1809 493 1886 ΒΟ,
521 1811 548 1873 si
568 1812 597 1873 in
611 1810 665 1873 ΒΟ
685 1833 741 1874 uon
767 1824 906 1877 occurrat
928 1816 1101 1893 superficies
1125 1816 1256 1887 densior,

378 1909 539 1980 spargetur
570 1902 620 1961 lux
653 1903 780 1981 amplius
815 1906 930 1985 eritque
954 1906 1018 1983 jarn
1043 1923 1159 1965 rursum
1184 1914 1256 1965 tan-

379 1991 500 2052 tundem
526 1989 603 2051 lucis
627 1989 656 2050 iu
680 1991 736 2053 DE
760 2004 904 2073 quantum
930 1993 988 2054 tuit
1012 1994 1041 2054 in
1065 1991 1130 2055 ΒΟ.
1163 1994 1206 2054 At
1230 1993 1255 2053 si

378 2077 549 2157 superficies
573 2076 628 2140 ΒΟ
660 2079 699 2142 sit
732 2081 880 2144 densioris
913 2083 1019 2155 medii,
1056 2083 1146 2143 sistet
1180 2085 1256 2143 hanc

380 2167 597 2246 dispersionem
629 2186 684 2246 per
710 2166 762 2233 ll.
794 2171 883 2251 idque
908 2172 1070 2233 secundum
1104 2171 1202 2250 magis
1227 2180 1258 2232 et

380 2256 481 2317 miuus.
531 2255 598 2317 Lux
628 2275 698 2319 vero
721 2258 775 2323 ΒΟ
805 2260 830 2321 si
859 2261 924 2321 siue
954 2261 1138 2338 dispersione
1167 2279 1257 2338 porro

382 2353 550 2419 moveatur,
586 2348 737 2425 oportebit
764 2350 898 2410 illumin
924 2349 979 2410 DF
1003 2349 1160 2427 superficie
1194 2350 1370 2409 tantundem
1404 2365 1550 2426 occupare
1583 2344 1675 2424 spatii
1699 2362 1735 2405 ao

382 2431 408 2494 io
427 2431 493 2509 ΒΟ,
520 2452 614 2513 quare
640 2455 675 2497 ex
699 2436 756 2499 Du
780 2438 910 2501 resecari
934 2439 1065 2517 aliquam
1090 2439 1246 2516 aequalem
1269 2436 1334 2508 ΒΟ,
1358 2437 1411 2497 illa
1434 2435 1475 2497 sit
1496 2434 1559 2496 ΓΕ.
1601 2434 1679 2496 Nam
1704 2434 1733 2494 in

385 2520 461 2583 ACE
486 2530 537 2582 est
560 2524 705 2586 terminus
731 2526 826 2588 omnis
852 2526 1047 2606 dispersionis
1071 2526 1156 2597 lucis,
1181 2527 1251 2606 quia
1275 2524 1331 2587 ΑΟ
1355 2524 1456 2587 radius
1480 2524 1509 2584 in
1536 2522 1589 2584 ΟΒ
1615 2530 1714 2584 rectus
1723 2540 1732 2595 ;

384 2628 466 2689 quare
490 2610 518 2671 Ε
543 2614 706 2675 communis
731 2618 876 2677 terminus
902 2617 997 2677 lineae
1021 2616 1074 2676 EF
1098 2623 1129 2675 et
1152 2615 1209 2675 ΕΙ)
1233 2615 1298 2675 erit.
1345 2613 1415 2675 Erit
1437 2613 1529 2691 igitur·
1553 2612 1605 2672 BF
1627 2611 1733 2690 paral-

385 2698 449 2761 lelos
473 2700 513 2761 ad
540 2697 594 2762 ΟΕ
618 2710 650 2763 et
672 2703 740 2765 ideo
764 2715 795 2765 et
818 2706 886 2783 ipsa
913 2704 1170 2785 perpendicularis
1189 2704 1231 2764 ad
1256 2702 1320 2763 ΒΟ.
1369 2704 1434 2763 Lux
1463 2701 1555 2780 igitur
1583 2700 1647 2762 sine
1672 2700 1735 2762 ulla

387 2787 565 2866 dispersione
591 2810 683 2871 usque
708 2795 746 2853 ad
771 2793 827 2854 ΕΙ)
851 2793 984 2866 veniens,
1010 2802 1172 2870 occuparet
1200 2792 1330 2870 spatium
1354 2792 1406 2851 EF
1417 2810 1425 2863 ;
1455 2790 1561 2850 eadem
1584 2789 1649 2851 sine
1672 2790 1735 2851 ulla

386 2876 602 2953 perturbatione
628 2900 757 2961 eousque
783 2882 967 2943 descendens
991 2892 1154 2960 occuparet
1180 2880 1310 2960 spatium
1336 2880 1400 2953 ΕΙ),
1426 2897 1573 2962 spargens
1595 2887 1626 2939 et
1646 2887 1734 2940 exte-

388 2982 473 3027 nuans
495 2986 531 3027 se
563 2968 670 3030 eadem
700 2971 902 3050 proportione.
950 2970 1032 3049 Ergo
1056 2989 1122 3030 curu
1156 2969 1318 3030 interuenit
1351 2968 1479 3029 medium
1512 2966 1565 3029 ΒΟ
1600 2968 1732 3041 densius,

389 3051 412 3111 id
430 3054 646 3132 dispersionem
670 3060 836 3139 impediens
866 3059 952 3133 facit,
978 3069 1012 3119 ut
1035 3059 1085 3120 lux
1110 3058 1236 3119 medium
1266 3057 1396 3136 spatium
1425 3065 1553 3136 occupet
1577 3056 1657 3117 inter
1680 3055 1733 3116 EF

390 3151 414 3200 et
430 3142 504 3216 ED3
528 3143 571 3205 sit
594 3146 666 3206 illud
690 3146 758 3208 ΒΟ.
806 3149 922 3209 Radius
952 3168 1023 3227 ergo
1049 3147 1103 3207 AB
1137 3147 1318 3224 refringetur
1346 3145 1424 3207 iuB
1454 3156 1486 3207 et
1514 3146 1593 3206 infra
1626 3163 1733 3223 super-

392 3229 471 3291 ficiem
496 3231 645 3295 densioris
669 3238 757 3298 medii
782 3238 833 3298 liet
848 3235 914 3311 BG,
942 3237 1089 3297 accedens
1114 3235 1152 3296 ad
1176 3234 1451 3313 perpendicularem
1467 3236 1538 3296 BF:
1565 3235 1641 3315 quod
1667 3242 1735 3294 erat

393 3317 654 3386 demonstrandum.

467 3407 631 3479 Quaeritur
654 3422 764 3484 autem,
791 3432 849 3491 qua
874 3413 1020 3474 facultate
1045 3413 1106 3474 lieri
1131 3413 1240 3491 possit,
1267 3422 1301 3473 ut
1323 3413 1444 3473 allectio
1473 3409 1642 3494 superficiei
1665 3410 1733 3489 pel-

396 3492 494 3558 lucidae
518 3500 577 3562 luci
606 3501 814 3582 imprimatur?
848 3502 1043 3581 Respondeo:
1075 3502 1131 3562 luci
1161 3512 1258 3564 motus
1288 3502 1432 3582 competit
1455 3520 1508 3579 per
1536 3500 1562 3573 l,
1588 3519 1678 3579 quare
1703 3508 1735 3561 et

396 3587 493 3660 specim
517 3597 619 3650 motus
643 3600 675 3652 et
705 3590 875 3652 accidentia
903 3591 1031 3669 reliqua,
1066 3590 1213 3669 impactus
1238 3610 1343 3670 nempe
1367 3591 1395 3650 in
1426 3590 1595 3651 densiorem
1625 3607 1733 3668 super-

396 3670 474 3735 liciem
505 3685 537 3737 et
568 3679 634 3757 ejus
666 3680 821 3757 superatio
855 3688 887 3741 et
918 3680 1060 3740 nonnulla
1093 3680 1268 3740 resistentia
1296 3702 1314 3741 a
1342 3687 1495 3758 superato.
1549 3676 1733 3755 Contingere

396 3771 476 3824 autem
499 3764 605 3827 eadem
631 3769 802 3829 necessario
827 3769 907 3829 etin
933 3766 1092 3850 mobilibus
1115 3767 1262 3849 physicis,
1297 3768 1412 3848 quoties
1437 3768 1544 3846 globus
1568 3767 1597 3827 in
1622 3784 1730 3844 aquam

397 3856 542 3929 torquetur,
568 3857 726 3918 dummodo
750 3858 860 3918 subeat
883 3875 999 3936 aquam,
1024 3865 1111 3935 patet
1134 3858 1188 3917 sic.
1237 3857 1346 3918 Liceat
1370 3855 1448 3917 enim
1473 3855 1520 3917 hic
1545 3855 1615 3915 mihi
1640 3854 1734 3914 verba

398 3939 544 4015 opticomm
565 3954 671 4006 contra
691 3955 821 4007 mentem
840 3946 970 4025 ipsorum
995 3964 1138 4024 usurpare
1154 3946 1229 4006 etin
1248 3946 1401 4006 meliorem
1416 3963 1537 4005 sensum
1562 3943 1732 4004 traducere.

467 4028 516 4093 Sit
538 4032 593 4096 ΒΟ
618 4036 705 4114 aqua,
731 4035 787 4096 AB
812 4044 910 4095 motus
934 4035 1122 4114 sphaerulae,
1147 4035 1337 4096 continuetur
1353 4033 1405 4095 ΟΒ
1430 4033 1458 4091 iu
1480 4033 1508 4092 Η
1532 4041 1563 4092 et
1586 4031 1638 4091 FB
1661 4031 1732 4092 inl.

397 4110 454 4178 Cum
476 4140 547 4202 ergo
571 4132 671 4185 motus
695 4123 874 4203 sphaerulae
894 4125 950 4184 AB
971 4124 1013 4184 sit
1037 4124 1255 4203 quodammodo
1280 4122 1464 4201 compositus
1491 4140 1529 4181 ex
1546 4120 1587 4181 Ill
1611 4128 1644 4181 st
1665 4120 1732 4194 BH,

397 4205 494 4271 accidet
521 4212 633 4286 etiam,
669 4223 701 4274 ut
735 4214 861 4275 resistat
893 4213 935 4273 illi
966 4221 1027 4272 tam
1060 4213 1249 4290 profunditas
1278 4213 1348 4285 BF,
1384 4230 1471 4290 quam
1496 4210 1552 4269 BH
1575 4209 1734 4270 crassities

397 4288 522 4361 lateralis.
570 4302 658 4362 Prius
683 4302 927 4380 impedimentum
951 4301 1113 4362 tardiorem
1138 4302 1231 4361 efficit
1250 4302 1315 4379 ejus
1341 4302 1516 4361 descensum
1533 4308 1564 4358 et
1587 4298 1732 4367 retundit,
1789 4352 1794 4361 .

397 4377 533 4449 dummodo
567 4390 752 4452 descendat:
787 4391 937 4469 posterius
969 4409 1038 4450 vcro
1073 4390 1194 4468 repellit
1225 4391 1321 4467 ipsam
1346 4410 1364 4448 a
1389 4408 1444 4448 sua
1476 4388 1569 4458 linea,
1607 4396 1640 4447 ut
1664 4385 1734 4466 quia

398 4482 475 4534 uotae
496 4486 564 4539 erat
587 4479 643 4539 BD
668 4481 792 4552 futurus,
818 4480 981 4558 repellatur
1005 4478 1098 4538 aBll
1122 4488 1154 4538 et
1177 4479 1229 4539 fiat
1248 4477 1315 4539 BG.
1355 4480 1419 4538 lloc
1443 4476 1580 4537 accidere
1606 4494 1731 4536 necesse

398 4561 476 4625 estin
498 4568 718 4647 projectilibus,
755 4589 830 4648 quae
855 4589 872 4627 a
901 4586 1024 4646 corpore
1054 4568 1184 4628 densiori
1217 4567 1427 4645 impediuntur.
1475 4566 1509 4626 lu
1541 4565 1604 4625 luce
1633 4572 1733 4624 motus

399 4640 568 4732 illaportio‚
604 4676 679 4736 quae
704 4667 752 4717 est
776 4677 879 4718 versus
902 4658 977 4728 BH,
1012 4665 1060 4716 est
1084 4656 1132 4716 ille
1162 4665 1260 4716 motus
1285 4654 1526 4728 extenuationis3
1559 4670 1732 4732 quaerero

400 4746 483 4802 lersus
501 4746 542 4805 lB
557 4746 605 4805 vel
620 4746 683 4819 BF,
709 4765 765 4805 nou
787 4746 885 4806 variat
904 4746 960 4807 luci
981 4764 1074 4816 suam,
1099 4756 1130 4805 ut
1149 4745 1192 4804 ita
1207 4745 1313 4810 dicam,
1338 4744 1515 4817 materiam;
1540 4742 1593 4803 sed
1614 4749 1732 4801 tautum

401 4815 463 4889 illam
483 4833 590 4906 desert,
616 4834 661 4893 cui
686 4834 804 4914 quidem
824 4854 877 4912 per
895 4833 942 4897 ll).
969 4854 1025 4895 uon
1047 4853 1154 4912 corpus
1174 4834 1220 4894 vel
1241 4832 1395 4894 crassities
1410 4833 1462 4892 BF
1485 4830 1729 4909 impedimentum

402 4909 485 4994 adstrt,
508 4923 562 4983 sed
586 4924 654 4983 sola
676 4922 847 5002 superficies
872 4923 939 4995 ΒΟ,
975 4924 1147 5002 etquidem
1174 4943 1228 4983 nou
1255 4923 1356 4995 aliter,
1393 4939 1482 5001 quarn
1511 4928 1658 4999 quatenus
1682 4929 1732 4979 est

402 4996 537 5072 densitatis
565 5011 733 5090 particeps,
762 5030 815 5090 per
842 5008 890 5074 tl.
938 5014 1004 5073 Nou
1029 5020 1077 5072 est
1101 5020 1202 5072 autem
1233 5010 1394 5072 densitatis
1428 5009 1581 5088 particeps
1605 5008 1634 5069 in
1659 5025 1732 5087 pro-

402 5085 520 5172 fundum
543 5108 628 5161 esset
651 5101 729 5162 euim
753 5119 875 5179 corpus,
906 5121 962 5162 nou
987 5102 1169 5179 superficies.
1216 5100 1276 5161 Est
1298 5119 1368 5161 vero
1399 5099 1495 5159 densa
1524 5096 1552 5159 in
1583 5098 1677 5159 latum
1702 5106 1734 5157 et
