4584 6192
586 581 652 648 514
1048 581 1166 633 Narratio
1185 583 1216 634 da
1235 583 1302 634 Joria
1321 582 1483 636 Setellltibur.

715 761 756 821 V.
803 759 984 838 Terrigenas
1008 777 1102 836 genos
1125 758 1265 828 inrisum,
1289 759 1439 822 molimine
1465 769 1552 824 vasto

855 847 989 910 Corratas
1014 847 1123 908 'l'erras
1143 848 1270 926 jungere
1295 849 1452 923 sideribus,

801 937 922 997 Vindex
946 937 1051 996 dextra
1073 934 1160 996 Joris
1185 956 1288 996 manes
1313 937 1443 999 detrusit
1467 938 1504 999 ad
1530 938 1623 1012 imos;

855 1024 971 1086 Ambiti
997 1043 1112 1084 ruorces
1137 1024 1211 1084 haec
1236 1024 1293 1086 fuit
1317 1025 1444 1104 imperii.

801 1113 850 1174 Nil
877 1113 937 1173 tale
962 1113 1108 1173 all'ectaus
1134 1111 1293 1173 Galilaeus
1318 1115 1420 1175 sidera
1444 1113 1545 1175 Terris

852 1201 969 1274 Jurrxit,
995 1209 1025 1261 et
1051 1201 1171 1280 ignotas
1196 1201 1316 1263 edocuit
1339 1203 1485 1276 choroas3

799 1289 839 1349 Et
865 1291 956 1350 decus
980 1289 1110 1349 astruxit
1134 1290 1219 1350 coelo
1244 1290 1379 1370 dirisque
1403 1292 1530 1372 sibique,

852 1379 955 1438 Ausus
979 1378 1152 1439 inaccessas
1176 1378 1289 1456 primus
1314 1379 1388 1441 inire
1412 1380 1489 1441 rias.

803 1466 860 1526 Pro
885 1466 1000 1527 meritis
1025 1465 1165 1526 Galilaee
1191 1476 1243 1527 tua
1267 1465 1345 1528 iuter
1369 1468 1470 1529 sidera
1494 1466 1644 1547 quondam

853 1555 923 1634 Ipse
949 1573 1055 1614 norum
1079 1553 1208 1614 ambibis
1234 1555 1327 1630 sidus,
1353 1567 1385 1617 ut
1409 1556 1463 1617 illa
1485 1555 1605 1616 Jorem.

803 1640 919 1711 Quodsi
943 1643 1026 1704 nulla
1050 1641 1114 1702 dies
1139 1642 1289 1703 Medio-eia
1314 1645 1415 1705 sidera
1438 1645 1555 1724 perdet,

854 1731 946 1791 h'ulla
969 1731 1034 1792 dies
1059 1749 1164 1790 rromen
1189 1732 1296 1810 perdet
1320 1733 1347 1794 in
1373 1734 1443 1793 orbe
1467 1743 1560 1795 tuum.

706 1870 758 1932 VI.
805 1869 954 1948 Keplerus
979 1869 1117 1931 Galilaee
1142 1877 1211 1932 tuus
1234 1879 1288 1931 tua
1311 1871 1413 1933 sidera
1438 1872 1524 1934 ridit.

856 1959 953 2018 Tanto
979 1958 1045 2038 quis
1069 1959 1187 2020 dubitet
1211 1961 1331 2020 credere
1359 1971 1438 2022 teste
1465 1961 1543 2023 tibi?

802 2045 836 2108 Si
861 2046 931 2126 quid
956 2047 984 2107 iu
1010 2048 1076 2120 hoo,
1101 2056 1132 2108 et
1157 2066 1211 2108 uos
1235 2049 1387 2110 hledieeia
1411 2049 1538 2110 ridimus
1563 2056 1657 2121 astra,

857 2134 977 2213 Pragae
1001 2154 1200 2196 marmoreum
1225 2137 1283 2198 fert
1308 2137 1357 2199 ubi
1381 2138 1486 2199 hlolda
1504 2138 1617 2217 jugum.

802 2222 914 2285 Vicisti
939 2221 1087 2296 Galilaea
1114 2233 1246 2285 tremant
1271 2224 1342 2287 licet
1366 2246 1453 2288 orcus
1477 2237 1509 2286 et
1532 2226 1665 2297 umbrae,

855 2311 997 2390 luppiter
1019 2313 1111 2387 illum,
1137 2313 1215 2373 istas
1240 2314 1388 2392 opprimet
1411 2323 1478 2376 orta
1502 2313 1578 2374 dies.

588 2449 661 2512 Vll.
709 2451 764 2513 Ad
793 2451 1081 2514 Serenissimum
1111 2454 1280 2532 Magnum
1304 2455 1506 2516 lletruriae
1538 2455 1674 2515 Ducem
1707 2450 1875 2514 Cosmum
1908 2450 1943 2511 ll.

589 2540 761 2604 decollato
790 2541 818 2602 iu
845 2540 1017 2602 Galilaeum
1043 2541 1214 2603 Galilaeum
1246 2544 1283 2603 oh
1315 2544 1445 2604 siderum
1470 2543 1673 2604 Mediceorum
1702 2539 1943 2601 observationem

631 2629 700 2710 plus
723 2647 812 2708 quam
838 2629 917 2688 mille
941 2649 1098 2691 aureorum
1123 2650 1242 2692 munere
1268 2632 1414 2712 tituloque
1439 2632 1613 2711 Philosophi
1637 2640 1668 2691 et
1692 2627 1902 2690 Mathematici

877 2717 922 2777 sui
947 2736 1013 2778 eum
1037 2719 1195 2780 honorario
1221 2720 1302 2781 mille
1327 2740 1482 2783 aureorum
1507 2731 1655 2781 ornatum.

803 2823 969 2884 'l'uscorum
991 2823 1062 2883 Dux
1085 2824 1207 2902 Magne,
1234 2825 1332 2887 animo
1357 2846 1444 2906 quam
1469 2827 1588 2888 nouriue
1612 2825 1718 2904 major,

855 2910 988 2989 Auspice
1013 2929 1070 2990 quo
1094 2913 1194 2991 patuit
1217 2914 1314 2993 gloria
1337 2933 1447 2995 magna
1469 2914 1570 2977 Joris!

802 3000 889 3060 Meus
913 3001 998 3060 caelo
1022 3011 1154 3078 cognata
1178 3012 1232 3062 tua
1255 3012 1303 3063 est
1325 3005 1484 3083 praeclara
1508 3003 1637 3066 foventis

856 3088 989 3166 ingonia,
1014 3091 1151 3168 exemplo
1175 3099 1209 3151 ut
1232 3092 1352 3170 regibus
1377 3112 1445 3153 esse
1470 3112 1573 3172 queas.

802 3173 915 3254 Regius
939 3177 989 3238 isti
1013 3177 1111 3238 auimo
1135 3179 1240 3239 titulus
1265 3179 1391 3242 debetur
1415 3192 1446 3241 et
1470 3182 1539 3242 olim

856 3265 1002 3326 lletrusco
1026 3284 1113 3344 reges
1133 3267 1204 3344 jura
1228 3268 1337 3328 dedere
1362 3270 1436 3330 solo.

800 3352 887 3413 Felix
911 3364 1037 3432 patrono
1062 3353 1241 3416 Galilaeusl
1265 3355 1405 3436 luppiter
1429 3358 1482 3429 illi,

856 3441 941 3510 Quae
967 3450 997 3502 tu
1023 3442 1152 3514 donasti,
1178 3445 1313 3522 praemia
1337 3445 1489 3507 debuerat.

803 3528 860 3589 Pro
886 3531 1010 3602 meritis,
1037 3531 1106 3591 Dux
1130 3532 1252 3610 Magne,
1279 3534 1333 3594 soli
1359 3555 1424 3596 eum
1449 3553 1517 3596 sero
1542 3533 1691 3612 relinques

856 3617 994 3697 Sceptra,
1021 3619 1116 3679 locutu
1141 3621 1227 3680 cedet
1252 3622 1392 3700 iuppiter
1417 3625 1480 3703 ipse
1505 3623 1570 3684 tibi.

835 3759 920 3819 Vlll.
967 3758 1142 3837 Ejusdem
1171 3763 1381 3841 argumenti
1407 3763 1449 3823 ad
1475 3761 1698 3823 Galilaeum.

801 3865 869 3924 h'ou
894 3864 1006 3926 frustra
1029 3867 1126 3927 medio
1151 3886 1184 3929 es
1208 3878 1335 3929 venatus
1359 3870 1387 3930 iu
1413 3871 1534 3930 aethere
1559 3869 1666 3930 stellas

857 3951 938 4013 Oliru
964 3955 1104 4030 latentes,
1130 3966 1162 4017 et
1185 3958 1336 4034 stupenda
1356 3957 1517 4038 Cynthiae.

801 4040 979 4118 Foecundus
1004 4043 1088 4103 labor
1112 4044 1160 4105 hic
1185 4045 1258 4105 tibi:
1285 4046 1330 4107 Tu
1355 4045 1494 4108 Galilaee
1518 4047 1672 4108 cohortem

854 4129 924 4190 Jovi
948 4130 1068 4201 dedisti,
1093 4132 1234 4212 Juppiter
1255 4133 1362 4196 Jorem
1388 4135 1452 4197 tibi.

588 4265 646 4327 IX.
693 4266 743 4327 De
774 4269 938 4350 Dioptro
972 4289 1034 4332 seu
1070 4273 1308 4354 perspicillo,
1338 4278 1430 4357 qnod
1463 4275 1680 4338 Serenissimus
1718 4269 1872 4333 Cosmus
1904 4264 1936 4326 11.

590 4355 694 4432 Magn.
719 4358 804 4419 Hetr.
829 4359 899 4420 Dux
923 4359 1140 4422 teclmotherae
1164 4382 1237 4424 suae
1261 4363 1448 4426 inferendum
1472 4366 1639 4442 ibidemque
1667 4359 1831 4422 memoriae
1855 4373 1937 4418 eausa

904 4450 1119 4512 asservandum
1143 4452 1269 4527 curarit,
1294 4471 1349 4533 per
1371 4453 1628 4533 prosopopoeiam.

801 4550 868 4623 Quo
892 4554 1019 4633 primum
1041 4566 1166 4636 patuere
1191 4557 1252 4637 poli
1276 4569 1404 4632 secreta,
1430 4560 1569 4640 dioptron

854 4643 911 4704 llic
935 4643 1047 4719 habito,
1073 4645 1167 4721 dices,
1191 4646 1313 4725 dignum
1338 4649 1475 4710 habitare
1499 4647 1580 4727 polo.

800 4729 867 4791 Non
893 4730 975 4806 libet,
1001 4733 1124 4796 obvenit
1147 4735 1247 4814 potior
1270 4737 1342 4798 mihi
1366 4738 1487 4799 sedibus
1512 4736 1569 4796 illis

855 4817 961 4881 Gloria
984 4829 1069 4884 tecta
1091 4823 1162 4884 mihi
1186 4833 1257 4885 sunt
1280 4825 1418 4887 Medicea
1441 4827 1538 4906 polus.
1559 4817 1599 4894 ¹⁸)
