<?xml version="1.0" encoding="UTF-8"?>
<!DOCTYPE html PUBLIC "-//W3C//DTD XHTML 1.0 Transitional//EN"
    "http://www.w3.org/TR/xhtml1/DTD/xhtml1-transitional.dtd">
<html xmlns="http://www.w3.org/1999/xhtml" xml:lang="en" lang="en">
 <head>
  <title>
</title>
<meta http-equiv="Content-Type" content="text/html;charset=utf-8" />
  <meta name='ocr-system' content='tesseract 3.04.00' />
  <meta name='ocr-capabilities' content='ocr_page ocr_carea ocr_par ocr_line ocrx_word'/>
</head>
<body>
  <div class='ocr_page' id='page_1' title='image "./joanniskepleria02frisgoog_0520.png"; bbox 0 0 4584 6192; ppageno 0'>
   <div class='ocr_carea' id='block_1_1' title="bbox 538 1395 1674 1637">
    <p class='ocr_par' dir='ltr' id='par_1_1' title="bbox 538 1395 1674 1637">
     <span class='ocr_line' id='line_1_1' title="bbox 538 1395 1674 1472; baseline 0.003 -3"><span class='ocrx_word' id='word_1_1' title='bbox 538 1395 759 1469; x_wconf 76' lang='lat' dir='ltr'>Josms</span> <span class='ocrx_word' id='word_1_2' title='bbox 786 1396 1044 1471; x_wconf 72' lang='lat' dir='ltr'>numus</span> <span class='ocrx_word' id='word_1_3' title='bbox 1074 1397 1108 1471; x_wconf 86' lang='lat' dir='ltr'>S.</span> <span class='ocrx_word' id='word_1_4' title='bbox 1138 1397 1174 1470; x_wconf 83' lang='lat'>0.</span> <span class='ocrx_word' id='word_1_5' title='bbox 1201 1398 1251 1470; x_wconf 77' lang='grc' dir='ltr'>Μ.</span> <span class='ocrx_word' id='word_1_6' title='bbox 1279 1398 1674 1472; x_wconf 70' lang='lat' dir='ltr'>mammons</span> 
     </span>
     <span class='ocr_line' id='line_1_2' title="bbox 810 1571 1403 1637; baseline 0.002 -2"><span class='ocrx_word' id='word_1_7' title='bbox 810 1571 948 1636; x_wconf 78' lang='lat' dir='ltr'>Amico</span> <span class='ocrx_word' id='word_1_8' title='bbox 978 1571 1165 1637; x_wconf 83' lang='lat' dir='ltr'>LECTORI</span> <span class='ocrx_word' id='word_1_9' title='bbox 1192 1572 1403 1637; x_wconf 85' lang='lat' dir='ltr'><strong>SALUTEM.</strong></span> 
     </span>
    </p>
   </div>
   <div class='ocr_carea' id='block_1_2' title="bbox 1043 1800 1175 1809">
    <p class='ocr_par' dir='ltr' id='par_1_2' title="bbox 1043 1800 1175 1809">
     <span class='ocr_line' id='line_1_3' title="bbox 1043 1800 1175 1809; baseline 0 0"><span class='ocrx_word' id='word_1_10' title='bbox 1043 1800 1175 1809; x_wconf 72' lang='lat'>·-----=</span> 
     </span>
    </p>
   </div>
   <div class='ocr_carea' id='block_1_3' title="bbox 404 1959 1903 4523">
    <p class='ocr_par' dir='ltr' id='par_1_3' title="bbox 429 1959 1903 2664">
     <span class='ocr_line' id='line_1_4' title="bbox 521 1959 1784 2043; baseline 0.002 -21"><span class='ocrx_word' id='word_1_11' title='bbox 521 1959 678 2040; x_wconf 77' lang='lat' dir='ltr'>Temporis</span> <span class='ocrx_word' id='word_1_12' title='bbox 701 1960 763 2021; x_wconf 90' lang='lat' dir='ltr'>lilia</span> <span class='ocrx_word' id='word_1_13' title='bbox 785 1961 916 2035; x_wconf 88' lang='lat' dir='ltr'>veritas;</span> <span class='ocrx_word' id='word_1_14' title='bbox 944 1963 991 2024; x_wconf 90' lang='lat' dir='ltr'>cui</span> <span class='ocrx_word' id='word_1_15' title='bbox 1014 1981 1061 2024; x_wconf 91' lang='lat' dir='ltr'>me</span> <span class='ocrx_word' id='word_1_16' title='bbox 1084 1962 1277 2025; x_wconf 74' lang='lat' dir='ltr'>obstetricati</span> <span class='ocrx_word' id='word_1_17' title='bbox 1301 1981 1359 2025; x_wconf 90' lang='lat' dir='ltr'>uon</span> <span class='ocrx_word' id='word_1_18' title='bbox 1383 1962 1491 2043; x_wconf 90' lang='lat' dir='ltr'>pudet:</span> <span class='ocrx_word' id='word_1_19' title='bbox 1519 1968 1554 2024; x_wconf 90' lang='lat' dir='ltr'>ut</span> <span class='ocrx_word' id='word_1_20' title='bbox 1581 1961 1625 2024; x_wconf 89' lang='lat' dir='ltr'>sic</span> <span class='ocrx_word' id='word_1_21' title='bbox 1648 1969 1681 2025; x_wconf 90' lang='lat' dir='ltr'>et</span> <span class='ocrx_word' id='word_1_22' title='bbox 1699 1960 1784 2025; x_wconf 75' lang='lat' dir='ltr'>‘indi-</span> 
     </span>
     <span class='ocr_line' id='line_1_5' title="bbox 430 2048 1903 2130; baseline 0.001 -18"><span class='ocrx_word' id='word_1_23' title='bbox 430 2051 507 2112; x_wconf 89' lang='lat' dir='ltr'>cium</span> <span class='ocrx_word' id='word_1_24' title='bbox 531 2048 607 2110; x_wconf 93' lang='lat' dir='ltr'>uteri</span> <span class='ocrx_word' id='word_1_25' title='bbox 632 2069 651 2108; x_wconf 86' lang='lat' dir='ltr'>a</span> <span class='ocrx_word' id='word_1_26' title='bbox 674 2067 720 2109; x_wconf 92' lang='lat' dir='ltr'>me</span> <span class='ocrx_word' id='word_1_27' title='bbox 745 2049 857 2111; x_wconf 86' lang='lat' dir='ltr'>iactum</span> <span class='ocrx_word' id='word_1_28' title='bbox 881 2068 938 2110; x_wconf 93' lang='lat' dir='ltr'>non</span> <span class='ocrx_word' id='word_1_29' title='bbox 963 2050 1079 2113; x_wconf 92' lang='lat' dir='ltr'>irritum</span> <span class='ocrx_word' id='word_1_30' title='bbox 1102 2070 1171 2112; x_wconf 89' lang='lat' dir='ltr'>esse</span> <span class='ocrx_word' id='word_1_31' title='bbox 1195 2051 1385 2130; x_wconf 86' lang='lat' dir='ltr'>comprobem</span> <span class='ocrx_word' id='word_1_32' title='bbox 1418 2059 1449 2111; x_wconf 93' lang='lat' dir='ltr'>et</span> <span class='ocrx_word' id='word_1_33' title='bbox 1481 2057 1600 2112; x_wconf 87' lang='lat' dir='ltr'>ceteros</span> <span class='ocrx_word' id='word_1_34' title='bbox 1631 2051 1785 2113; x_wconf 86' lang='lat' dir='ltr'>anxietate</span> <span class='ocrx_word' id='word_1_35' title='bbox 1898 2050 1903 2059; x_wconf 85' lang='grc'><strong>“</strong></span> 
     </span>
     <span class='ocr_line' id='line_1_6' title="bbox 429 2138 1787 2219; baseline 0.001 -18"><span class='ocrx_word' id='word_1_36' title='bbox 429 2158 520 2219; x_wconf 88' lang='lat' dir='ltr'>super</span> <span class='ocrx_word' id='word_1_37' title='bbox 535 2146 643 2198; x_wconf 89' lang='lat' dir='ltr'>eventu</span> <span class='ocrx_word' id='word_1_38' title='bbox 659 2138 840 2215; x_wconf 82' lang='lat' dir='ltr'>gestationis</span> <span class='ocrx_word' id='word_1_39' title='bbox 855 2138 989 2201; x_wconf 87' lang='lat' dir='ltr'>liberem.</span> <span class='ocrx_word' id='word_1_40' title='bbox 1015 2140 1148 2202; x_wconf 88' lang='lat' dir='ltr'>Veritati</span> <span class='ocrx_word' id='word_1_41' title='bbox 1172 2140 1237 2219; x_wconf 93' lang='lat' dir='ltr'>quis</span> <span class='ocrx_word' id='word_1_42' title='bbox 1253 2141 1347 2201; x_wconf 92' lang='lat' dir='ltr'>bonus</span> <span class='ocrx_word' id='word_1_43' title='bbox 1367 2139 1568 2201; x_wconf 88' lang='lat' dir='ltr'>testimouium</span> <span class='ocrx_word' id='word_1_44' title='bbox 1589 2140 1705 2219; x_wconf 89' lang='lat' dir='ltr'>neget?</span> <span class='ocrx_word' id='word_1_45' title='bbox 1727 2139 1787 2202; x_wconf 88' lang='lat' dir='ltr'>Dei</span> 
     </span>
     <span class='ocr_line' id='line_1_7' title="bbox 432 2226 1784 2307; baseline 0.001 -19"><span class='ocrx_word' id='word_1_46' title='bbox 432 2247 524 2307; x_wconf 88' lang='lat' dir='ltr'>opera</span> <span class='ocrx_word' id='word_1_47' title='bbox 549 2226 615 2305; x_wconf 90' lang='lat' dir='ltr'>quis</span> <span class='ocrx_word' id='word_1_48' title='bbox 638 2226 833 2305; x_wconf 89' lang='lat' dir='ltr'>philosophus</span> <span class='ocrx_word' id='word_1_49' title='bbox 858 2227 1013 2290; x_wconf 81' lang='lat' dir='ltr'>occultet?</span> <span class='ocrx_word' id='word_1_50' title='bbox 1045 2227 1122 2299; x_wconf 85' lang='lat' dir='ltr'>Quis</span> <span class='ocrx_word' id='word_1_51' title='bbox 1141 2228 1300 2290; x_wconf 83' lang='lat' dir='ltr'>Pharaone</span> <span class='ocrx_word' id='word_1_52' title='bbox 1325 2228 1473 2291; x_wconf 86' lang='lat' dir='ltr'>crudelior</span> <span class='ocrx_word' id='word_1_53' title='bbox 1495 2228 1656 2306; x_wconf 88' lang='lat' dir='ltr'>imperabit</span> <span class='ocrx_word' id='word_1_54' title='bbox 1679 2228 1784 2290; x_wconf 89' lang='lat' dir='ltr'>obste-</span> 
     </span>
     <span class='ocr_line' id='line_1_8' title="bbox 429 2315 1787 2397; baseline 0 -19"><span class='ocrx_word' id='word_1_55' title='bbox 429 2315 566 2387; x_wconf 89' lang='lat' dir='ltr'>tricibus,</span> <span class='ocrx_word' id='word_1_56' title='bbox 590 2324 625 2375; x_wconf 92' lang='lat' dir='ltr'>nt</span> <span class='ocrx_word' id='word_1_57' title='bbox 649 2316 761 2375; x_wconf 89' lang='lat' dir='ltr'>loetum</span> <span class='ocrx_word' id='word_1_58' title='bbox 785 2324 888 2376; x_wconf 88' lang='lat' dir='ltr'>natum</span> <span class='ocrx_word' id='word_1_59' title='bbox 913 2326 1083 2396; x_wconf 84' lang='lat' dir='ltr'>exponant,</span> <span class='ocrx_word' id='word_1_60' title='bbox 1113 2317 1303 2397; x_wconf 88' lang='lat' dir='ltr'>opprimant,</span> <span class='ocrx_word' id='word_1_61' title='bbox 1335 2317 1464 2378; x_wconf 86' lang='lat' dir='ltr'>necent?</span> <span class='ocrx_word' id='word_1_62' title='bbox 1508 2316 1611 2397; x_wconf 86' lang='lat' dir='ltr'>Atque</span> <span class='ocrx_word' id='word_1_63' title='bbox 1639 2317 1684 2379; x_wconf 94' lang='lat' dir='ltr'>ita</span> <span class='ocrx_word' id='word_1_64' title='bbox 1715 2315 1787 2378; x_wconf 90' lang='lat' dir='ltr'>mihi</span> 
     </span>
     <span class='ocr_line' id='line_1_9' title="bbox 429 2402 1785 2486; baseline 0.001 -20"><span class='ocrx_word' id='word_1_65' title='bbox 429 2405 576 2467; x_wconf 89' lang='lat' dir='ltr'>Dominus</span> <span class='ocrx_word' id='word_1_66' title='bbox 600 2402 683 2464; x_wconf 90' lang='lat' dir='ltr'>Deus</span> <span class='ocrx_word' id='word_1_67' title='bbox 708 2403 782 2464; x_wconf 89' lang='lat' dir='ltr'>bene</span> <span class='ocrx_word' id='word_1_68' title='bbox 807 2403 911 2475; x_wconf 87' lang='lat' dir='ltr'>faciat,</span> <span class='ocrx_word' id='word_1_69' title='bbox 936 2404 979 2466; x_wconf 90' lang='lat' dir='ltr'>ita</span> <span class='ocrx_word' id='word_1_70' title='bbox 1002 2406 1072 2469; x_wconf 94' lang='lat' dir='ltr'>mihi</span> <span class='ocrx_word' id='word_1_71' title='bbox 1096 2406 1230 2485; x_wconf 88' lang='lat' dir='ltr'>meisque</span> <span class='ocrx_word' id='word_1_72' title='bbox 1254 2405 1358 2468; x_wconf 90' lang='lat' dir='ltr'>domos</span> <span class='ocrx_word' id='word_1_73' title='bbox 1382 2405 1531 2480; x_wconf 83' lang='lat' dir='ltr'>aedificet,</span> <span class='ocrx_word' id='word_1_74' title='bbox 1555 2405 1598 2466; x_wconf 90' lang='lat' dir='ltr'>uti</span> <span class='ocrx_word' id='word_1_75' title='bbox 1622 2424 1679 2486; x_wconf 91' lang='lat' dir='ltr'>ego</span> <span class='ocrx_word' id='word_1_76' title='bbox 1703 2404 1785 2467; x_wconf 89' lang='lat' dir='ltr'>veri·</span> 
     </span>
     <span class='ocr_line' id='line_1_10' title="bbox 429 2491 1784 2575; baseline 0 -20"><span class='ocrx_word' id='word_1_77' title='bbox 429 2491 506 2555; x_wconf 88' lang='lat' dir='ltr'>tatis</span> <span class='ocrx_word' id='word_1_78' title='bbox 528 2492 585 2553; x_wconf 93' lang='lat' dir='ltr'>boc</span> <span class='ocrx_word' id='word_1_79' title='bbox 606 2491 812 2553; x_wconf 90' lang='lat' dir='ltr'>testimoninm</span> <span class='ocrx_word' id='word_1_80' title='bbox 836 2492 936 2554; x_wconf 88' lang='lat' dir='ltr'>verbis</span> <span class='ocrx_word' id='word_1_81' title='bbox 960 2496 1078 2556; x_wconf 91' lang='lat' dir='ltr'>omniuo</span> <span class='ocrx_word' id='word_1_82' title='bbox 1101 2494 1201 2569; x_wconf 90' lang='lat' dir='ltr'>veris,</span> <span class='ocrx_word' id='word_1_83' title='bbox 1226 2493 1366 2575; x_wconf 82' lang='lat' dir='ltr'>ingenuis</span> <span class='ocrx_word' id='word_1_84' title='bbox 1390 2502 1422 2556; x_wconf 90' lang='lat' dir='ltr'>et</span> <span class='ocrx_word' id='word_1_85' title='bbox 1445 2492 1629 2575; x_wconf 86' lang='lat' dir='ltr'>simplicibus</span> <span class='ocrx_word' id='word_1_86' title='bbox 1653 2494 1784 2568; x_wconf 83' lang='lat' dir='ltr'>efferam,</span> 
     </span>
     <span class='ocr_line' id='line_1_11' title="bbox 430 2580 826 2664; baseline -0.003 -22"><span class='ocrx_word' id='word_1_87' title='bbox 430 2582 457 2642; x_wconf 89' lang='lat' dir='ltr'>si</span> <span class='ocrx_word' id='word_1_88' title='bbox 480 2581 610 2664; x_wconf 89' lang='lat' dir='ltr'>paucula</span> <span class='ocrx_word' id='word_1_89' title='bbox 633 2580 826 2659; x_wconf 89' lang='lat' dir='ltr'>praemisero.</span> 
     </span>
    </p>

    <p class='ocr_par' dir='ltr' id='par_1_4' title="bbox 429 2668 1787 3280">
     <span class='ocr_line' id='line_1_12' title="bbox 519 2668 1786 2750; baseline -0.001 -18"><span class='ocrx_word' id='word_1_90' title='bbox 519 2668 618 2732; x_wconf 87' lang='lat' dir='ltr'>Erunt</span> <span class='ocrx_word' id='word_1_91' title='bbox 642 2669 731 2741; x_wconf 92' lang='lat' dir='ltr'>enim,</span> <span class='ocrx_word' id='word_1_92' title='bbox 757 2669 805 2749; x_wconf 93' lang='lat' dir='ltr'>qui</span> <span class='ocrx_word' id='word_1_93' title='bbox 830 2689 877 2731; x_wconf 92' lang='lat' dir='ltr'>me</span> <span class='ocrx_word' id='word_1_94' title='bbox 902 2670 982 2731; x_wconf 91' lang='lat' dir='ltr'>felici</span> <span class='ocrx_word' id='word_1_95' title='bbox 1005 2671 1103 2749; x_wconf 91' lang='lat' dir='ltr'>magis</span> <span class='ocrx_word' id='word_1_96' title='bbox 1134 2689 1223 2750; x_wconf 92' lang='lat' dir='ltr'>qnam</span> <span class='ocrx_word' id='word_1_97' title='bbox 1252 2669 1418 2732; x_wconf 78' lang='lat' dir='ltr'>excusabili</span> <span class='ocrx_word' id='word_1_98' title='bbox 1448 2669 1622 2749; x_wconf 89' lang='lat' dir='ltr'>conjectura</span> <span class='ocrx_word' id='word_1_99' title='bbox 1640 2668 1786 2750; x_wconf 86' lang='lat' dir='ltr'>judicium</span> 
     </span>
     <span class='ocr_line' id='line_1_13' title="bbox 430 2754 1787 2839; baseline -0.002 -17"><span class='ocrx_word' id='word_1_100' title='bbox 430 2778 528 2822; x_wconf 90' lang='lat' dir='ltr'>meum</span> <span class='ocrx_word' id='word_1_101' title='bbox 553 2758 589 2818; x_wconf 89' lang='lat' dir='ltr'>de</span> <span class='ocrx_word' id='word_1_102' title='bbox 615 2754 746 2818; x_wconf 86' lang='lat' dir='ltr'>Galilaci</span> <span class='ocrx_word' id='word_1_103' title='bbox 771 2758 1032 2819; x_wconf 88' lang='lat' dir='ltr'>observationibus</span> <span class='ocrx_word' id='word_1_104' title='bbox 1056 2759 1224 2838; x_wconf 89' lang='lat' dir='ltr'>periculose</span> <span class='ocrx_word' id='word_1_105' title='bbox 1248 2759 1468 2839; x_wconf 86' lang='lat' dir='ltr'>praecipitasse</span> <span class='ocrx_word' id='word_1_106' title='bbox 1501 2758 1612 2820; x_wconf 87' lang='lat' dir='ltr'>dicent.</span> <span class='ocrx_word' id='word_1_107' title='bbox 1668 2755 1787 2829; x_wconf 85' lang='lat' dir='ltr'>Quibus</span> 
     </span>
     <span class='ocr_line' id='line_1_14' title="bbox 429 2844 1787 2928; baseline -0.001 -18"><span class='ocrx_word' id='word_1_108' title='bbox 429 2867 489 2911; x_wconf 91' lang='lat' dir='ltr'>non</span> <span class='ocrx_word' id='word_1_109' title='bbox 518 2844 668 2907; x_wconf 85' lang='lat' dir='ltr'>sufficient</span> <span class='ocrx_word' id='word_1_110' title='bbox 691 2847 825 2907; x_wconf 88' lang='lat' dir='ltr'>rationes</span> <span class='ocrx_word' id='word_1_111' title='bbox 858 2846 886 2907; x_wconf 94' lang='lat' dir='ltr'>in</span> <span class='ocrx_word' id='word_1_112' title='bbox 919 2845 1061 2927; x_wconf 84' lang='lat' dir='ltr'>Epistola</span> <span class='ocrx_word' id='word_1_113' title='bbox 1097 2867 1165 2907; x_wconf 88' lang='lat' dir='ltr'>mea</span> <span class='ocrx_word' id='word_1_114' title='bbox 1193 2847 1232 2908; x_wconf 85' lang='lat' dir='ltr'>ad</span> <span class='ocrx_word' id='word_1_115' title='bbox 1263 2846 1436 2909; x_wconf 86' lang='lat' dir='ltr'>Galilaeum</span> <span class='ocrx_word' id='word_1_116' title='bbox 1468 2847 1581 2908; x_wconf 84' lang='lat' dir='ltr'>allatae</span> <span class='ocrx_word' id='word_1_117' title='bbox 1591 2865 1601 2920; x_wconf 75' lang='grc' dir='ltr'><strong><em>ς</em></strong></span> <span class='ocrx_word' id='word_1_118' title='bbox 1639 2865 1675 2910; x_wconf 90' lang='lat' dir='ltr'>eo</span> <span class='ocrx_word' id='word_1_119' title='bbox 1708 2846 1787 2928; x_wconf 87' lang='lat' dir='ltr'>quod</span> 
     </span>
     <span class='ocr_line' id='line_1_15' title="bbox 429 2932 1787 3017; baseline 0 -20"><span class='ocrx_word' id='word_1_120' title='bbox 429 2936 592 3017; x_wconf 88' lang='lat' dir='ltr'>populares</span> <span class='ocrx_word' id='word_1_121' title='bbox 616 2935 678 2995; x_wconf 90' lang='lat' dir='ltr'>sint</span> <span class='ocrx_word' id='word_1_122' title='bbox 701 2941 732 2996; x_wconf 94' lang='lat' dir='ltr'>et</span> <span class='ocrx_word' id='word_1_123' title='bbox 756 2935 794 2995; x_wconf 90' lang='lat' dir='ltr'>ad</span> <span class='ocrx_word' id='word_1_124' title='bbox 818 2935 908 3014; x_wconf 86' lang='lat' dir='ltr'>vulgo</span> <span class='ocrx_word' id='word_1_125' title='bbox 939 2935 1187 2997; x_wconf 81' lang='lat' dir='ltr'>satisfaciendum</span> <span class='ocrx_word' id='word_1_126' title='bbox 1221 2945 1429 3016; x_wconf 60' lang='lat' dir='ltr'>comparatam</span> <span class='ocrx_word' id='word_1_127' title='bbox 1466 2942 1500 2997; x_wconf 91' lang='lat' dir='ltr'>ut</span> <span class='ocrx_word' id='word_1_128' title='bbox 1533 2934 1640 3015; x_wconf 91' lang='lat' dir='ltr'>quibus</span> <span class='ocrx_word' id='word_1_129' title='bbox 1672 2932 1787 3015; x_wconf 86' lang='lat' dir='ltr'>passim</span> 
     </span>
     <span class='ocr_line' id='line_1_16' title="bbox 430 3023 1786 3104; baseline -0.001 -18"><span class='ocrx_word' id='word_1_130' title='bbox 430 3025 470 3086; x_wconf 87' lang='lat' dir='ltr'>ad</span> <span class='ocrx_word' id='word_1_131' title='bbox 489 3023 633 3085; x_wconf 88' lang='lat' dir='ltr'>subsellia</span> <span class='ocrx_word' id='word_1_132' title='bbox 644 3023 778 3103; x_wconf 90' lang='lat' dir='ltr'>judicum</span> <span class='ocrx_word' id='word_1_133' title='bbox 802 3023 939 3103; x_wconf 89' lang='lat' dir='ltr'>quaestio</span> <span class='ocrx_word' id='word_1_134' title='bbox 964 3024 1037 3086; x_wconf 83' lang='lat' dir='ltr'>facti</span> <span class='ocrx_word' id='word_1_135' title='bbox 1061 3032 1248 3087; x_wconf 82' lang='lat' dir='ltr'>exerceatur.</span> <span class='ocrx_word' id='word_1_136' title='bbox 1294 3024 1431 3087; x_wconf 86' lang='lat' dir='ltr'>Audiant</span> <span class='ocrx_word' id='word_1_137' title='bbox 1443 3023 1536 3104; x_wconf 92' lang='lat' dir='ltr'>igitur</span> <span class='ocrx_word' id='word_1_138' title='bbox 1550 3024 1685 3086; x_wconf 90' lang='lat' dir='ltr'>rationes</span> <span class='ocrx_word' id='word_1_139' title='bbox 1700 3041 1786 3085; x_wconf 87' lang='lat' dir='ltr'>meas</span> 
     </span>
     <span class='ocr_line' id='line_1_17' title="bbox 430 3111 1786 3193; baseline -0.002 -17"><span class='ocrx_word' id='word_1_140' title='bbox 430 3111 620 3176; x_wconf 89' lang='lat' dir='ltr'>credulitatis</span> <span class='ocrx_word' id='word_1_141' title='bbox 654 3112 851 3186; x_wconf 90' lang='lat' dir='ltr'>occultiores;</span> <span class='ocrx_word' id='word_1_142' title='bbox 886 3112 965 3173; x_wconf 88' lang='lat' dir='ltr'>tales</span> <span class='ocrx_word' id='word_1_143' title='bbox 994 3131 1115 3193; x_wconf 88' lang='lat' dir='ltr'>nempe,</span> <span class='ocrx_word' id='word_1_144' title='bbox 1151 3133 1226 3193; x_wconf 91' lang='lat' dir='ltr'>quae</span> <span class='ocrx_word' id='word_1_145' title='bbox 1250 3131 1316 3175; x_wconf 90' lang='lat' dir='ltr'>cum</span> <span class='ocrx_word' id='word_1_146' title='bbox 1340 3114 1445 3175; x_wconf 90' lang='lat' dir='ltr'>statim</span> <span class='ocrx_word' id='word_1_147' title='bbox 1477 3112 1562 3175; x_wconf 91' lang='lat' dir='ltr'>initio</span> <span class='ocrx_word' id='word_1_148' title='bbox 1595 3112 1633 3173; x_wconf 84' lang='lat' dir='ltr'>ad</span> <span class='ocrx_word' id='word_1_149' title='bbox 1657 3112 1786 3193; x_wconf 86' lang='lat' dir='ltr'>primam</span> 
     </span>
     <span class='ocr_line' id='line_1_18' title="bbox 430 3199 1786 3280; baseline 0 -16"><span class='ocrx_word' id='word_1_150' title='bbox 430 3199 651 3264; x_wconf 88' lang='lat' dir='ltr'>observationis</span> <span class='ocrx_word' id='word_1_151' title='bbox 676 3200 788 3261; x_wconf 79' lang='lat' dir='ltr'>sarnam</span> <span class='ocrx_word' id='word_1_152' title='bbox 813 3200 911 3262; x_wconf 91' lang='lat' dir='ltr'>animo</span> <span class='ocrx_word' id='word_1_153' title='bbox 934 3219 1001 3262; x_wconf 92' lang='lat' dir='ltr'>meo</span> <span class='ocrx_word' id='word_1_154' title='bbox 1024 3201 1106 3263; x_wconf 91' lang='lat' dir='ltr'>intus</span> <span class='ocrx_word' id='word_1_155' title='bbox 1134 3201 1309 3280; x_wconf 88' lang='lat' dir='ltr'>planissime</span> <span class='ocrx_word' id='word_1_156' title='bbox 1332 3201 1555 3277; x_wconf 81' lang='lat' dir='ltr'>satisfecerint,</span> <span class='ocrx_word' id='word_1_157' title='bbox 1588 3200 1661 3263; x_wconf 85' lang='lat' dir='ltr'>ioris</span> <span class='ocrx_word' id='word_1_158' title='bbox 1685 3208 1786 3264; x_wconf 91' lang='lat' dir='ltr'>tamen</span> 
     </span>
    </p>

    <p class='ocr_par' dir='ltr' id='par_1_5' title="bbox 404 3288 1787 3459">
     <span class='ocr_line' id='line_1_19' title="bbox 404 3288 1787 3372; baseline 0 -19"><span class='ocrx_word' id='word_1_159' title='bbox 404 3291 461 3353; x_wconf 80' lang='lat' dir='ltr'>&#39;in</span> <span class='ocrx_word' id='word_1_160' title='bbox 485 3290 622 3369; x_wconf 90' lang='lat' dir='ltr'>vulgum,</span> <span class='ocrx_word' id='word_1_161' title='bbox 647 3289 696 3369; x_wconf 93' lang='lat' dir='ltr'>qui</span> <span class='ocrx_word' id='word_1_162' title='bbox 720 3288 874 3368; x_wconf 88' lang='lat' dir='ltr'>pendebat</span> <span class='ocrx_word' id='word_1_163' title='bbox 897 3290 987 3351; x_wconf 88' lang='lat' dir='ltr'>animi</span> <span class='ocrx_word' id='word_1_164' title='bbox 1002 3290 1118 3365; x_wconf 92' lang='lat' dir='ltr'>dubius,</span> <span class='ocrx_word' id='word_1_165' title='bbox 1139 3290 1254 3369; x_wconf 89' lang='lat' dir='ltr'>jactari</span> <span class='ocrx_word' id='word_1_166' title='bbox 1277 3299 1309 3353; x_wconf 89' lang='lat' dir='ltr'>et</span> <span class='ocrx_word' id='word_1_167' title='bbox 1331 3290 1392 3353; x_wconf 87' lang='lat' dir='ltr'>illis</span> <span class='ocrx_word' id='word_1_168' title='bbox 1403 3290 1541 3372; x_wconf 90' lang='lat' dir='ltr'>juridicis</span> <span class='ocrx_word' id='word_1_169' title='bbox 1555 3290 1702 3371; x_wconf 84' lang='lat' dir='ltr'>praeferri</span> <span class='ocrx_word' id='word_1_170' title='bbox 1716 3296 1787 3353; x_wconf 86' lang='lat' dir='ltr'>aute</span> 
     </span>
     <span class='ocr_line' id='line_1_20' title="bbox 430 3377 1350 3459; baseline 0.002 -20"><span class='ocrx_word' id='word_1_171' title='bbox 430 3379 520 3440; x_wconf 86' lang='lat' dir='ltr'>fidem</span> <span class='ocrx_word' id='word_1_172' title='bbox 544 3385 652 3439; x_wconf 91' lang='lat' dir='ltr'>eventu</span> <span class='ocrx_word' id='word_1_173' title='bbox 677 3378 789 3439; x_wconf 81' lang='lat' dir='ltr'>factam</span> <span class='ocrx_word' id='word_1_174' title='bbox 813 3377 891 3440; x_wconf 89' lang='lat' dir='ltr'>citra</span> <span class='ocrx_word' id='word_1_175' title='bbox 912 3379 1073 3441; x_wconf 92' lang='lat' dir='ltr'>ludibrium</span> <span class='ocrx_word' id='word_1_176' title='bbox 1096 3398 1154 3440; x_wconf 91' lang='lat' dir='ltr'>nou</span> <span class='ocrx_word' id='word_1_177' title='bbox 1178 3385 1350 3459; x_wconf 52' lang='lat' dir='ltr'>potuerunt».</span> 
     </span>
    </p>

    <p class='ocr_par' dir='ltr' id='par_1_6' title="bbox 430 3464 1790 4523">
     <span class='ocr_line' id='line_1_21' title="bbox 518 3464 1788 3547; baseline -0.001 -19"><span class='ocrx_word' id='word_1_178' title='bbox 518 3467 598 3528; x_wconf 88' lang='lat' dir='ltr'>Nam</span> <span class='ocrx_word' id='word_1_179' title='bbox 623 3465 689 3546; x_wconf 93' lang='lat' dir='ltr'>quis</span> <span class='ocrx_word' id='word_1_180' title='bbox 713 3485 825 3547; x_wconf 88' lang='lat' dir='ltr'>quaeso</span> <span class='ocrx_word' id='word_1_181' title='bbox 850 3474 899 3528; x_wconf 91' lang='lat' dir='ltr'>est</span> <span class='ocrx_word' id='word_1_182' title='bbox 921 3468 1071 3530; x_wconf 91' lang='lat' dir='ltr'>rationum</span> <span class='ocrx_word' id='word_1_183' title='bbox 1094 3469 1366 3531; x_wconf 89' lang='lat' dir='ltr'>astronomicarum</span> <span class='ocrx_word' id='word_1_184' title='bbox 1397 3466 1527 3547; x_wconf 85' lang='lat' dir='ltr'>peritus,</span> <span class='ocrx_word' id='word_1_185' title='bbox 1557 3466 1623 3546; x_wconf 88' lang='lat' dir='ltr'>quis</span> <span class='ocrx_word' id='word_1_186' title='bbox 1652 3464 1788 3527; x_wconf 83' lang='lat' dir='ltr'>infinitae</span> 
     </span>
     <span class='ocr_line' id='line_1_22' title="bbox 430 3554 1788 3637; baseline -0.003 -18"><span class='ocrx_word' id='word_1_187' title='bbox 430 3556 586 3620; x_wconf 85' lang='lat' dir='ltr'>mixtionis</span> <span class='ocrx_word' id='word_1_188' title='bbox 610 3564 742 3616; x_wconf 90' lang='lat' dir='ltr'>motuum</span> <span class='ocrx_word' id='word_1_189' title='bbox 767 3554 944 3618; x_wconf 90' lang='lat' dir='ltr'>coelestium</span> <span class='ocrx_word' id='word_1_190' title='bbox 967 3564 1121 3635; x_wconf 88' lang='lat' dir='ltr'>expertus,</span> <span class='ocrx_word' id='word_1_191' title='bbox 1145 3557 1196 3637; x_wconf 93' lang='lat' dir='ltr'>qni</span> <span class='ocrx_word' id='word_1_192' title='bbox 1220 3577 1277 3618; x_wconf 91' lang='lat' dir='ltr'>non</span> <span class='ocrx_word' id='word_1_193' title='bbox 1294 3555 1399 3618; x_wconf 87' lang='lat' dir='ltr'>statim</span> <span class='ocrx_word' id='word_1_194' title='bbox 1421 3554 1519 3636; x_wconf 89' lang='lat' dir='ltr'>prima</span> <span class='ocrx_word' id='word_1_195' title='bbox 1543 3555 1639 3615; x_wconf 86' lang='lat' dir='ltr'>fronte</span> <span class='ocrx_word' id='word_1_196' title='bbox 1662 3571 1788 3615; x_wconf 85' lang='lat' dir='ltr'>veraces</span> 
     </span>
     <span class='ocr_line' id='line_1_23' title="bbox 430 3639 1789 3724; baseline -0.004 -17"><span class='ocrx_word' id='word_1_197' title='bbox 430 3646 489 3707; x_wconf 88' lang='lat' dir='ltr'>has</span> <span class='ocrx_word' id='word_1_198' title='bbox 513 3644 742 3705; x_wconf 89' lang='lat' dir='ltr'>observationes</span> <span class='ocrx_word' id='word_1_199' title='bbox 758 3644 987 3723; x_wconf 90' lang='lat' dir='ltr'>deprehendat?</span> <span class='ocrx_word' id='word_1_200' title='bbox 1018 3646 1097 3709; x_wconf 89' lang='lat' dir='ltr'>Nam</span> <span class='ocrx_word' id='word_1_201' title='bbox 1122 3645 1147 3707; x_wconf 91' lang='lat' dir='ltr'>si</span> <span class='ocrx_word' id='word_1_202' title='bbox 1173 3645 1329 3707; x_wconf 91' lang='lat' dir='ltr'>consilium</span> <span class='ocrx_word' id='word_1_203' title='bbox 1353 3644 1487 3724; x_wconf 88' lang='lat' dir='ltr'>cepisset</span> <span class='ocrx_word' id='word_1_204' title='bbox 1510 3651 1624 3714; x_wconf 90' lang='lat' dir='ltr'>auctor,</span> <span class='ocrx_word' id='word_1_205' title='bbox 1649 3639 1789 3704; x_wconf 88' lang='lat' dir='ltr'>ementiri</span> 
     </span>
     <span class='ocr_line' id='line_1_24' title="bbox 430 3729 1787 3813; baseline -0.003 -17"><span class='ocrx_word' id='word_1_206' title='bbox 430 3750 527 3796; x_wconf 90' lang='lat' dir='ltr'>novos</span> <span class='ocrx_word' id='word_1_207' title='bbox 551 3734 708 3813; x_wconf 88' lang='lat' dir='ltr'>planetas,</span> <span class='ocrx_word' id='word_1_208' title='bbox 743 3750 795 3794; x_wconf 90' lang='lat' dir='ltr'>cur</span> <span class='ocrx_word' id='word_1_209' title='bbox 827 3752 938 3813; x_wconf 88' lang='lat' dir='ltr'>quaeso</span> <span class='ocrx_word' id='word_1_210' title='bbox 967 3753 1025 3795; x_wconf 88' lang='lat' dir='ltr'>nou</span> <span class='ocrx_word' id='word_1_211' title='bbox 1049 3734 1182 3795; x_wconf 87' lang='lat' dir='ltr'>infinitos</span> <span class='ocrx_word' id='word_1_212' title='bbox 1216 3735 1297 3796; x_wconf 91' lang='lat' dir='ltr'>circa</span> <span class='ocrx_word' id='word_1_213' title='bbox 1319 3733 1395 3794; x_wconf 82' lang='lat' dir='ltr'>lixas</span> <span class='ocrx_word' id='word_1_214' title='bbox 1418 3730 1550 3794; x_wconf 74' lang='lat' dir='ltr'>infinitas</span> <span class='ocrx_word' id='word_1_215' title='bbox 1575 3729 1787 3792; x_wconf 87' lang='lat' dir='ltr'>commentitus</span> 
     </span>
     <span class='ocr_line' id='line_1_25' title="bbox 431 3818 1788 3903; baseline -0.003 -19"><span class='ocrx_word' id='word_1_216' title='bbox 431 3832 490 3896; x_wconf 81' lang='lat' dir='ltr'>est,</span> <span class='ocrx_word' id='word_1_217' title='bbox 515 3830 548 3883; x_wconf 89' lang='lat' dir='ltr'>ut</span> <span class='ocrx_word' id='word_1_218' title='bbox 571 3818 727 3884; x_wconf 80' lang='lat' dir='ltr'>Cardinali</span> <span class='ocrx_word' id='word_1_219' title='bbox 745 3819 877 3896; x_wconf 86' lang='lat' dir='ltr'>Cusano,</span> <span class='ocrx_word' id='word_1_220' title='bbox 901 3830 936 3884; x_wconf 94' lang='lat' dir='ltr'>ut</span> <span class='ocrx_word' id='word_1_221' title='bbox 953 3822 1054 3884; x_wconf 90' lang='lat' dir='ltr'>Bruno</span> <span class='ocrx_word' id='word_1_222' title='bbox 1078 3823 1205 3903; x_wconf 91' lang='lat' dir='ltr'>aliisque</span> <span class='ocrx_word' id='word_1_223' title='bbox 1229 3824 1446 3902; x_wconf 84' lang='lat' dir='ltr'>suffragaretur</span> <span class='ocrx_word' id='word_1_224' title='bbox 1469 3838 1627 3899; x_wconf 89' lang='lat' dir='ltr'>eorumque</span> <span class='ocrx_word' id='word_1_225' title='bbox 1651 3818 1788 3881; x_wconf 90' lang='lat' dir='ltr'>auctori-</span> 
     </span>
     <span class='ocr_line' id='line_1_26' title="bbox 430 3905 1787 3992; baseline -0.003 -19"><span class='ocrx_word' id='word_1_226' title='bbox 430 3920 498 3973; x_wconf 88' lang='lat' dir='ltr'>tate</span> <span class='ocrx_word' id='word_1_227' title='bbox 528 3909 703 3971; x_wconf 88' lang='lat' dir='ltr'>verisimilia</span> <span class='ocrx_word' id='word_1_228' title='bbox 736 3910 873 3972; x_wconf 90' lang='lat' dir='ltr'>diceret?</span> <span class='ocrx_word' id='word_1_229' title='bbox 920 3909 1036 3981; x_wconf 85' lang='lat' dir='ltr'>Quodsi</span> <span class='ocrx_word' id='word_1_230' title='bbox 1069 3930 1127 3974; x_wconf 91' lang='lat' dir='ltr'>non</span> <span class='ocrx_word' id='word_1_231' title='bbox 1157 3913 1335 3992; x_wconf 90' lang='lat' dir='ltr'>placuerunt</span> <span class='ocrx_word' id='word_1_232' title='bbox 1357 3911 1450 3985; x_wconf 82' lang='lat' dir='ltr'>fixae,</span> <span class='ocrx_word' id='word_1_233' title='bbox 1484 3927 1536 3970; x_wconf 89' lang='lat' dir='ltr'>cnr</span> <span class='ocrx_word' id='word_1_234' title='bbox 1565 3908 1646 3970; x_wconf 90' lang='lat' dir='ltr'>circa</span> <span class='ocrx_word' id='word_1_235' title='bbox 1668 3905 1787 3982; x_wconf 87' lang='lat' dir='ltr'>Jovem,</span> 
     </span>
     <span class='ocr_line' id='line_1_27' title="bbox 431 3996 1788 4081; baseline -0.003 -20"><span class='ocrx_word' id='word_1_236' title='bbox 431 3999 544 4061; x_wconf 91' lang='lat' dir='ltr'>omisso</span> <span class='ocrx_word' id='word_1_237' title='bbox 569 3997 717 4073; x_wconf 88' lang='lat' dir='ltr'>Saturno,</span> <span class='ocrx_word' id='word_1_238' title='bbox 742 3998 860 4074; x_wconf 88' lang='lat' dir='ltr'>Marte,</span> <span class='ocrx_word' id='word_1_239' title='bbox 885 3997 1027 4062; x_wconf 84' lang='lat' dir='ltr'>Venere?</span> <span class='ocrx_word' id='word_1_240' title='bbox 1073 3998 1135 4062; x_wconf 90' lang='lat' dir='ltr'>Cur</span> <span class='ocrx_word' id='word_1_241' title='bbox 1158 4009 1286 4081; x_wconf 89' lang='lat' dir='ltr'>quatuor</span> <span class='ocrx_word' id='word_1_242' title='bbox 1309 3999 1447 4061; x_wconf 86' lang='lat' dir='ltr'>finxisset</span> <span class='ocrx_word' id='word_1_243' title='bbox 1477 4004 1508 4059; x_wconf 92' lang='lat' dir='ltr'>et</span> <span class='ocrx_word' id='word_1_244' title='bbox 1535 4015 1594 4058; x_wconf 91' lang='lat' dir='ltr'>non</span> <span class='ocrx_word' id='word_1_245' title='bbox 1617 3996 1666 4057; x_wconf 89' lang='lat' dir='ltr'>vel</span> <span class='ocrx_word' id='word_1_246' title='bbox 1689 4014 1788 4072; x_wconf 88' lang='lat' dir='ltr'>uuum,</span> 
     </span>
     <span class='ocr_line' id='line_1_28' title="bbox 430 4084 1790 4165; baseline -0.002 -16"><span class='ocrx_word' id='word_1_247' title='bbox 430 4088 477 4150; x_wconf 88' lang='lat' dir='ltr'>nti</span> <span class='ocrx_word' id='word_1_248' title='bbox 501 4089 581 4149; x_wconf 85' lang='lat' dir='ltr'>circa</span> <span class='ocrx_word' id='word_1_249' title='bbox 603 4088 754 4149; x_wconf 86' lang='lat' dir='ltr'>Tellurem</span> <span class='ocrx_word' id='word_1_250' title='bbox 777 4096 826 4148; x_wconf 90' lang='lat' dir='ltr'>est</span> <span class='ocrx_word' id='word_1_251' title='bbox 848 4107 908 4149; x_wconf 89' lang='lat' dir='ltr'>una</span> <span class='ocrx_word' id='word_1_252' title='bbox 930 4089 1035 4162; x_wconf 90' lang='lat' dir='ltr'>Luna,</span> <span class='ocrx_word' id='word_1_253' title='bbox 1061 4089 1109 4150; x_wconf 89' lang='lat' dir='ltr'>vel</span> <span class='ocrx_word' id='word_1_254' title='bbox 1134 4109 1207 4165; x_wconf 90' lang='lat' dir='ltr'>sex,</span> <span class='ocrx_word' id='word_1_255' title='bbox 1233 4091 1275 4151; x_wconf 93' lang='lat' dir='ltr'>uti</span> <span class='ocrx_word' id='word_1_256' title='bbox 1299 4088 1380 4151; x_wconf 89' lang='lat' dir='ltr'>circa</span> <span class='ocrx_word' id='word_1_257' title='bbox 1403 4086 1506 4150; x_wconf 89' lang='lat' dir='ltr'>Solem</span> <span class='ocrx_word' id='word_1_258' title='bbox 1530 4092 1601 4147; x_wconf 90' lang='lat' dir='ltr'>sunt</span> <span class='ocrx_word' id='word_1_259' title='bbox 1624 4084 1702 4147; x_wconf 87' lang='lat' dir='ltr'>sex?</span> <span class='ocrx_word' id='word_1_260' title='bbox 1746 4084 1790 4147; x_wconf 86' lang='lat' dir='ltr'>Et</span> 
     </span>
     <span class='ocr_line' id='line_1_29' title="bbox 431 4173 1790 4258; baseline -0.002 -21"><span class='ocrx_word' id='word_1_261' title='bbox 431 4177 503 4258; x_wconf 92' lang='lat' dir='ltr'>quia</span> <span class='ocrx_word' id='word_1_262' title='bbox 517 4177 637 4255; x_wconf 90' lang='lat' dir='ltr'>Jupiter</span> <span class='ocrx_word' id='word_1_263' title='bbox 660 4177 774 4238; x_wconf 90' lang='lat' dir='ltr'>electus</span> <span class='ocrx_word' id='word_1_264' title='bbox 799 4185 858 4250; x_wconf 92' lang='lat' dir='ltr'>est,</span> <span class='ocrx_word' id='word_1_265' title='bbox 882 4195 935 4237; x_wconf 90' lang='lat' dir='ltr'>cur</span> <span class='ocrx_word' id='word_1_266' title='bbox 957 4196 1016 4238; x_wconf 92' lang='lat' dir='ltr'>non</span> <span class='ocrx_word' id='word_1_267' title='bbox 1039 4177 1146 4257; x_wconf 90' lang='lat' dir='ltr'>longas</span> <span class='ocrx_word' id='word_1_268' title='bbox 1169 4178 1231 4240; x_wconf 92' lang='lat' dir='ltr'>illis</span> <span class='ocrx_word' id='word_1_269' title='bbox 1255 4177 1395 4258; x_wconf 91' lang='lat' dir='ltr'>periodos</span> <span class='ocrx_word' id='word_1_270' title='bbox 1417 4176 1520 4257; x_wconf 91' lang='lat' dir='ltr'>potius</span> <span class='ocrx_word' id='word_1_271' title='bbox 1545 4173 1693 4250; x_wconf 77' lang='lat' dir='ltr'>attribuit,</span> <span class='ocrx_word' id='word_1_272' title='bbox 1719 4173 1790 4255; x_wconf 86' lang='lat' dir='ltr'>quia</span> 
     </span>
     <span class='ocr_line' id='line_1_30' title="bbox 431 4262 1788 4344; baseline -0.003 -17"><span class='ocrx_word' id='word_1_273' title='bbox 431 4275 467 4327; x_wconf 89' lang='lat' dir='ltr'>et</span> <span class='ocrx_word' id='word_1_274' title='bbox 488 4264 575 4325; x_wconf 91' lang='lat' dir='ltr'>Jovis</span> <span class='ocrx_word' id='word_1_275' title='bbox 600 4265 744 4327; x_wconf 89' lang='lat' dir='ltr'>circuitus</span> <span class='ocrx_word' id='word_1_276' title='bbox 768 4266 875 4344; x_wconf 90' lang='lat' dir='ltr'>longus</span> <span class='ocrx_word' id='word_1_277' title='bbox 900 4285 1043 4328; x_wconf 89' lang='lat' dir='ltr'>annorum</span> <span class='ocrx_word' id='word_1_278' title='bbox 1067 4266 1241 4328; x_wconf 91' lang='lat' dir='ltr'>duodecim:</span> <span class='ocrx_word' id='word_1_279' title='bbox 1265 4286 1318 4328; x_wconf 90' lang='lat' dir='ltr'>cur</span> <span class='ocrx_word' id='word_1_280' title='bbox 1340 4266 1417 4327; x_wconf 88' lang='lat' dir='ltr'>adeo</span> <span class='ocrx_word' id='word_1_281' title='bbox 1440 4264 1563 4340; x_wconf 90' lang='lat' dir='ltr'>breves,</span> <span class='ocrx_word' id='word_1_282' title='bbox 1589 4273 1623 4325; x_wconf 90' lang='lat' dir='ltr'>ut</span> <span class='ocrx_word' id='word_1_283' title='bbox 1644 4262 1788 4325; x_wconf 89' lang='lat' dir='ltr'>tardissi-</span> 
     </span>
     <span class='ocr_line' id='line_1_31' title="bbox 430 4350 1789 4435; baseline -0.005 -17"><span class='ocrx_word' id='word_1_284' title='bbox 430 4374 500 4418; x_wconf 88' lang='lat' dir='ltr'>mus</span> <span class='ocrx_word' id='word_1_285' title='bbox 535 4354 760 4434; x_wconf 87' lang='lat' dir='ltr'>quatuordecim</span> <span class='ocrx_word' id='word_1_286' title='bbox 800 4354 906 4417; x_wconf 91' lang='lat' dir='ltr'>diebus</span> <span class='ocrx_word' id='word_1_287' title='bbox 939 4355 1067 4416; x_wconf 89' lang='lat' dir='ltr'>redeat?</span> <span class='ocrx_word' id='word_1_288' title='bbox 1112 4355 1192 4418; x_wconf 87' lang='lat' dir='ltr'>Nam</span> <span class='ocrx_word' id='word_1_289' title='bbox 1216 4355 1257 4429; x_wconf 91' lang='lat' dir='ltr'>si,</span> <span class='ocrx_word' id='word_1_290' title='bbox 1292 4363 1442 4435; x_wconf 89' lang='lat' dir='ltr'>quaeest</span> <span class='ocrx_word' id='word_1_291' title='bbox 1477 4353 1631 4434; x_wconf 88' lang='lat' dir='ltr'>proportio</span> <span class='ocrx_word' id='word_1_292' title='bbox 1673 4350 1789 4414; x_wconf 89' lang='lat' dir='ltr'>reditus</span> 
     </span>
     <span class='ocr_line' id='line_1_32' title="bbox 431 4441 1790 4523; baseline -0.004 -17"><span class='ocrx_word' id='word_1_293' title='bbox 431 4444 539 4506; x_wconf 91' lang='lat' dir='ltr'>Lunae</span> <span class='ocrx_word' id='word_1_294' title='bbox 564 4442 602 4503; x_wconf 90' lang='lat' dir='ltr'>ad</span> <span class='ocrx_word' id='word_1_295' title='bbox 626 4443 754 4505; x_wconf 88' lang='lat' dir='ltr'>reditum</span> <span class='ocrx_word' id='word_1_296' title='bbox 770 4443 908 4516; x_wconf 88' lang='lat' dir='ltr'>Telluris,</span> <span class='ocrx_word' id='word_1_297' title='bbox 939 4463 1026 4523; x_wconf 87' lang='lat' dir='ltr'>quam</span> <span class='ocrx_word' id='word_1_298' title='bbox 1050 4444 1139 4505; x_wconf 87' lang='lat' dir='ltr'>Luna</span> <span class='ocrx_word' id='word_1_299' title='bbox 1162 4444 1257 4522; x_wconf 85' lang='lat' dir='ltr'>cingit</span> <span class='ocrx_word' id='word_1_300' title='bbox 1279 4443 1435 4518; x_wconf 88' lang='lat' dir='ltr'>curriculo,</span> <span class='ocrx_word' id='word_1_301' title='bbox 1461 4442 1567 4503; x_wconf 87' lang='lat' dir='ltr'>eadem</span> <span class='ocrx_word' id='word_1_302' title='bbox 1591 4441 1700 4503; x_wconf 89' lang='lat' dir='ltr'>fnisset</span> <span class='ocrx_word' id='word_1_303' title='bbox 1722 4445 1790 4501; x_wconf 85' lang='lat' dir='ltr'>sta·</span> 
     </span>
    </p>
   </div>
   <div class='ocr_carea' id='block_1_4' title="bbox 430 4526 1791 5145">
    <p class='ocr_par' dir='ltr' id='par_1_7' title="bbox 430 4526 1791 5145">
     <span class='ocr_line' id='line_1_33' title="bbox 430 4526 1790 4612; baseline -0.004 -18"><span class='ocrx_word' id='word_1_304' title='bbox 430 4540 502 4594; x_wconf 87' lang='lat' dir='ltr'>tuta</span> <span class='ocrx_word' id='word_1_305' title='bbox 524 4531 678 4612; x_wconf 88' lang='lat' dir='ltr'>proportio</span> <span class='ocrx_word' id='word_1_306' title='bbox 702 4533 818 4594; x_wconf 90' lang='lat' dir='ltr'>reditus</span> <span class='ocrx_word' id='word_1_307' title='bbox 841 4531 928 4593; x_wconf 90' lang='lat' dir='ltr'>nnius</span> <span class='ocrx_word' id='word_1_308' title='bbox 952 4552 989 4593; x_wconf 88' lang='lat' dir='ltr'>ex</span> <span class='ocrx_word' id='word_1_309' title='bbox 1012 4532 1059 4593; x_wconf 91' lang='lat' dir='ltr'>his</span> <span class='ocrx_word' id='word_1_310' title='bbox 1082 4533 1252 4595; x_wconf 91' lang='lat' dir='ltr'>Jovialibus</span> <span class='ocrx_word' id='word_1_311' title='bbox 1276 4532 1458 4594; x_wconf 90' lang='lat' dir='ltr'>satellitibus</span> <span class='ocrx_word' id='word_1_312' title='bbox 1483 4531 1522 4593; x_wconf 90' lang='lat' dir='ltr'>ad</span> <span class='ocrx_word' id='word_1_313' title='bbox 1546 4530 1674 4593; x_wconf 90' lang='lat' dir='ltr'>reditum</span> <span class='ocrx_word' id='word_1_314' title='bbox 1692 4526 1790 4603; x_wconf 90' lang='lat' dir='ltr'>Jovis,</span> 
     </span>
     <span class='ocr_line' id='line_1_34' title="bbox 431 4617 1791 4697; baseline -0.004 -15"><span class='ocrx_word' id='word_1_315' title='bbox 431 4620 473 4682; x_wconf 86' lang='lat' dir='ltr'>ad</span> <span class='ocrx_word' id='word_1_316' title='bbox 498 4620 593 4681; x_wconf 90' lang='lat' dir='ltr'>minus</span> <span class='ocrx_word' id='word_1_317' title='bbox 619 4640 729 4682; x_wconf 85' lang='lat' dir='ltr'>annum</span> <span class='ocrx_word' id='word_1_318' title='bbox 753 4640 840 4682; x_wconf 91' lang='lat' dir='ltr'>unum</span> <span class='ocrx_word' id='word_1_319' title='bbox 865 4620 1003 4682; x_wconf 89' lang='lat' dir='ltr'>Solarem</span> <span class='ocrx_word' id='word_1_320' title='bbox 1028 4621 1155 4683; x_wconf 86' lang='lat' dir='ltr'>satelles</span> <span class='ocrx_word' id='word_1_321' title='bbox 1184 4622 1234 4683; x_wconf 95' lang='lat' dir='ltr'>ille</span> <span class='ocrx_word' id='word_1_322' title='bbox 1270 4621 1395 4683; x_wconf 88' lang='lat' dir='ltr'>sortitus</span> <span class='ocrx_word' id='word_1_323' title='bbox 1425 4627 1518 4681; x_wconf 89' lang='lat' dir='ltr'>esset.</span> <span class='ocrx_word' id='word_1_324' title='bbox 1564 4617 1700 4697; x_wconf 87' lang='lat' dir='ltr'>Denique</span> <span class='ocrx_word' id='word_1_325' title='bbox 1724 4634 1791 4678; x_wconf 91' lang='lat' dir='ltr'>cum</span> 
     </span>
     <span class='ocr_line' id='line_1_35' title="bbox 431 4703 1790 4789; baseline -0.003 -19"><span class='ocrx_word' id='word_1_326' title='bbox 431 4709 586 4770; x_wconf 87' lang='lat' dir='ltr'>satellites</span> <span class='ocrx_word' id='word_1_327' title='bbox 609 4708 653 4770; x_wconf 91' lang='lat' dir='ltr'>illi</span> <span class='ocrx_word' id='word_1_328' title='bbox 679 4710 801 4770; x_wconf 89' lang='lat' dir='ltr'>easdem</span> <span class='ocrx_word' id='word_1_329' title='bbox 825 4717 970 4789; x_wconf 89' lang='lat' dir='ltr'>perpetuo</span> <span class='ocrx_word' id='word_1_330' title='bbox 994 4718 1098 4788; x_wconf 89' lang='lat' dir='ltr'>partes</span> <span class='ocrx_word' id='word_1_331' title='bbox 1127 4718 1160 4771; x_wconf 89' lang='lat' dir='ltr'>et</span> <span class='ocrx_word' id='word_1_332' title='bbox 1188 4711 1226 4771; x_wconf 85' lang='lat' dir='ltr'>ad</span> <span class='ocrx_word' id='word_1_333' title='bbox 1254 4729 1310 4771; x_wconf 91' lang='lat' dir='ltr'>nos</span> <span class='ocrx_word' id='word_1_334' title='bbox 1341 4714 1521 4771; x_wconf 86' lang='lat' dir='ltr'>convertant</span> <span class='ocrx_word' id='word_1_335' title='bbox 1553 4715 1585 4768; x_wconf 90' lang='lat' dir='ltr'>et</span> <span class='ocrx_word' id='word_1_336' title='bbox 1615 4706 1654 4767; x_wconf 88' lang='lat' dir='ltr'>ad</span> <span class='ocrx_word' id='word_1_337' title='bbox 1677 4703 1790 4778; x_wconf 84' lang='lat' dir='ltr'>Solem,</span> 
     </span>
     <span class='ocr_line' id='line_1_36' title="bbox 431 4794 1791 4881; baseline -0.002 -22"><span class='ocrx_word' id='word_1_338' title='bbox 431 4817 538 4881; x_wconf 70' lang='lat' dir='ltr'>eoque¹</span> <span class='ocrx_word' id='word_1_339' title='bbox 554 4815 672 4876; x_wconf 90' lang='lat' dir='ltr'>semper</span> <span class='ocrx_word' id='word_1_340' title='bbox 697 4797 787 4859; x_wconf 90' lang='lat' dir='ltr'>lucidi</span> <span class='ocrx_word' id='word_1_341' title='bbox 816 4817 883 4859; x_wconf 89' lang='lat' dir='ltr'>csse</span> <span class='ocrx_word' id='word_1_342' title='bbox 916 4797 1089 4859; x_wconf 89' lang='lat' dir='ltr'>debuerint:</span> <span class='ocrx_word' id='word_1_343' title='bbox 1126 4798 1198 4880; x_wconf 94' lang='lat' dir='ltr'>quid</span> <span class='ocrx_word' id='word_1_344' title='bbox 1233 4797 1358 4860; x_wconf 90' lang='lat' dir='ltr'>attinuit</span> <span class='ocrx_word' id='word_1_345' title='bbox 1389 4794 1572 4859; x_wconf 88' lang='lat' dir='ltr'>comminisci</span> <span class='ocrx_word' id='word_1_346' title='bbox 1600 4794 1791 4875; x_wconf 87' lang='lat' dir='ltr'>splendorem</span> 
     </span>
     <span class='ocr_line' id='line_1_37' title="bbox 430 4882 1790 4965; baseline -0.001 -16"><span class='ocrx_word' id='word_1_347' title='bbox 430 4888 672 4961; x_wconf 84' lang='lat' dir='ltr'>inconstantem,</span> <span class='ocrx_word' id='word_1_348' title='bbox 705 4896 740 4947; x_wconf 89' lang='lat' dir='ltr'>ut</span> <span class='ocrx_word' id='word_1_349' title='bbox 771 4887 889 4950; x_wconf 87' lang='lat' dir='ltr'>obscuri</span> <span class='ocrx_word' id='word_1_350' title='bbox 914 4895 1017 4948; x_wconf 89' lang='lat' dir='ltr'>essent</span> <span class='ocrx_word' id='word_1_351' title='bbox 1042 4887 1071 4947; x_wconf 92' lang='lat' dir='ltr'>in</span> <span class='ocrx_word' id='word_1_352' title='bbox 1096 4886 1272 4949; x_wconf 87' lang='lat' dir='ltr'>excursibus</span> <span class='ocrx_word' id='word_1_353' title='bbox 1291 4885 1440 4958; x_wconf 86' lang='lat' dir='ltr'>maximis,</span> <span class='ocrx_word' id='word_1_354' title='bbox 1466 4885 1540 4946; x_wconf 88' lang='lat' dir='ltr'>clari</span> <span class='ocrx_word' id='word_1_355' title='bbox 1555 4882 1790 4965; x_wconf 82' lang='lat' dir='ltr'>propeJovem?</span> 
     </span>
     <span class='ocr_line' id='line_1_38' title="bbox 432 4970 1790 5056; baseline -0.003 -19"><span class='ocrx_word' id='word_1_356' title='bbox 432 4972 497 5038; x_wconf 83' lang='lat' dir='ltr'>cur</span> <span class='ocrx_word' id='word_1_357' title='bbox 520 4993 633 5056; x_wconf 88' lang='lat' dir='ltr'>quaeso</span> <span class='ocrx_word' id='word_1_358' title='bbox 657 4975 724 5056; x_wconf 90' lang='lat' dir='ltr'>quis</span> <span class='ocrx_word' id='word_1_359' title='bbox 747 4995 810 5037; x_wconf 92' lang='lat' dir='ltr'>rem</span> <span class='ocrx_word' id='word_1_360' title='bbox 835 4976 871 5037; x_wconf 90' lang='lat' dir='ltr'>de</span> <span class='ocrx_word' id='word_1_361' title='bbox 895 4975 1042 5037; x_wconf 89' lang='lat' dir='ltr'>industria</span> <span class='ocrx_word' id='word_1_362' title='bbox 1065 4975 1233 5038; x_wconf 90' lang='lat' dir='ltr'>involveret</span> <span class='ocrx_word' id='word_1_363' title='bbox 1255 4974 1332 5036; x_wconf 87' lang='lat' dir='ltr'>talia</span> <span class='ocrx_word' id='word_1_364' title='bbox 1346 4974 1528 5054; x_wconf 82' lang='lat' dir='ltr'>confingens,</span> <span class='ocrx_word' id='word_1_365' title='bbox 1553 4990 1677 5053; x_wconf 89' lang='lat' dir='ltr'>quorum</span> <span class='ocrx_word' id='word_1_366' title='bbox 1692 4970 1790 5034; x_wconf 88' lang='lat' dir='ltr'>ratio-</span> 
     </span>
     <span class='ocr_line' id='line_1_39' title="bbox 430 5058 1791 5145; baseline -0.003 -19"><span class='ocrx_word' id='word_1_367' title='bbox 430 5082 488 5126; x_wconf 88' lang='lat' dir='ltr'>nes</span> <span class='ocrx_word' id='word_1_368' title='bbox 512 5062 645 5125; x_wconf 91' lang='lat' dir='ltr'>invenire</span> <span class='ocrx_word' id='word_1_369' title='bbox 669 5064 838 5145; x_wconf 87' lang='lat' dir='ltr'>desperet?</span> <span class='ocrx_word' id='word_1_370' title='bbox 882 5064 988 5145; x_wconf 90' lang='lat' dir='ltr'>Neque</span> <span class='ocrx_word' id='word_1_371' title='bbox 1012 5064 1082 5126; x_wconf 89' lang='lat' dir='ltr'>dum</span> <span class='ocrx_word' id='word_1_372' title='bbox 1106 5064 1183 5126; x_wconf 91' lang='lat' dir='ltr'>euim</span> <span class='ocrx_word' id='word_1_373' title='bbox 1208 5063 1287 5126; x_wconf 91' lang='lat' dir='ltr'>ullae</span> <span class='ocrx_word' id='word_1_374' title='bbox 1310 5063 1382 5125; x_wconf 92' lang='lat' dir='ltr'>mibi</span> <span class='ocrx_word' id='word_1_375' title='bbox 1412 5061 1606 5125; x_wconf 82' lang='lat' dir='ltr'>satisfaciunt</span> <span class='ocrx_word' id='word_1_376' title='bbox 1635 5060 1724 5142; x_wconf 87' lang='lat' dir='ltr'>bujus</span> <span class='ocrx_word' id='word_1_377' title='bbox 1747 5058 1791 5123; x_wconf 83' lang='lat' dir='ltr'>rei</span> 
     </span>
    </p>
   </div>
   <div class='ocr_carea' id='block_1_5' title="bbox 0 0 2303 6192">
    <p class='ocr_par' dir='ltr' id='par_1_8' title="bbox 0 0 2303 6192">
     <span class='ocr_line' id='line_1_40' title="bbox 0 0 2303 6192; baseline 0 0"><span class='ocrx_word' id='word_1_378' title='bbox 0 0 2303 6192; x_wconf 95' lang='lat' dir='ltr'> </span> 
     </span>
    </p>
   </div>
  </div>
 </body>
</html>
