4584 6192
557 592 624 659 ‹150
1152 590 1315 640 Prooemium.

559 770 726 845 constituit,
751 770 912 848 tubumque
936 768 1051 829 invenit
1074 768 1249 828 dissimilem
1275 768 1330 841 iis,
1365 768 1413 845 qui
1444 776 1508 827 tum
1536 766 1565 825 in
1599 786 1653 826 usu
1684 772 1789 840 erant,
1826 757 1912 844 quein

557 861 647 924 hodie
671 878 813 921 vocamus
839 858 1167 932 ,astronomicum
1193 877 1245 917 seu
1269 857 1388 916 tubum
1413 856 1574 933 Kepleri.

647 949 809 1009 Rationem
833 947 967 1026 sequitur
991 947 1019 1006 in
1044 965 1133 1024 opere
1157 966 1227 1018 suo,
1260 965 1336 1023 quae
1361 946 1476 1005 illorum
1501 954 1666 1022 temporum
1691 942 1913 1003 mathematicis

559 1039 622 1100 fere
646 1037 734 1098 unica
757 1044 833 1109 erat,
858 1036 1083 1114 geometricam,
1107 1034 1240 1095 innixam
1263 1033 1398 1094 Euclidis
1421 1033 1608 1104 Elernentis;
1638 1032 1813 1092 Euclidis
1841 1049 1914 1092 vero

560 1126 733 1207 Opticam
767 1126 888 1204 ejusque
923 1132 1185 1185 commentatorem
1209 1123 1288 1184 Joh.
1315 1124 1446 1182 Ponam
1481 1122 1538 1182 sibi
1572 1123 1675 1181 ducem
1709 1120 1822 1196 elegit,
1855 1139 1912 1181 non

559 1214 706 1294 neglectis
735 1214 788 1284 iis,
817 1215 865 1292 qui
891 1224 960 1273 ante
985 1214 1079 1291 ipsum
1104 1214 1140 1272 de
1171 1213 1279 1291 opticis
1303 1222 1444 1289 egerunt,
1478 1211 1656 1283 l'itellione‚
1686 1210 1795 1281 Porta,
1827 1209 1914 1281 aliis;

558 1322 737 1384 quamquam
762 1312 878 1362 tantum
894 1302 1000 1373 abfuit,
1025 1314 1057 1362 ut
1081 1313 1193 1362 temere
1217 1302 1335 1362 illorum
1360 1299 1490 1377 uestigia
1503 1310 1662 1378 premeret,
1688 1308 1801 1357 utnon
1826 1316 1913 1358 rere·

558 1400 660 1463 retur,
694 1410 769 1469 quae
794 1391 850 1468 ipsi
877 1391 955 1451 falsa
989 1390 1187 1464 ridebantur,
1226 1390 1362 1450 refellere
1396 1407 1531 1466 novaque
1566 1397 1597 1447 et
1633 1387 1759 1448 meliora
1792 1406 1912 1463 ponere.

560 1479 762 1542 Praelationis
785 1480 917 1539 maxima
947 1487 1035 1557 parte
1059 1479 1123 1556 agit
1146 1479 1296 1556 Keplerus
1327 1479 1364 1537 de
1388 1478 1489 1537 Penas
1513 1476 1700 1555 praefatione
1727 1475 1754 1534 in
1778 1474 1914 1535 Euclidis

558 1566 715 1648 Opimam,
752 1568 861 1646 partim
893 1569 1039 1639 laudans,
1071 1568 1181 1646 partirn
1210 1568 1379 1645 increpans.
1427 1566 1548 1625 Laudat
1580 1565 1693 1624 Peuam
1727 1565 1914 1642 rejicientem

560 1657 747 1736 „sphaeras“
783 1664 915 1716 ueterum
939 1657 969 1716 in
994 1657 1091 1729 coelo,
1123 1656 1235 1717 refellit
1265 1656 1344 1717 illius
1374 1674 1503 1716 errorem
1541 1654 1736 1715 retractiones
1766 1652 1915 1730 negantis,

561 1745 647 1806 simul
681 1763 766 1804 suam
797 1744 891 1824 ipsius
925 1753 1066 1823 repetens
1100 1745 1208 1805 falsam
1241 1746 1277 1804 de
1311 1743 1471 1803 altitudine
1504 1744 1584 1803 atris
1608 1742 1778 1820 opinionem
1803 1745 1912 1819 (comp.

562 1831 635 1913 Opt.
659 1851 688 1911 p.
710 1830 818 1906 212.);
842 1833 961 1913 probat,
986 1853 1061 1912 quae
1087 1835 1169 1893 Pena
1193 1835 1281 1894 affert
1304 1832 1340 1891 de
1364 1832 1520 1893 itineribus
1543 1832 1732 1910 planetarum
1756 1848 1915 1908 eorumque

559 1922 663 1984 ordine
688 1921 857 1999 Terraeque
882 1931 964 1982 motu
984 1923 1063 1983 circa
1078 1921 1181 1983 Solem
1201 1921 1390 1995 immobilem,
1414 1922 1539 1982 fixarum
1562 1930 1669 1981 contra
1692 1928 1805 1979 motum
1830 1919 1914 1978 inae-

559 2011 692 2090 qualem,
718 2028 805 2089 quem
822 2011 903 2071 Pena
917 2010 1026 2089 opticis
1045 2011 1177 2072 adstruit
1195 2010 1370 2082 rationibus,
1395 2020 1504 2086 negat;
1530 2008 1727 2089 Copernicum
1746 2007 1916 2068 Ptolemaei

562 2100 686 2172 „Lunae
709 2099 910 2179 hypothesiu“
936 2100 1162 2178 impugnantem
1186 2108 1293 2161 contra
1308 2100 1422 2159 Ponam
1445 2099 1595 2171 defendit;
1620 2096 1813 2174 argumentis,
1839 2114 1915 2175 quae

558 2188 643 2250 Pena
666 2201 771 2248 contra
789 2188 968 2249 Aristotelis
993 2190 1153 2266 sphaeram
1176 2190 1255 2267 ignis
1278 2190 1403 2266 profert,
1428 2187 1490 2248 alia
1512 2188 1598 2248 addit
1612 2187 1761 2263 Keplerus
1786 2185 1916 2246 firmiora

557 2275 659 2337 Peuae
682 2276 883 2353 argumentis,
918 2277 967 2355 qui
997 2277 1103 2338 iterum
1128 2287 1221 2355 negat
1244 2278 1441 2337 retractiones
1466 2277 1495 2336 in
1519 2276 1615 2336 coelo.
1661 2276 1707 2334 De
1731 2282 1915 2334 cometarum

558 2373 669 2426 natura
698 2364 800 2425 Peuae
833 2366 1014 2426 sententiam
1048 2384 1106 2425 uon
1139 2367 1229 2444 plane
1262 2366 1454 2443 rejiciendam
1485 2375 1590 2426 censet
1617 2365 1784 2441 Keplerus,
1819 2381 1915 2441 neque

558 2452 640 2513 illam
673 2452 709 2513 de
733 2453 782 2513 via
806 2454 924 2528 lactca3
955 2473 1031 2534 quae
1056 2473 1126 2514 vero
1150 2456 1201 2516 ille
1226 2455 1262 2515 de
1286 2455 1368 2514 visus
1392 2454 1507 2514 ratione
1530 2454 1664 2532 profert,
1693 2454 1782 2530 plane
1806 2451 1912 2530 rejicit,

557 2541 598 2602 ad
620 2560 658 2602 ea
681 2542 855 2620 respiciens,
880 2561 956 2622 quae
980 2543 1008 2604 in
1034 2542 1147 2622 Optica
1170 2545 1207 2604 de
1232 2543 1297 2603 visu
1321 2543 1450 2604 dixerat.

646 2629 734 2702 Hinc,
758 2631 850 2691 misso
874 2631 966 2705 Pena,
992 2632 1103 2692 transit
1117 2633 1265 2711 Keplerus
1290 2632 1319 2693 in
1343 2632 1532 2711 praefatione
1556 2649 1612 2689 sua
1635 2629 1673 2689 ad
1694 2627 1914 2699 Galilaeum,

557 2718 692 2779 referens
717 2738 766 2792 ea,
793 2737 868 2796 quae
892 2720 942 2780 ille
966 2739 992 2781 c.
1017 2721 1104 2781 finem
1137 2722 1206 2781 anni
1237 2718 1317 2783 1610
1341 2731 1374 2781 et
1396 2721 1480 2780 initio
1510 2719 1580 2779 anni
1605 2718 1756 2797 sequentis
1783 2734 1862 2776 nora
1884 2717 1913 2775 in

558 2806 642 2868 coelo
667 2806 731 2868 tubi
755 2806 847 2886 optici
871 2826 926 2886 ope
952 2809 1118 2884 detexerat,
1143 2811 1317 2889 praemissis
1337 2809 1450 2888 paucis,
1475 2808 1610 2887 quaeda
1635 2807 1783 2886 prioribus
1806 2805 1914 2866 iuren-

559 2894 692 2956 tiouibus
708 2893 840 2956 Galilaei
864 2896 893 2957 in
917 2898 1067 2975 publicurn
1092 2900 1275 2978 prodierant.
1314 2898 1399 2968 Quae
1424 2917 1513 2978 quum
1536 2897 1657 2976 propius
1681 2895 1853 2975 pertineant
1876 2894 1914 2953 ad

560 2982 696 3057 libellos,
732 3003 805 3063 quos
835 2986 1098 3063 supradiximus,
1131 2988 1255 3066 Kepleri
1279 2988 1453 3065 Dioptricae
1477 2987 1681 3065 praemissos,
1714 2985 1797 3045 illam
1822 3001 1912 3060 prae-

563 3072 689 3134 fationis
723 3074 761 3134 ad
784 3074 972 3152 Dioptricam
996 3086 1113 3153 partem
1143 3078 1181 3137 ab
1215 3078 1271 3138 hac
1299 3077 1517 3155 sejungendam
1545 3077 1663 3155 illisque
1697 3074 1807 3135 libellis
1840 3090 1911 3133 oou=

556 3160 744 3240 jungendam
768 3163 947 3236 censuimus,
972 3165 1021 3243 qui
1041 3165 1106 3243 jam
1130 3165 1307 3243 respiciendi
1332 3175 1411 3226 sunt.

649 3250 740 3311 Anno
768 3246 850 3313 1609
876 3252 957 3313 circa
980 3273 1113 3314 mensem
1135 3255 1250 3331 Majum
1275 3252 1471 3315 Galilaeus
1495 3252 1633 3313 nuncium
1658 3251 1776 3328 accepit
1800 3250 1912 3311 inventi

559 3337 589 3398 iu
612 3338 721 3417 Belgio
745 3339 943 3418 „perspicilli,
970 3342 1054 3420 cujus
1078 3343 1222 3404 beneficio
1246 3343 1367 3421 objecta
1391 3341 1524 3403 visibilia
1547 3341 1618 3401 licet
1641 3342 1680 3401 ab
1705 3339 1912 3419 oculo·inspi-

560 3425 668 3487 cientis
691 3427 780 3504 longe
805 3428 914 3489 dissita
937 3430 980 3492 uti
1004 3431 1171 3510 propinqua
1199 3431 1340 3492 distincte
1373 3431 1603 3491 cernebantur.“
1650 3428 1784 3490 Jacobus
1808 3428 1911 3488 Hado-

559 3533 629 3576 vere
660 3514 768 3576 nobilis
794 3514 903 3578 Gallus
932 3518 1028 3579 literis
1054 3521 1092 3580 ad
1117 3519 1287 3581 Galilaeurn
1313 3520 1438 3581 Parisiis
1472 3519 1552 3580 datis
1584 3520 1640 3580 hoc
1673 3517 1860 3578 confirmavit
1883 3524 1914 3577 et

562 3603 613 3678 „in
637 3623 731 3665 causa
755 3604 821 3677 fuit,
847 3614 881 3665 ut
904 3609 943 3668 ad
968 3609 1100 3669 rationes
1125 3609 1318 3687 inquirendas
1342 3628 1396 3670 nec
1420 3629 1477 3670 non
1503 3608 1602 3668 media
1626 3607 1835 3684 excogitanda,
1861 3624 1913 3685 per

559 3711 638 3773 quaa
664 3693 703 3752 ad
726 3694 893 3756 consimilis
917 3697 1021 3774 organi
1046 3698 1248 3758 inventionem
1272 3699 1443 3770 deveniret,
1479 3696 1637 3757 Galilaeus
1662 3716 1694 3756 se
1719 3704 1816 3756 totum
1839 3714 1912 3756 con·

557 3782 722 3843 verteret.“
771 3780 884 3860 Optica
916 3786 990 3846 duce
1022 3787 1152 3847 confecit
1185 3785 1343 3847 Galilaeus
1377 3787 1479 3847 tubum
1516 3787 1611 3865 primo
1653 3784 1842 3864 plumbeum,
1885 3784 1913 3844 in

558 3871 644 3949 cujus
669 3872 913 3933 extremitatibus
937 3874 1035 3934 vitrea
1059 3876 1117 3935 duo
1141 3875 1335 3955 perspicilla,
1370 3875 1459 3937 ambo
1492 3895 1529 3936 ex
1563 3876 1660 3936 altera
1692 3882 1778 3952 parte
1812 3873 1912 3952 plana,

561 3978 597 4019 ex
622 3960 720 4021 altera
744 3979 815 4021 rero
840 3980 929 4022 ornum
958 3964 1117 4040 sphaerico
1150 3983 1329 4039 convexum,
1365 3966 1491 4025 alterum
1523 3983 1594 4025 vero
1627 3982 1751 4035 cavum,
1785 3962 1913 4041 aptarit.

558 4048 624 4110 Hoc
647 4048 847 4109 instrumento
872 4050 992 4127 objecta
1016 4052 1104 4128 triplo
1129 4054 1244 4131 majora
1268 4055 1473 4133 apparebant,
1508 4054 1706 4114 instrumento
1730 4070 1802 4112 vero
1827 4059 1912 4129 post-

562 4136 618 4198 hac
642 4138 800 4208 confecto,
834 4139 994 4217 sexagies,
1020 4141 1079 4202 alio
1106 4142 1307 4215 „excellenti“
1343 4142 1453 4204 millies
1481 4143 1560 4218 fere,
1594 4162 1682 4223 quam
1713 4140 1739 4200 si
1764 4138 1915 4213 „naturali

560 4231 678 4287 tantum
704 4227 850 4287 facultate
874 4230 1078 4307 spectentur.“

647 4313 714 4374 Hoc
739 4333 809 4375 osus
834 4315 1032 4379 instrumento
1064 4318 1095 4377 in
1128 4319 1243 4379 coelum
1275 4319 1376 4380 oculos
1400 4318 1549 4380 convertit
1573 4317 1751 4388 Galilaeus,
1790 4318 1917 4396 primum

557 4402 685 4475 Lunam,
711 4403 818 4463 deinde
843 4405 949 4465 stellas
973 4406 1050 4466 fixas
1074 4414 1105 4466 et
1128 4408 1207 4468 viam
1226 4409 1365 4476 lacteam,
1391 4408 1516 4486 denique
1541 4408 1680 4485 planetas
1705 4414 1736 4466 et
1760 4408 1840 4469 inter
1864 4426 1916 4468 eos

563 4492 725 4571 praecipuo
759 4491 867 4554 Jovem
900 4493 1074 4557 observans.
1125 4494 1210 4566 Quae
1244 4496 1301 4575 ipsi
1334 4498 1389 4557 lrac
1423 4499 1537 4558 ratione
1571 4505 1773 4574 apparuerunt
1805 4494 1916 4576 publici

555 4581 634 4659 juris
658 4581 731 4642 fecit
753 4580 783 4642 in
806 4582 948 4660 opusculo
976 4583 1028 4644 illu
1052 4585 1180 4658 celebri,
1216 4586 1294 4665 quod
1318 4585 1490 4663 inscripsit:
1524 4585 1703 4647 Sidereus
1726 4585 1915 4662 Nuncius,

560 4689 670 4748 magna
701 4670 849 4749 longeque
883 4671 1072 4738 admirabilia
1096 4674 1274 4752 spectacula
1297 4675 1446 4753 pandens,
1470 4674 1720 4753 suspiciendaque
1744 4693 1917 4754 proponens

561 4758 740 4837 unicuique,
767 4759 944 4837 praesertim
968 4779 1039 4822 uero
1063 4762 1251 4842 philosophis
1275 4772 1365 4841 atque
1390 4764 1589 4836 astronomis,
1620 4780 1695 4840 quae
1719 4784 1739 4823 a
1762 4763 1925 4834 Galilae-

560 4843 727 4920 Galilso,
752 4847 879 4926 patricio
894 4849 1243 4924 Florentino-Patavini
1259 4852 1407 4934 gymnasii
1431 4852 1549 4930 publico
1573 4852 1799 4926 mathematico,
1824 4854 1916 4915 Per·

560 4934 721 5013 spicilli,
747 4954 841 5015 nuper
865 4955 884 4996 a
905 4955 939 4996 se
963 4939 1089 5017 reperti,
1114 4939 1258 5001 beneficio
1282 4948 1353 5001 sunt
1376 4940 1540 5001 observata
1563 4940 1593 5002 iu
1607 4940 1711 5001 Lunae
1736 4941 1825 5015 facie,
1850 4943 1917 5003 fixis

559 5021 732 5098 innumeris,
758 5024 856 5086 lacteo
878 5024 999 5098 circulo,
1023 5027 1122 5088 stellis
1136 5027 1299 5101 nebulosis,
1325 5029 1459 5108 apprime
1476 5048 1547 5090 vero
1562 5029 1591 5090 iu
1606 5036 1771 5108 quatuor
1784 5030 1918 5109 planetis

561 5110 642 5176 circa
662 5110 683 5173 J
689 5111 770 5176 oris
792 5111 930 5187 stellam,
960 5114 1130 5192 disparibus
1153 5115 1322 5179 intervallis
1345 5125 1435 5198 atque
1449 5117 1582 5198 periodis
1606 5117 1762 5180 celeritate
1786 5118 1923 5181 mirabili
