4584 6192
1920 516 1981 568 de
2025 518 2169 567 rehu·
2208 517 2416 581 Optieis.
3431 521 3516 589 63

796 685 966 736 circuli
1006 700 1096 738 seu
1122 683 1243 749 60⁰,
1285 694 1511 740 centrum
1546 694 1653 755 ejus
1676 693 1757 750 Δ,
1799 699 1979 758 quarta
2637 692 2742 758 Fig.
2786 690 2872 743 33.

792 756 1026 808 diametri
1063 755 1111 807 λ.
1187 757 1408 811 Necesse
1452 769 1530 811 est
1573 777 1743 812 omnes
1800 764 1963 814 radios

791 827 1058 891 parallelos
1103 845 1136 880 a
1179 828 1295 880 Sole
1340 832 1406 882 ad
1447 832 1541 882 hoc
1589 835 1841 897 speculum
1876 835 1961 884 de·

789 900 966 948 missos
1008 901 1199 951 reflecti
1242 917 1410 952 versus
1449 912 1675 967 quartam
1718 904 1747 953 λ
1792 914 1844 954 et
1898 907 1988 956 ihi·

791 970 961 1034 colligi
1007 974 1061 1021 in
1107 974 1304 1023 circello
1344 977 1522 1039 exiguo
1576 991 1666 1026 seu
1713 978 1869 1026 verius
1911 978 1965 1027 in

788 1041 974 1091 lineola
1014 1040 1112 1093 20.
1187 1045 1286 1094 Hic
1340 1052 1417 1094 est
1450 1045 1587 1095 focus
1631 1054 1838 1111 quartae
1880 1050 1964 1097 iu-

788 1112 939 1162 limae
977 1112 1282 1173 adhaerens,
1336 1118 1414 1166 cui
1461 1119 1502 1165 si
1547 1118 1839 1168 adhibeatur
1887 1120 1960 1169 fo·

788 1197 925 1240 mes,
970 1185 1143 1250 ignem
1189 1188 1361 1235 statim
1402 1190 1639 1253 concipit,
1697 1189 1826 1253 quod
1864 1204 1961 1239 non

788 1254 977 1304 accidit
1018 1265 1192 1306 centro
1222 1260 1284 1307 A.
1329 1260 1488 1308 Arcus
1512 1260 1699 1323 speculi
1724 1260 1828 1309 HK
1846 1275 1959 1323 sup-

786 1327 993 1389 ponitur
1029 1323 1154 1385 30⁰,
1199 1344 1315 1395 ergo
1340 1330 1505 1379 radim
1545 1330 1673 1380 Solis
1713 1331 1808 1381 TK
1838 1333 1963 1381 inci-

788 1397 911 1446 dens
964 1400 1019 1447 in
1076 1400 1265 1463 speculi
1322 1408 1560 1464 punctum
1597 1402 1651 1451 K
1695 1410 1963 1452 extremum
2146 1454 2150 1463 ,

788 1467 1065 1519 reflectitur
1088 1471 1154 1519 ad
1189 1481 1429 1535 punctum
1456 1472 1682 1523 diametri
1719 1470 1789 1530 Ο,
1837 1474 1963 1538 quod
2090 1497 2110 1517 -π
2146 1468 2150 1505 ¹

787 1553 873 1603 per
897 1553 1148 1590 canonem
1174 1543 1530 1606 triangulorum
1558 1544 1712 1593 distat
1737 1558 1768 1592 a
1788 1552 1967 1608 quarta
2114 1509 2150 1588 κ.

790 1609 1015 1660 diametri
1042 1607 1076 1657 λ
1115 1612 1223 1662 fere
1267 1609 1353 1675 Ἰη
1395 1615 1545 1662 totius
1582 1615 1809 1664 diametri
1853 1629 1962 1677 spe·

791 1681 903 1732 culi.
980 1682 1181 1747 Reliqui
1224 1684 1351 1733 radii
1396 1683 1593 1735 Solares
1638 1682 1708 1747 (e.
1755 1702 1804 1750 g.
1844 1682 1963 1745 Vl.)

788 1752 1112 1803 reflectuntur
1164 1755 1227 1803 ad
1273 1755 1566 1805 diametrum
1613 1758 1688 1806 ita
1730 1766 1787 1806 ut
1829 1757 1965 1805 illam

789 1823 1093 1874 intersecent
1116 1826 1247 1875 inter
1273 1825 1315 1875 Ο
1345 1834 1396 1875 et
1413 1823 1462 1886 λ,
1491 1835 1542 1875 et
1566 1828 1768 1891 proinde
1795 1841 1965 1876 omnes

790 1893 1089 1959 colliguntur
1122 1899 1340 1960 proxime
1368 1906 1595 1962 quartam
1635 1896 1682 1946 λ.
1737 1897 1879 1958 Quod
1923 1899 1964 1946 si

784 1969 885 2029 jam
938 1968 1171 2017 conferas
1221 1969 1527 2032 superficiem
1579 1971 1727 2017 totius
1779 1968 1965 2033 speculi

787 2038 927 2088 mx
964 2035 1119 2103 (quod
1165 2047 1435 2089 assumtum
1486 2048 1562 2089 est
1588 2036 1707 2102 60⁰)
1755 2054 1865 2090 cum
1908 2039 2219 2102 portiuncula
2255 2038 2342 2087 illa
2368 2044 2458 2086 tua
2482 2038 2665 2088 dimidii
2712 2041 2909 2104 gradus.
2952 2058 3078 2106 quae
3114 2046 3220 2094 sola
3265 2047 3329 2096 ad
3362 2055 3500 2096 cent·

788 2125 889 2159 rum
944 2111 1112 2160 radios
1155 2111 1398 2168 reflectit,
1443 2114 1798 2175 proportionem
1839 2110 2174 2173 deprehendes
2218 2110 2621 2172 termillecuplam
2668 2120 2718 2159 et
2767 2115 3171 2177 quingentuplam
3225 2117 3299 2165 vel
3349 2120 3502 2167 etiam

789 2184 1038 2243 majorem.
1094 2181 1167 2230 Ex
1209 2197 1302 2245 quo
1351 2183 1668 2231 manifestum
1709 2182 1783 2239 fit,
1823 2182 1987 2230 radios
2030 2183 2078 2228 in
2123 2181 2230 2229 foco
2256 2195 2405 2243 prope
2432 2188 2658 2244 quartam
2685 2179 2715 2229 λ
2752 2184 2983 2233 collectos
3029 2183 3234 2233 3500102·
3270 2203 3503 2251 superare

790 2266 891 2312 eos,
943 2254 1027 2317 qui
1057 2252 1123 2301 ad
1163 2263 1387 2302 centrum
1430 2254 1779 2308 reflectuntur.
1834 2261 1889 2301 ut
1938 2261 2198 2316 propterea
2229 2252 2406 2299 mirum
2447 2267 2545 2301 nou
2586 2254 2679 2304 sit.
2725 2254 2790 2302 ibi
2835 2256 2995 2318 potius
3022 2271 3168 2320 quam
3210 2257 3286 2308 hic
3329 2260 3495 2323 ignem

791 2324 1020 2380 accendi,
1064 2328 1117 2373 et
1140 2324 1343 2388 proinde
1385 2324 1480 2374 foci
1524 2323 1904 2388 appellationem
1941 2331 2148 2387 quartae
2190 2322 2418 2372 diametri
2453 2319 2482 2368 λ
2525 2323 2707 2381 deberi,
2749 2340 2846 2374 non
2889 2334 3072 2376 centro.

958 2447 1370 2529 Keplerus:
1446 2449 1537 2509 De
1584 2448 1814 2527 Magini
1867 2447 2110 2529 speculo
2158 2465 2349 2526 neque
2413 2446 2523 2508 tibi
2573 2467 2684 2527 ego
2735 2449 2956 2529 digitos
3005 2452 3248 2532 eripiam
3299 2474 3490 2537 neque

793 2547 849 2599 tu
894 2537 1037 2600 mihi
1088 2538 1385 2610 rationes3
1433 2557 1571 2598 nam
1619 2548 1822 2599 verum
1870 2547 2182 2617 utrumque
2233 2545 2349 2596 est.
2419 2534 2616 2598 Sumit
2663 2538 2763 2598 ille
2815 2539 2978 2601 fundi
3010 2541 3238 2619 speculi
3288 2563 3490 2607 arcum

793 2623 933 2702 60⁰3
981 2628 1037 2689 si
1087 2635 1354 2689 sumeret
1399 2622 1545 2698 90⁰,
1596 2625 1779 2705 plana
1825 2637 1990 2688 esset
2037 2625 2471 2686 demonstratio
2520 2627 2594 2687 de
2645 2624 2757 2687 GP
2805 2630 2981 2706 paulo
3031 2631 3259 2693 minore
3310 2650 3491 2711 quam

790 2727 997 2797 quarta
1042 2717 1234 2797 ipsius
1283 2713 1424 2777 AG.
1519 2717 1729 2793 Itaque
1775 2714 1834 2776 in
1869 2713 1927 2776 G
1976 2714 2176 2775 radiat
2222 2731 2472 2791 magnus
2519 2733 2725 2793 margo
2755 2715 2874 2778 AG
2896 2714 3007 2791 (2),
3058 2737 3263 2798 margo
3314 2722 3497 2783 altior

790 2806 981 2870 radiat
1040 2806 1202 2868 infra
1250 2803 1342 2879 G,
1392 2804 1666 2865 humilior
1712 2822 1895 2882 supra
1943 2801 2020 2865 G.
2115 2801 2388 2864 Sentitur
2436 2811 2637 2865 autem
2685 2806 2940 2866 maxime
2987 2806 3039 2867 is
3088 2828 3324 2888 mai-ge,
3396 2810 3496 2890 qui

791 2904 877 2956 est
920 2893 1244 2957 maximuS.
1338 2894 1550 2972 Itaque
1597 2894 1650 2953 si
1695 2891 1927 2971 Magini
1974 2890 2278 2970 speculum
2328 2891 2512 2953 etiam
2560 2902 2797 2955 careret
2845 2895 3051 2969 fundo,
3103 2897 3310 2958 relicto
3367 2900 3496 2961 solo

790 2984 1073 3064 margine,
1123 2982 1383 3044 radiatio
1413 2991 1579 3043 esset
1622 3000 1810 3061 aeque
1861 2980 2051 3042 fortis.
2144 2980 2316 3041 Haec
2364 2980 2686 3042 delineatio
2735 2992 2902 3043 caret
2948 2983 3118 3045 vitio.
3202 2985 3494 3047 Radiatio

788 3069 895 3143 QD
943 3071 1349 3151 repercutitur
1392 3070 1451 3132 in
1499 3070 1583 3144 Η,
1637 3070 1776 3150 quia
1821 3067 1964 3143 QD,
2034 3069 2151 3129 DH
2198 3076 2342 3129 sunt
2388 3069 2584 3129 latera
2631 3073 2984 3150 sexanguli;
3059 3073 3146 3134 εἰσ
3191 3073 3321 3148 RB,
3357 3074 3492 3137 WC

788 3160 837 3223 iu
881 3161 981 3235 M,
1033 3159 1175 3241 quia
1212 3167 1354 3221 sunt
1399 3160 1595 3222 latera
1642 3156 2035 3239 quadranguli
2084 3156 2214 3230 RB,
2246 3155 2377 3230 BC,
2418 3155 2573 3219 WC.
2668 3158 2963 3238 Marginis
3015 3161 3192 3240 igitur
3240 3162 3351 3222 BD
3384 3183 3491 3224 ra-

790 3249 975 3312 diatio
1023 3248 1331 3328 spargitur
1375 3266 1483 3327 per
1528 3247 1675 3321 HM,
1726 3246 2012 3326 marginis
2059 3246 2189 3318 BL,
2231 3243 2338 3306 GE
2386 3245 2645 3306 radiatio
2692 3266 2800 3326 per
2844 3249 2971 3311 MN
3018 3250 3354 3330 spargitur;
3404 3252 3491 3314 sic

784 3338 916 3413 LK,
966 3338 1076 3400 EF
1120 3354 1230 3417 per
1273 3335 1426 3411 ΝΟ,
1476 3344 1542 3397 et
1587 3336 1707 3407 KI,
1756 3334 1866 3396 FG
1915 3354 2024 3414 per
2062 3332 2198 3406 ΟΡ,
2260 3334 2512 3413 denique
2558 3335 2679 3409 IH,
2738 3335 2856 3397 HG
2897 3356 3006 3416 per
3053 3340 3183 3400 PA.
3264 3341 3491 3404 Verum

783 3426 961 3507 igitur
1008 3434 1109 3488 est
1153 3426 1310 3505 quod
1358 3426 1518 3499 dico,
1572 3425 1767 3486 focum
1813 3422 1872 3484 in
1922 3424 2165 3502 speculo
2214 3423 2530 3501 sphaerico
2577 3441 2840 3485 concavo
2872 3444 3147 3503 sparsum
3198 3447 3332 3490 esse
3380 3447 3490 3508 per.

778 3515 890 3578 HA
942 3515 1324 3577 diametrum.
1421 3515 1507 3575 At
1552 3512 1816 3574 vicissim
1864 3511 2009 3573 illud
2068 3529 2298 3591 quoque
2354 3529 2557 3572 verum
2606 3520 2734 3588 est,
2802 3513 2859 3574 in
2907 3513 2974 3575 M
3022 3517 3303 3595 majorem
3354 3537 3487 3579 esse
3599 3555 3603 3560 -

781 3604 1129 3666 violentiam
1176 3603 1494 3678 radiorum,
1546 3621 1719 3681 quam
1759 3600 1816 3661 in
1864 3600 1942 3674 N,
1977 3597 2053 3675 O,
2100 3599 2152 3661 P
2181 3600 2275 3661 vel
2303 3598 2386 3661 A.
2482 3597 2684 3661 Causa
2732 3609 2829 3663 est.
2875 3603 3045 3677 haec,
3093 3605 3230 3685 quia
3283 3626 3489 3683 margo

779 3690 882 3754 CB
930 3702 1033 3753 est
1078 3692 1269 3771 major
1315 3710 1493 3771 quam
1540 3692 1677 3765 EL,
1727 3689 1834 3750 ΕΚ
1883 3688 1978 3750 vel
2022 3686 2132 3749 GI.
2227 3689 2522 3750 Attamen
2568 3689 2620 3748 si
2669 3709 2744 3750 ex
2791 3691 3019 3753 duabus
3067 3694 3339 3772 sphaeris
3391 3696 3483 3754 in-

775 3781 1049 3863 aequalis
1097 3780 1560 3859 magnitudinis,
1630 3797 1877 3859 quarum
1938 3776 2216 3837 diametri
2277 3783 2488 3838 essent
2532 3777 2589 3838 in
2645 3780 3032 3858 proportione
3081 3780 3185 3843 CB
3245 3783 3320 3842 ad
3371 3780 3484 3853 GI,

772 3890 845 3932 ex
892 3870 1120 3951 majore
1167 3877 1498 3932 sumeretur
1544 3887 1750 3947 margo
1802 3865 1923 3941 GI,
1985 3884 2059 3926 ex
2114 3865 2341 3927 minore
2396 3884 2604 3944 margo
2654 3865 2786 3942 CB,
2857 3868 2944 3929 sic
3002 3878 3070 3930 ut
3118 3867 3209 3930 GI
3266 3878 3327 3930 et
3380 3868 3484 3931 CB

771 3971 979 4024 essent
1024 3959 1332 4041 aequales,
1383 3967 1524 4019 tunc
1571 3965 1735 4018 certe
1782 3953 2097 4016 violentior
2135 3963 2301 4016 esset
2345 3952 2612 4016 incensio
2659 3955 2717 4016 in
2766 3955 2815 4017 P
2854 3974 3028 4035 quam
3077 3956 3134 4017 in
3183 3958 3277 4032 M,
3344 3959 3486 4036 quia

768 4051 1015 4114 reflexio
1066 4047 1161 4111 GI
1200 4049 1410 4109 fortior
1467 4055 1563 4108 est
1608 4064 1784 4126 quam
1833 4042 2078 4106 reflexio
2128 4040 2263 4116 CB,
2331 4052 2394 4104 et
2440 4043 2579 4122 quia
2643 4063 2738 4105 res
2785 4045 2846 4106 in
2895 4045 2960 4106 M
3010 4045 3211 4123 posita
3260 4047 3483 4109 avertit

769 4137 929 4215 GM,
978 4138 1106 4201 ΒΜ
1152 4138 1229 4198 ad
1268 4137 1581 4218 oppositas
1626 4136 1871 4214 plagas,
1921 4131 1979 4191 in
2026 4131 2077 4192 P
2124 4149 2266 4192 vero
2313 4131 2515 4211 posita
2561 4132 2785 4211 excipit
2833 4130 2972 4207 GP,
3017 4133 3102 4194 IP
3148 4153 3224 4195 ex
3270 4134 3481 4197 eadem

764 4228 972 4308 plaga.
1070 4227 1264 4288 Vides
1311 4227 1493 4306 igitur
1538 4242 1652 4285 non
1704 4224 1953 4283 formam
2001 4220 2106 4281 sed
2157 4220 2561 4299 quantitatem
2608 4220 2840 4282 efficere
2899 4221 3083 4283 istam
3128 4222 3478 4285 violentiam

765 4316 1131 4380 incensionis
1178 4316 1237 4377 in
1286 4323 1502 4395 quarta
1546 4321 1653 4374 tua
1719 4307 2025 4382 diametri,
2094 4315 2163 4368 ut
2208 4308 2547 4387 quantitate
2585 4317 2864 4371 manente
2914 4309 3106 4371 forma
3151 4330 3292 4373 vero
3343 4332 3477 4374 mu·

760 4413 902 4466 tata
937 4404 1176 4467 omnino
1226 4403 1438 4465 fortior
1482 4402 1589 4462 fiat
1634 4399 1923 4461 incensio.
2017 4395 2353 4457 Videamus
2401 4414 2543 4457 vero
2591 4396 2776 4459 etiam
2815 4397 2888 4458 de
2935 4398 3074 4472 hoc,
3128 4420 3203 4461 an
3235 4398 3355 4462 OH
3401 4400 3482 4461 sit

759 4502 983 4574 quarta
1041 4491 1320 4555 diametri
1378 4490 1472 4552 vel
1533 4489 1655 4552 ΛΗ
1727 4490 1820 4549 vel
1888 4486 1999 4548 FK
2047 4483 2294 4564 speculi.
2392 4482 2543 4545 Cum
2606 4485 2791 4565 igitur
2845 4487 2954 4547 ΓΗ
3021 4487 3103 4548 sit
3149 4484 3296 4562 30⁰,
3367 4488 3482 4550 erit

755 4581 913 4644 FAc
954 4577 1110 4655 30⁰,
1156 4581 1344 4660 igitur
1387 4580 1486 4642 AB
1531 4573 1780 4645 86603,
1829 4584 1894 4638 et
1938 4575 2025 4635 oF
2071 4570 2311 4636 50000.
2405 4572 2490 4635 Et
2537 4592 2670 4634 cum
2703 4573 2873 4637 YFO
2919 4574 3017 4636 vel
3048 4573 3196 4637 Foo
3223 4576 3307 4638 sit
3336 4572 3476 4652 60⁰,

754 4670 1023 4752 qualium
1081 4670 1268 4749 igitur
1312 4671 1401 4731 Fo
1445 4662 1664 4732 50000
1723 4665 1934 4728 talium
1997 4658 2086 4723 60
2137 4655 2388 4735 28867;
2439 4680 2590 4740 quae
2639 4664 2806 4724 aufer
2854 4683 2892 4724 a
2938 4664 3066 4739 oA,
3114 4672 3311 4727 restat
3357 4664 3475 4728 AO

752 4755 1013 4835 57736,
1064 4767 1131 4819 et
1175 4759 1329 4822 haec
1375 4758 1453 4820 ab
1500 4756 1617 4818 ΑΗ
1665 4754 1875 4815 ablata
1919 4749 2203 4830 relinquit
2233 4747 2349 4811 ΟΗ
2396 4745 2645 4825 42264,
2696 4752 2887 4813 minus
2936 4771 3113 4833 quam
3162 4751 3475 4817 dimidium

748 4848 911 4923 An,
962 4849 1165 4912 minus
1211 4847 1394 4910 etiam
1441 4862 1619 4926 quam
1666 4851 1942 4923 quartam
1990 4838 2270 4900 diametri
2328 4839 2651 4916 sphaerae,
2720 4840 2913 4902 minus
2976 4840 3232 4920 denique
3294 4859 3475 4921 quam

748 4937 1065 5002 dimidium
1112 4935 1231 4998 ΕΚ
1271 4933 1547 4998 diametri
1592 4930 1841 5010 speculi.
1938 4926 2116 5000 Quod
2163 4927 2214 4987 si
2246 4924 2411 4989 CHB
2460 4926 2540 4989 sit
2571 4922 2720 5004 90⁰,
2772 4926 2877 4991 CB
2926 4938 3021 4990 est
3066 4929 3227 4991 latus
3275 4930 3472 5010 quad-

746 5026 873 5090 rati
918 5035 985 5090 et
1006 5026 1145 5090 AM
1190 5024 1542 5097 semilatus,
1592 5017 1829 5083 70711.
1906 5020 2118 5097 Itaque
2148 5015 2273 5077 MH
2306 5011 2552 5090 29289,
2602 5017 2783 5096 paulo
2828 5017 2965 5097 plus
3012 5035 3192 5097 quam
3240 5018 3472 5098 quinta,
