4584 6192
1053 591 1136 657 capa
1154 592 1224 644 vnn
1757 587 1823 660 639

466 766 584 831 naturis
606 787 660 831 seu
684 768 882 831 facultatibus
906 787 1003 830 rerum
1026 768 1229 832 sublunarium
1249 768 1388 847 imprimi,
1412 776 1444 830 et
1458 769 1506 831 his
1523 769 1652 849 objectis
1667 768 1736 832 illas
1749 789 1822 851 per·

466 858 589 924 moveri,
605 876 672 920 curn
685 858 724 918 ad
741 858 925 919 formandum
942 869 1004 919 tum
1014 859 1051 920 ad
1071 858 1248 920 movendum
1270 877 1388 935 corpus,
1411 858 1457 919 cui
1474 859 1618 919 movendo
1635 858 1822 937 praesident.

555 946 613 1007 Hic
635 964 672 1006 ue
697 947 764 1025 quie
779 948 840 1008 isto
860 966 907 1007 me
927 948 1109 1026 praejudicio
1125 955 1241 1024 gravet,
1268 947 1353 1026 quasi
1372 947 1511 1026 quaesita
1529 945 1699 1009 subtilitate
1714 948 1823 1012 miser-

465 1035 552 1117 isque
584 1034 711 1114 argutiis
744 1036 919 1114 deploratae
948 1038 1069 1116 jamque
1101 1036 1240 1113 perditae
1271 1036 1491 1113 astrologorum
1519 1055 1630 1098 causae
1661 1037 1822 1100 remedium

465 1142 609 1203 quaeram
634 1124 749 1185 anxios.
797 1125 864 1186 h'on
889 1125 965 1186 tanti
991 1126 1069 1185 facio
1094 1125 1299 1203 astrologiam,
1325 1143 1378 1184 nec
1395 1143 1523 1204 unquam
1539 1125 1635 1203 refugi
1651 1127 1823 1205 astrologos

465 1213 603 1274 intensos
627 1212 747 1274 habere.
794 1210 857 1273 Sed
890 1232 937 1272 me
968 1213 1217 1274 constantissima
1247 1216 1405 1293 (quantum
1435 1212 1463 1273 in
1495 1214 1683 1274 naturalibus
1707 1216 1822 1294 sperari

465 1304 586 1381 potest)
610 1301 797 1378 experientia
821 1301 857 1361 de
881 1304 1078 1363 commotione
1102 1301 1306 1362 sublunarium
1323 1311 1495 1362 naturarum
1516 1301 1571 1363 sub
1595 1302 1822 1377 conjunctiones

465 1398 500 1451 et
523 1399 665 1469 aspectus
689 1410 825 1450 erronum
850 1391 970 1452 edocuit
994 1401 1024 1450 et
1047 1391 1245 1451 reluctantem
1271 1390 1353 1451 risit.
1400 1392 1445 1451 At
1460 1391 1537 1451 forte
1553 1390 1609 1450 hoc
1630 1390 1700 1451 mihi
1719 1392 1824 1454 obstat

467 1480 507 1539 ad
530 1478 618 1540 fidem
645 1478 828 1552 taciendam,
858 1480 934 1558 quod
960 1499 1044 1540 nemo
1069 1480 1287 1557 astrologorum
1313 1480 1389 1538 hanc
1413 1479 1517 1540 attulit
1546 1480 1692 1541 rationem
1701 1498 1711 1552 ;
1741 1483 1824 1542 solos

465 1585 524 1646 ego
549 1568 597 1638 (at
620 1566 685 1643 quis
710 1567 811 1641 homo,
836 1569 914 1629 unde
936 1569 1092 1647 prodiens,
1118 1568 1235 1646 quando
1261 1568 1387 1640 natus?)
1411 1569 1581 1645 astrologos
1605 1566 1823 1648 philosophiam

465 1656 583 1732 ¹doceo?
628 1654 694 1734 Ego
719 1676 789 1716 rero
814 1658 934 1737 appello
958 1657 1153 1736 philosophos
1178 1665 1208 1716 et
1231 1675 1343 1734 aequos
1363 1675 1460 1716 rerum
1480 1656 1701 1730 aestimatores,
1727 1665 1823 1718 utrum

465 1763 526 1806 non
550 1743 651 1803 omnia
674 1745 837 1805 recentium
869 1746 1005 1818 inventa,
1040 1765 1142 1806 omnes
1174 1746 1201 1804 iu
1232 1746 1338 1805 melius
1370 1746 1619 1806 commutationes
1648 1744 1704 1806 hoc
1733 1757 1823 1825 pacto

465 1833 553 1913 quasi
582 1833 702 1912 pessulo
727 1834 830 1894 obdito
855 1856 871 1894 e
894 1834 1086 1914 philosophia
1109 1834 1324 1894 excludantur?
1370 1834 1438 1895 Non
1470 1852 1546 1912 nego
1570 1835 1656 1906 Pico,
1682 1852 1824 1913 magnam

465 1940 536 1982 esse
562 1920 725 1982 vanitatem
749 1924 953 2000 experientiae
978 1926 1015 1984 ab
1040 1923 1202 2001 astrologis
1222 1922 1360 1999 jactatae
1376 1923 1465 1983 etiam
1481 1924 1560 1983 eirca
1584 1923 1640 1984 hoc
1659 1930 1764 2001 caput3
1792 1931 1826 1984 at

465 2029 525 2072 non
550 2010 617 2070 ideo
642 2011 787 2084 concedo,
812 2012 923 2072 nullam
948 2013 1039 2073 luisse
1064 2011 1289 2091 experientiam.

554 2097 625 2158 Jam
650 2098 766 2176 itaque,
797 2111 830 2160 ut
854 2101 933 2160 solet
961 2101 989 2160 in
1020 2102 1106 2162 robus
1139 2100 1290 2173 obscuris,
1317 2099 1417 2176 magni
1441 2099 1624 2160 exstiterunt
1647 2118 1763 2160 errores
1787 2118 1825 2160 ex

465 2186 617 2247 varietate
651 2187 836 2264 ingeniorum
870 2188 906 2249 de
940 2190 1039 2249 causis
1072 2188 1279 2266 cogitantium.
1327 2187 1472 2266 Exemplo
1503 2189 1544 2247 sit
1573 2189 1659 2249 nohis
1688 2186 1824 2266 quaestio

465 2275 596 2336 omnium
620 2276 764 2336 maxima:
799 2275 874 2346 Quis
903 2277 960 2338 uisi
988 2279 1077 2356 plane
1108 2279 1231 2339 insanus
1262 2286 1293 2336 et
1323 2277 1352 2335 in
1377 2275 1499 2354 Epicuri
1531 2276 1637 2337 schola
1666 2285 1823 2355 corruptus

465 2364 593 2444 negabit
617 2383 683 2424 esse
699 2365 817 2425 Deum?
841 2385 915 2439 rum,
941 2375 975 2426 ut
999 2367 1036 2427 D.
1056 2367 1142 2428 Pauli
1168 2364 1266 2424 uerbis
1292 2375 1368 2439 utar,
1394 2380 1528 2429 attrectet
1548 2393 1611 2429 eum
1632 2393 1710 2431 omne
1733 2391 1825 2447 genua

464 2462 614 2518 bominum.
651 2453 693 2514 Et
715 2463 817 2515 tamen
842 2456 908 2516 huic
933 2457 1136 2533 experientiae
1161 2465 1232 2532 quot
1257 2454 1335 2514 talea
1359 2453 1490 2533 quotidie
1505 2474 1537 2514 se
1552 2453 1732 2529 immiscent,
1756 2456 1825 2515 dum

466 2540 596 2621 quilibet
619 2540 715 2603 Deum
740 2543 797 2603 sibi
824 2543 911 2617 iecit,
945 2545 1022 2604 uude
1057 2545 1176 2621 aliquod
1208 2542 1304 2602 sensit
1336 2543 1493 2602 levamen?
1539 2542 1616 2604 Hiuc
1639 2551 1686 2604 tot
1708 2541 1826 2621 species

466 2628 644 2707 impietatis.
692 2633 817 2691 Atrion
842 2632 923 2705 ideo,
957 2634 1026 2711 quia
1057 2634 1202 2711 deceptae
1234 2640 1304 2691 sunt
1327 2631 1460 2691 infinitae
1484 2632 1635 2711 myriades
1659 2631 1825 2710 gentilium,

464 2718 562 2779 etiam
594 2718 781 2796 decipiuntur
816 2721 902 2781 hodie
928 2719 1109 2789 Christiani,
1140 2722 1271 2802 Ture—ac,
1296 2718 1420 2792 Judaei,
1445 2720 1541 2780 Deum
1574 2739 1662 2781 unum
1695 2720 1830 2783 colentes

465 2826 593 2886 eumque
616 2810 816 2885 ψηλαφιιιτις.

557 2894 666 2957 Potest
689 2897 780 2975 igitur
804 2897 832 2957 iu
858 2917 888 2956 re.
914 2904 975 2956 tam
1000 2897 1144 2976 perplexa
1169 2897 1248 2970 fieri,
1277 2905 1311 2956 ut
1340 2914 1442 2957 omues
1465 2895 1495 2956 iu
1519 2904 1607 2975 parte
1631 2896 1827 2973 decipiantur,

466 2985 497 3047 in
521 2985 754 3063 genere'tamen
781 3005 881 3046 rerum
908 2985 1018 3063 aliquid
1044 2986 1244 3063 experiantur.
1292 2985 1338 3045 De
1358 2983 1429 3046 Sole
1453 2984 1531 3045 alius
1553 2986 1659 3059 credit,
1685 2985 1763 3047 diem
1788 2985 1826 3046 ab

467 3093 505 3134 eo
529 3092 582 3133 ceu
609 3073 748 3133 amictum
774 3075 921 3135 latissime
946 3083 1114 3152 porrectum
1139 3073 1342 3146 circumferri;
1367 3073 1443 3134 alius
1467 3092 1562 3153 aquas
1586 3074 1623 3135 ab
1648 3094 1683 3135 eo
1707 3074 1825 3136 extrahi

465 3184 483 3224 e
509 3170 605 3236 terra,
637 3162 714 3222 alius
746 3183 820 3223 uvae
844 3162 936 3241 ipsius
961 3162 1162 3223 illustratione
1186 3162 1323 3233 colorari,
1349 3162 1426 3221 alius
1451 3163 1603 3223 secundari
1628 3170 1763 3225 naturam
1787 3163 1826 3223 ab

464 3251 564 3332 ipsius
587 3250 725 3329 ingressu
739 3252 768 3311 in
783 3252 931 3324 Arietem,
956 3252 1033 3311 alius
1057 3252 1165 3311 stellas
1185 3270 1220 3311 eo
1238 3251 1421 3311 adventante
1445 3251 1528 3313 coelo
1552 3252 1671 3331 expelli.
1720 3250 1824 3312 Philo-

464 3339 582 3418 sophus
607 3340 715 3419 aliquis
739 3340 858 3419 singula
881 3341 1070 3419 perpendens
1094 3340 1217 3413 invenit,
1242 3339 1337 3400 errari
1360 3340 1527 3418 asingulis,
1552 3342 1628 3419 quod
1654 3341 1728 3401 haec
1751 3357 1825 3419 par-

465 3427 608 3491 ticularia
632 3429 750 3501 attinet,
778 3448 871 3506 neque
896 3430 1031 3489 sufficere
1051 3428 1153 3490 Solem
1177 3430 1214 3489 ad
1240 3428 1314 3489 ista:
1340 3428 1403 3507 ipse
1427 3447 1497 3490 vero
1520 3448 1553 3490 re
1576 3448 1735 3509 perpensa,
1759 3447 1825 3490 oum

463 3518 571 3579 videat
593 3517 667 3577 haec
691 3517 790 3576 omnia
813 3536 879 3576 cum
904 3516 985 3577 Solis
1008 3535 1133 3579 accessu
1157 3517 1235 3591 fieri,
1265 3536 1329 3578 cum
1360 3536 1479 3578 recessu
1511 3518 1649 3591 diminui,
1682 3516 1823 3597 generale

467 3605 622 3685 quippiam
648 3605 714 3664 inde
738 3605 869 3684 colligit,
902 3615 1053 3667 auctorem
1087 3625 1155 3668 esse
1184 3625 1237 3684 per
1267 3624 1333 3665 sese
1358 3606 1452 3665 solius
1477 3606 1551 3666 lucis
1575 3615 1606 3665 et
1631 3605 1755 3667 caloris:
1788 3623 1825 3664 ex

473 3694 582 3774 quibus
606 3693 720 3754 duabus
744 3694 841 3766 rebus,
867 3696 1029 3754 accedente
1054 3706 1163 3756 natura
1186 3713 1283 3755 rerum
1306 3692 1520 3759 sublunarium,
1544 3693 1753 3756 consecutione
1768 3711 1825 3752 na-

466 3782 561 3845 turali
583 3782 667 3860 sequi
683 3781 798 3860 reliqua
814 3784 922 3854 omnia,
943 3791 974 3841 et
993 3784 1149 3843 deficiente
1169 3782 1270 3860 aliqua
1289 3799 1381 3840 causa
1399 3781 1455 3841 sub
1470 3782 1557 3842 Luna
1572 3780 1708 3859 impediri
1724 3799 1824 3860 posse.

558 3869 609 3932 Sic
634 3871 704 3930 olim
728 3889 793 3930 cum
818 3878 990 3948 magnete
1014 3890 1062 3931 res
1086 3871 1206 3943 habuit,
1238 3889 1303 3930 curn
1335 3869 1455 3947 qnidam
1477 3861 1611 3931 Jacobus
1634 3869 1826 3931 Florentinos

466 3958 739 4022 animadvertisset
762 3959 789 4018 in
815 3979 849 4017 eo
874 3959 983 4038 polum,
1009 3959 1059 4037 qui
1074 3961 1112 4020 ad
1128 3960 1227 4037 polum
1244 3957 1343 4017 mundi
1363 3957 1569 4033 contenderet,
1594 3959 1701 4037 quique
1717 3958 1825 4018 ferrum

465 4048 649 4116 attraheret,
672 4048 812 4125 opposita
827 4055 913 4125 parte
930 4047 1037 4107 ferrum
1054 4049 1218 4126 repellente
1224 4066 1234 4119 3
1258 4046 1362 4107 statim
1378 4047 1568 4120 exstiterunt,
1586 4046 1634 4126 qui
1649 4045 1826 4107 mirabilium

465 4136 671 4199 artificiorum
687 4154 771 4214 spem
796 4136 947 4206 iacerent;
980 4146 1079 4196 motus
1111 4135 1248 4214 perpetui
1277 4154 1330 4213 per
1357 4134 1521 4196 claviculos
1549 4134 1579 4195 in
1607 4142 1675 4196 rota
1699 4135 1825 4209 -ferreoe,

465 4224 620 4306 sphaerae
643 4242 709 4285 cum
734 4224 817 4284 coelo
841 4223 960 4283 mobilis
984 4224 1048 4283 sine
1072 4224 1179 4285 rotulis
1202 4225 1249 4283 vel
1274 4222 1463 4301 ponderibus,
1489 4223 1655 4302 alphabeti,
1680 4215 1737 4303 quo
1761 4223 1827 4303 quis

464 4312 558 4376 alteri
587 4313 625 4372 ad
655 4312 849 4373 constitutum
882 4323 1000 4390 tempus
1033 4313 1112 4373 ultra
1140 4319 1259 4373 centum
1284 4311 1453 4373 milliarium
1477 4313 1608 4390 spatium
1635 4331 1712 4392 quae
1735 4312 1829 4374 vellet

463 4400 669 4482 significaret:
703 4420 779 4479 quae
808 4400 846 4460 e'x
873 4408 1007 4461 tractatu
1031 4400 1171 4480 Magistri
1195 4401 1317 4463 Henrici
1348 4401 1383 4459 de
1412 4401 1526 4462 llassia
1557 4409 1717 4480 excerpta,
1749 4399 1827 4481 quod

465 4489 604 4553 ostendit
628 4489 761 4562 libellus,
798 4499 868 4550 ante
892 4486 958 4550 200
987 4490 1048 4550 iere
1076 4509 1171 4550 annos
1201 4488 1436 4567 manuscriptus,
1469 4508 1555 4570 quem
1586 4489 1699 4564 habeo,
1723 4487 1774 4550 ubi
1796 4487 1827 4549 in

464 4577 629 4640 Taisnierii
649 4577 799 4638 llaunouii
821 4598 926 4639 manue
943 4586 1096 4653 venerunt,
1122 4579 1218 4638 denuo
1243 4578 1298 4638 sub
1323 4595 1417 4639 novae
1440 4577 1622 4639 inventionis
1646 4577 1735 4639 titulo
1758 4583 1829 4637 suut

465 4667 507 4730 ab
532 4684 567 4727 eo
591 4665 746 4746 publicata
768 4667 869 4727 verbis
898 4678 931 4728 ut
958 4666 1116 4744 plurimum
1144 4667 1265 4741 iisdem,
1294 4666 1497 4728 schematibus
1524 4685 1596 4727 vero
1630 4666 1667 4726 ad
1698 4683 1828 4744 unguem

465 4745 758 4903 εὶηπειῗιιίδοιῑι)ιιιἀειιι
782 4841 902 4903 modum
926 4841 992 4901 dico
1016 4841 1208 4902 observatum
1233 4860 1301 4902 esse
1325 4861 1344 4901 a
1367 4833 1519 4903 veteribus
1547 4849 1579 4901 et
1602 4838 1690 4901 hodie
1719 4838 1826 4902 obser-

466 4930 535 4994 vari
559 4931 721 4992 maximam
745 4930 805 4991 vim
827 4930 1066 5009 conjunctionum
1091 4929 1279 5007 planetarum
1308 4929 1336 4989 in
1358 4929 1480 5009 ¹ciendis
1510 4928 1706 4990 facultatibus
1730 4947 1827 4990 rerum

464 5019 688 5106 ¹sublunarium:
713 5025 747 5080 at
778 5037 845 5079 cum
878 5038 916 5078 ex
948 5018 1003 5079 hoc
1031 5016 1195 5079 universali
1222 5016 1368 5097 principio
1397 5018 1476 5080 alius
1504 5018 1567 5078 alia
1588 5023 1749 5106 conaretur
1771 5035 1827 5078 ex·

467 5117 602 5182 struere,
631 5126 735 5168 omnes
764 5126 836 5168 vero
866 5108 904 5168 ad
934 5105 1134 5186 particulares
1167 5104 1389 5187 praedictiones
1409 5105 1652 5188 ,contenderent
1685 5104 1826 5186 aphoris-
