4584 6192
2047 571 2393 629 mosomo
2428 575 2555 630 Pars
2591 576 2788 644 Opaca.

1919 775 2062 837 ergo
2089 755 2208 819 KL
2252 753 2500 818 visionis
2548 754 2831 819 circulum
2874 757 3132 822 circulus
3176 759 3639 824 illuminationis
3666 757 3786 824 FG

1917 848 1978 911 in
2025 853 2247 926 puncto
2313 845 2477 906 ultra
2520 843 2589 906 Μ
2633 863 2844 907 versus
2892 847 2978 923 L,
3044 847 3107 910 id
3152 848 3237 911 sit
3281 850 3332 913 1.
3423 849 3582 912 Axis
3639 868 3786 913 vero

1918 934 2168 998 visionis
2213 933 2337 997 HA
2381 942 2550 996 secet
2592 931 2707 997 FG
2753 935 2813 997 in
2858 936 2951 1011 N,
3018 944 3085 999 et
3129 937 3262 1000 axis
3325 938 3789 1003 illuminationis

1918 1024 2036 1087 EA
2093 1023 2350 1086 eandem
2421 1029 2591 1085 secet
2650 1022 2714 1086 in
2776 1023 2855 1086 B.
2960 1025 3155 1105 Igitur
3221 1027 3277 1089 si
3346 1046 3531 1091 cornu
3604 1030 3788 1109 plane

1919 1131 2106 1193 usque
2152 1112 2213 1174 in
2257 1112 2321 1175 N
2364 1110 2735 1192 pertigisset,
2784 1132 2938 1194 quae
2984 1133 3093 1195 per
3135 1115 3198 1178 N
3243 1117 3466 1178 transit
3509 1117 3630 1197 ipsi
3671 1118 3791 1180 KL

1922 1202 2335 1283 aequidistans
2373 1208 2439 1263 et
2480 1200 2773 1264 visionem
2815 1212 3302 1283 repraesentans,
3351 1205 3547 1270 minor
3585 1207 3794 1271 futura

1921 1292 2034 1355 fuit
2081 1309 2258 1371 quam
2304 1287 2419 1353 FG
2465 1290 2839 1353 illuminatio.
2915 1292 3076 1355 Nam
3114 1293 3235 1356 AN
3279 1294 3575 1357 subtensa
3620 1305 3791 1359 recto

1921 1380 2103 1444 ARN
2173 1378 2410 1459 longior
2465 1386 2561 1441 est
2620 1398 2800 1461 quam
2855 1380 3007 1457 AR,
3068 1382 3326 1446 circulus
3386 1402 3531 1465 ergo
3574 1402 3688 1465 per
3734 1386 3790 1447 N

1922 1471 2059 1551 plus
2123 1468 2202 1531 ab
2259 1468 2323 1530 A
2383 1475 2589 1531 centro
2655 1469 3021 1545 distitisset,
3083 1490 3261 1552 quam
3320 1473 3577 1535 circulus
3655 1472 3791 1543 FG,

1924 1578 2109 1642 quare
2156 1557 2351 1621 minor
2376 1557 2639 1659 fuisset,
2689 1578 2823 1624 cum
2870 1559 2975 1642 qui
3016 1579 3125 1640 per
3179 1569 3451 1625 centrum
3495 1563 3665 1625 solus
3711 1562 3798 1625 sit

1926 1666 2185 1712 omnium
2231 1665 2549 1709 maximus.

2099 1736 2242 1799 Jam
2288 1754 2432 1798 vero
2479 1735 2785 1798 dimidium
2833 1754 3017 1799 cornu
3054 1756 3174 1799 non
3220 1756 3410 1818 usque
3446 1740 3508 1802 in
3536 1740 3597 1802 N
3643 1758 3794 1821 per-

1924 1825 2229 1907 tingebat,
2295 1830 2366 1887 ut
2420 1824 2773 1905 quadrantis
2828 1825 3202 1905 longitudine
3248 1833 3634 1905 cerneretur,
3683 1831 3798 1892 sed

1926 1918 1986 1979 in
2051 1916 2084 1978 Ι
2147 1912 2394 1977 defecit.
2498 1912 2702 1985 Quare
2766 1913 2952 1976 KML
3014 1914 3250 1995 longius
3316 1916 3394 1979 ab
3440 1916 3505 1981 A
3566 1917 3801 1982 distitit

1929 2023 2106 2087 quam
2150 2003 2240 2077 N,
2298 2002 2485 2065 multo
2542 2002 2727 2083 igitur
2780 2002 2974 2066 minor
3029 2003 3146 2065 fuit
3188 2022 3366 2085 quam
3399 2006 3512 2087 ‘qui
3548 2005 3668 2087 ‘per
3713 2008 3796 2071 N.

1929 2093 2130 2157 Minor
2173 2110 2319 2155 vero
2367 2098 2434 2153 et
2486 2092 2586 2172 qui
2631 2110 2740 2172 per
2782 2093 2843 2155 N
2889 2092 3112 2155 circulo
3164 2091 3282 2155 FG
3339 2094 3799 2168 illuminator-io,

1931 2182 2117 2247 multo
2181 2180 2368 2261 igitur
2431 2180 2625 2243 minor
2667 2180 2784 2243 KL
2828 2181 3088 2244 visorius
3132 2181 3584 2249 illuminatorio.
3675 2184 3801 2247 Per

1931 2268 2037 2336 24.
2105 2289 2247 2333 vero
2310 2270 2622 2333 theorema
2681 2268 3039 2350 Opticorum
3081 2270 3374 2348 Euclidis,
3443 2291 3558 2354 quo
3602 2273 3801 2337 minus

1933 2362 2008 2426 de
2037 2360 2217 2441 globo
2266 2366 2595 2439 spectatur,
2644 2360 2758 2421 hoc
2786 2360 2978 2439 major
3016 2368 3274 2440 apparet
3308 2362 3436 2441 ejus
3476 2362 3799 2427 diameter.

1791 2518 1794 2519 ⁷
1929 2451 2015 2513 Et
2080 2468 2265 2530 supra
2330 2468 2465 2530 cap.
2514 2448 2627 2511 VI.
2695 2448 2845 2510 Nro.
2895 2444 2956 2511 3.
3007 2449 3525 2525 demonstratum,
3585 2453 3639 2514 si
3684 2453 3804 2516 KL

1839 2603 1867 2643 L
1932 2538 2190 2602 visorius
2255 2544 2320 2599 et
2362 2536 2480 2600 FG
2536 2537 2997 2600 illuminatorius
3056 2537 3488 2603 coincidissent
3508 2588 3524 2617 ,
3588 2542 3803 2605 eodem

1750 2686 1753 2687 γ
1835 2663 1871 2711 'u
1934 2628 2153 2707 angulo
2201 2633 2545 2707 spectatum
2592 2627 2855 2689 futurum
2886 2627 3075 2689 fuisse
3119 2635 3433 2710 utrumque
3482 2630 3801 2694 luminare.

1839 2731 1871 2775 u
1917 2720 2099 2798 Ergo
2147 2717 2287 2798 quia
2344 2716 2473 2796 jam
2522 2716 2690 2777 KTL
2734 2715 2927 2778 minor
2972 2725 3069 2779 est
3132 2735 3311 2797 quam
3360 2716 3546 2794 FTG,
3608 2721 3807 2800 major

1932 2808 2118 2887 igitur
2174 2806 2471 2868 diameter
2528 2823 2825 2887 apparens
2871 2805 3081 2868 Lunae
3142 2825 3320 2887 quam
3367 2806 3566 2880 Solis,
3620 2808 3805 2891 idque

1934 2894 2304 2960 sensibiliter
2349 2895 2550 2968 valde,
2596 2895 2867 2977 quamvis
2913 2914 3099 2976 prope
3146 2913 3502 2976 apogaeum.

2109 2984 2251 3047 Jam
2298 2993 2365 3047 ut
2409 2984 2722 3048 theorema
2765 2986 3098 3064 perfectum
3146 2986 3256 3059 sit,
3317 2992 3482 3063 esto,
3538 2992 3608 3049 ut
3654 3006 3806 3068 pro-

1934 3074 2129 3156 portio
2177 3093 2361 3137 cornu
2395 3074 2475 3136 ad
2516 3074 2820 3138 residuum
2858 3074 3125 3153 corporis
3159 3075 3449 3138 ambitum
3486 3094 3565 3139 ex
3601 3078 3803 3140 aesti-

1935 3164 2198 3227 matione
2274 3164 2504 3226 oculari
2592 3164 2937 3226 innotescat
3013 3163 3170 3226 citra
3255 3183 3546 3238 errorem,
3642 3168 3805 3248 quod

1936 3254 2172 3335 quidem
2241 3252 2482 3315 difficile
2553 3252 2873 3315 admodum
2943 3262 3071 3328 est,
3148 3260 3213 3315 et
3276 3272 3391 3334 ego
3450 3272 3568 3317 non
3633 3256 3806 3337 potui

1936 3344 2260 3406 aestimare
2348 3341 2627 3405 subtilius
2706 3340 3042 3422 quippiam,
3127 3360 3304 3424 quam
3379 3362 3563 3406 cornu
3641 3345 3808 3407 inter

1929 3435 2212 3497 trientem
2276 3439 2343 3493 et
2406 3430 2720 3493 semissem
2777 3430 2983 3493 circuli
3041 3430 3251 3494 visorii
3313 3451 3450 3494 esse
3515 3433 3804 3509 medium,

1076 3531 1191 3595 hoc
1236 3536 1334 3593 est
1378 3530 1538 3592 inter
1588 3525 1714 3592 120
1761 3535 1826 3590 et
1876 3522 2020 3592 180.
2113 3523 2268 3584 Esto
2329 3520 2500 3583 nobis
2562 3520 2936 3601 propositum
2999 3520 3138 3583 hinc
3208 3521 3441 3584 calculo
3497 3523 3805 3604 inquirere

1075 3619 1512 3703 aspectabilem
1542 3616 1749 3682 Lunae
1780 3617 2152 3680 diametrum.
2203 3611 2368 3690 Ergo
2390 3610 2476 3672 LI
2505 3628 2685 3671 cornu
2707 3610 2823 3672 erit
2851 3609 3155 3672 dimidium
3188 3610 3654 3695 aestimationis.
3704 3611 3806 3675 Sit

1073 3710 1134 3776 D
1176 3709 1353 3792 polus
1400 3708 1648 3771 visionis
1696 3715 1759 3769 et
1806 3704 2140 3769 descendat
2186 3718 2363 3762 arcus
2411 3699 2501 3760 DI
2547 3706 2831 3779 secetque
2878 3696 2988 3762 BC
3034 3700 3096 3761 in
3127 3698 3205 3771 Q.
3281 3700 3477 3780 Igitur
3521 3700 3582 3762 in
3622 3699 3800 3772 DQC

1077 3800 1259 3864 datur
1305 3795 1511 3872 QDC,
1578 3796 1889 3876 longitudo
1937 3790 2164 3857 dimidii
2213 3808 2427 3862 cornu,
2491 3785 2669 3859 DCQ
2713 3806 2856 3850 vero
2904 3794 3104 3851 rectus
3152 3795 3277 3865 est,
3346 3797 3410 3851 et
3472 3789 3638 3852 latus
3684 3789 3800 3853 DC

1078 3889 1279 3953 datur.
1373 3887 1535 3950 Nam
1581 3885 1723 3967 quia
1767 3885 1877 3949 Sol
1936 3885 1994 3948 in
2043 3878 2413 3960 longitudine
2470 3877 2689 3953 media,
2747 3885 2813 3939 et
2855 3878 3031 3939 Luna
3077 3873 3200 3941 56⁰
3242 3887 3384 3959 post
3440 3897 3799 3959 apogaeum,

1075 3976 1322 4042 dabitur
1369 3977 1550 4057 igitur
1606 3994 1683 4037 ex
1740 3972 2175 4058 hypothesibus
2233 3974 2546 4031 auctorum
2600 3966 2910 4048 proportio
2957 3967 3069 4028 ΗΕ
3117 3968 3197 4030 ad
3241 3968 3396 4043 HA3
3459 3968 3570 4030 sed
3605 3968 3800 4031 -AHE

1075 4066 1334 4147 angulus
1380 4063 1712 4128 innotescit
1761 4082 1834 4125 ex
1883 4065 2014 4126 loco
2061 4059 2371 4139 utriusque
2418 4055 2656 4119 luminis
2703 4055 2955 4131 visibili,
3022 4075 3167 4137 ergo
3231 4057 3529 4137 producta
3572 4056 3694 4120 EA
3740 4057 3801 4119 in

1076 4157 1146 4232 Τ,
1198 4154 1447 4218 dabitur
1491 4153 1694 4228 TAH,
1745 4154 1913 4234 cujus
1960 4168 2243 4214 mensura
2289 4147 2400 4208 'rD
2448 4147 2695 4227 ejusque
2745 4144 3046 4207 residuum
3094 4147 3171 4209 ad
3240 4146 3638 4227 quadrantem
3684 4145 3800 4210 DC

1076 4244 1379 4327 quaesita.
1474 4245 1545 4305 In
1591 4240 1765 4314 DQC
1815 4242 2000 4322 igitur
2046 4244 2371 4321 quaeratur
2418 4256 2494 4297 ex
2540 4234 2703 4297 datis
2747 4234 2939 4317 primo
2988 4232 3128 4311 DQ,
3179 4243 3306 4298 tum
3354 4232 3547 4306 DQO.
3640 4236 3800 4299 Dein

1077 4338 1156 4397 ei
1199 4334 1231 4395 1
1273 4330 1793 4413 perpendicularis
1841 4350 2017 4394 arcus
2063 4329 2125 4391 in
2172 4325 2280 4389 BC
2328 4326 2591 4399 incidat,
2642 4324 2739 4404 qui
2787 4324 2871 4385 sit
2915 4322 3017 4385 IS.
3110 4325 3178 4387 In
3245 4324 3553 4403 triangulo
3613 4324 3802 4405 igitur

1076 4420 1220 4495 IQS
1267 4422 1521 4503 angulus
1570 4419 1616 4482 S
1663 4429 1892 4497 rectus,
1942 4418 2002 4490 Q
2047 4418 2228 4480 datus
2277 4422 2401 4489 est,
2472 4421 2537 4475 et
2582 4412 2661 4475 IS
2708 4414 2867 4475 latus
2916 4421 3012 4474 est
3063 4411 3198 4489 15‘,
3266 4421 3494 4494 quanta
3559 4415 3803 4477 scilicet

1075 4520 1177 4577 est
1219 4511 1515 4574 distantia
1560 4510 1768 4572 circuli
1813 4507 2269 4572 illuminationis
2320 4526 2357 4567 a
2385 4503 2667 4577 maximo,
2716 4521 2901 4582 supra
2947 4520 3080 4583 cap.
3116 4504 3227 4575 VI,
3273 4503 3422 4565 Nro.
3457 4499 3519 4566 3.
3597 4502 3799 4566 Dabi-

1074 4608 1173 4666 tur
1218 4619 1362 4682 ergo
1411 4598 1521 4675 QI,
1570 4599 1922 4662 minuendus
1969 4619 2008 4660 a
2054 4595 2204 4670 QD,
2272 4604 2341 4657 ut
2404 4593 2699 4655 habeatur
2754 4610 2931 4654 arcus
2978 4592 3134 4654 inter
3180 4593 3379 4671 polum
3429 4598 3494 4653 et
3541 4592 3799 4656 visionis

1077 4690 1386 4759 circulum,
1437 4688 1607 4767 cujus
1655 4689 2153 4769 complementum
2201 4687 2279 4747 ad
2327 4685 2723 4766 quadrantem
2771 4680 2972 4762 arguit
3018 4682 3533 4744 semidiametrum
3579 4682 3800 4745 visibi-

1074 4779 1195 4842 lem
1236 4798 1347 4860 per
1393 4778 1813 4841 demonstrata
1860 4795 1996 4857 cap.
2046 4776 2157 4852 VI,
2204 4776 2353 4838 Nro.
2404 4771 2467 4837 3.
2558 4772 2697 4835 Non
2744 4770 3244 4834 dissimulandum
3290 4778 3413 4842 est,
3472 4771 3799 4834 immanem

1075 4867 1214 4931 hinc
1258 4867 1386 4930 fleri
1435 4867 1795 4930 diametrum
1838 4869 2048 4930 Lunae
2095 4871 2519 4946 apparentem,
2567 4862 2619 4923 si
2665 4861 2763 4924 vel
2814 4860 3119 4924 minimum
3179 4860 3464 4923 sensibile
3514 4860 3797 4924 semicir-

1077 4956 1211 5020 culo
1258 4956 1568 5019 nascentis
1614 4974 1797 5019 cornu
1845 4956 2059 5018 deesse
2106 4954 2352 5016 dixeris.
2448 4953 2662 5032 Itaque
2730 4969 2974 5013 causam
3033 4951 3217 5014 aliam
3281 4967 3637 5013 concurrere
3684 4970 3800 5012 ne-

1077 5062 1250 5110 cesse
1296 5053 1434 5120 est;
1483 5045 1615 5109 scil.
1665 5044 1943 5108 acumina
1988 5061 2273 5107 cornuum
2321 5041 2397 5104 ob
2445 5040 2780 5105 exilitatem
2813 5058 2960 5120 prae
2990 5041 3272 5105 claritate
3302 5039 3802 5104 intermediamm

1075 5134 1337 5216 partium
1375 5142 1754 5198 evanescunt
1799 5134 1859 5197 in
1903 5133 2060 5196 visu.
