4584 6192
983 566 1066 633 capue
1082 567 1115 617 V·
1139 563 1164 617 ³·
1688 567 1753 636 245

396 753 444 806 est
473 744 660 825 impossibile
692 764 746 825 per
775 745 984 825 praemissam.
1029 745 1111 823 urge
1140 743 1201 807 ΟΗ
1230 763 1287 805 non
1321 741 1494 823 refringitur
1521 744 1551 806 in
1574 746 1632 807 ΗΡ
1661 765 1753 829 snpra

396 831 465 907 HG,
489 834 598 896 sedin
622 833 754 913 aliquam
776 834 855 895 infra
876 832 949 906 HG,
973 842 1005 895 et
1028 834 1056 895 in
1081 834 1110 894 H
1132 841 1243 912 puncto
1267 833 1301 893 ht
1323 832 1509 894 intersectio.

482 921 594 984 Aliter.
642 920 676 984 Si
700 921 779 983 enim
803 941 861 983 non
895 922 1052 984 descendit
1074 920 1133 984 ΟΗ
1166 922 1245 984 infra
1268 919 1361 993 IHG,
1395 920 1529 982 sectione
1552 921 1583 982 in
1605 922 1634 983 Η
1658 923 1750 999 facta,

395 1028 465 1089 ergo
488 1029 593 1071 omnes
617 1010 789 1090 superiores
807 1029 897 1091 qnam
912 1011 957 1073 ΙΗ
981 1011 1129 1072 refractus
1153 1010 1307 1072 habebunt
1330 1009 1509 1087 superiores.
1534 1009 1604 1089 quia
1622 1012 1752 1075 omnium

395 1107 441 1160 est
469 1098 578 1161 eadem
606 1100 701 1169 ratio,
735 1118 801 1161 cum
828 1118 964 1161 crescere
997 1099 1194 1161 refractiones
1222 1118 1289 1159 cum
1316 1097 1560 1161 inclinationibus
1592 1100 1752 1179 probatum

394 1186 442 1259 sit,
467 1195 500 1248 et
523 1206 581 1267 qno
605 1187 730 1267 quisque
753 1188 897 1268 superior,
922 1188 978 1249 hcc
993 1188 1052 1249 erit
1071 1188 1205 1267 superior
1222 1197 1253 1246 et
1276 1187 1343 1266 ejus
1368 1188 1527 1248 refractus.
1554 1185 1753 1251 continuetur

396 1273 454 1336 GH
477 1275 674 1356 aliqucusque
698 1277 727 1337 iu
752 1277 800 1351 R3
835 1277 905 1357 qnia
936 1277 1029 1355 igitur
1052 1276 1111 1337 RH
1135 1275 1272 1353 superior
1299 1294 1387 1353 quam
1411 1273 1484 1349 ΟΗ,
1514 1276 1663 1339 refractus
1687 1278 1752 1355 ejus

394 1363 451 1425 erit
484 1364 621 1443 superior
653 1383 741 1444 quam
769 1364 839 1427 HG.
886 1364 935 1427 Sit
962 1366 1036 1437 ΗΡ;
1070 1383 1135 1425 curn
1169 1364 1259 1441 igitur
1288 1360 1378 1423 RHG
1406 1364 1448 1425 sit
1480 1372 1565 1425 recta
1594 1384 1667 1441 nna,
1692 1365 1752 1427 Ru

396 1452 550 1531 ingressus
580 1452 712 1514 medium
744 1453 866 1515 densius
899 1455 927 1514 in
952 1454 981 1514 H
1014 1453 1195 1531 refringatur
1219 1472 1237 1512 a
1260 1451 1498 1530 perpendiculari
1531 1452 1591 1514 HA
1623 1455 1653 1514 in
1685 1454 1750 1528 ΗΡ,

395 1540 471 1619 qnod
496 1540 659 1602 absurdum
683 1550 750 1603 est:
784 1542 888 1604 debuit
915 1544 993 1603 enim
1022 1543 1060 1603 ad
1092 1541 1369 1619 perpendicularem
1392 1541 1421 1601 in
1452 1540 1582 1602 densiori
1615 1542 1750 1621 refringi.

395 1628 478 1709 Ergo
510 1629 699 1708 superiorum
732 1630 922 1692 incidentium
956 1630 1078 1692 refracti
1104 1649 1162 1689 non
1185 1637 1256 1690 snut
1287 1628 1468 1708 superiores.
1515 1630 1560 1690 At
1582 1649 1637 1691 nec
1660 1631 1751 1692 iidem

394 1736 445 1795 per
479 1718 690 1797 praemissam.
746 1720 907 1781 Inferiores
941 1738 1021 1798 ergo.
1081 1720 1191 1798 ltaque
1223 1718 1258 1778 tit
1288 1716 1318 1780 in
1348 1718 1379 1778 Η
1415 1718 1531 1780 sectio:
1568 1719 1647 1798 quod
1685 1726 1752 1782 erat

394 1806 671 1869 demonstrandum.

480 1895 700 1974 Propositio
722 1894 809 1957 XIII.
856 1895 1026 1957 Problema.
1073 1895 1253 1955 Punctum
1285 1892 1451 1955 invenire
1475 1893 1511 1955 in
1541 1913 1607 1955 axe
1639 1901 1751 1959 extra

393 1982 600 2063 sphaeram,
626 1984 718 2063 qnod
742 1983 924 2046 terminet
946 1983 1074 2045 citime
1098 1982 1335 2044 radiationes
1358 1982 1394 2042 iu
1423 1983 1637 2062 sphaeram,
1663 2003 1749 2046 con-

394 2079 589 2133 currentes
611 2091 688 2133 cum
703 2091 782 2132 axe.
805 2077 890 2150 (Axis
918 2099 1027 2152 semper
1047 2082 1183 2151 accipitur
1202 2098 1253 2151 pro
1278 2085 1369 2143 recte,
1401 2095 1472 2150 quae
1496 2097 1547 2150 per
1577 2088 1699 2137 centrum
1720 2091 1752 2141 et

392 2175 524 2240 punctum
546 2169 659 2224 radians
680 2166 809 2234 ducitur.)
856 2161 891 2222 ln
915 2161 1070 2221 schemate
1095 2156 1147 2222 79.
1180 2160 1326 2238 sphaerae
1349 2154 1403 2219 BC
1428 2158 1469 2219 sit
1498 2160 1565 2221 axis
1587 2162 1673 2222 FAD
1696 2180 1751 2241 per

394 2258 528 2310 centrum
552 2250 592 2323 A,
617 2247 664 2309 cni
688 2249 725 2310 ad
750 2257 849 2309 rectos
872 2249 952 2310 exA
977 2249 1123 2310 excitetur
1142 2247 1213 2322 AG,
1239 2257 1270 2309 et
1292 2246 1321 2307 in
1338 2243 1369 2307 G
1391 2254 1501 2326 tangat
1523 2248 1664 2310 circulum
1680 2249 1748 2314 GL.

392 2336 458 2398 Erit
490 2337 565 2398 haec
597 2336 779 2411 incidentia,
814 2338 857 2399 nti
880 2338 963 2399 illam
987 2356 1078 2417 supra
1111 2356 1137 2399 c.
1163 2337 1220 2399 IV.
1254 2334 1499 2404 nominabamus.
1520 2336 1749 2415 ‚herimutalis3

392 2425 576 2505 refringatur
607 2423 698 2504 igitur
729 2424 787 2487 LG
822 2427 932 2505 angulo
964 2426 1157 2488 retractionis
1195 2424 1409 2498 horizontalis,
1450 2432 1592 2504 qnantum
1624 2428 1750 2509 requirit

393 2513 481 2575 medii
506 2513 653 2576 densitas.
702 2512 808 2594 Sitque
832 2513 921 2576 LGH
949 2515 1077 2594 angulus
1105 2516 1214 2595 justus.
1260 2512 1298 2574 Εἰ
1322 2531 1394 2573 vero
1427 2521 1583 2577 statuatur
1613 2518 1749 2597 aequalis

393 2600 481 2675 GHI,
515 2602 573 2663 hoc
596 2610 647 2664 est
669 2601 810 2664 circulum
843 2605 905 2665 alia
927 2604 957 2664 in
981 2604 1009 2666 H
1033 2612 1156 2683 tangat,
1191 2622 1267 2684 qnae
1291 2602 1332 2663 sit
1353 2601 1417 2671 ul,
1446 2621 1554 2665 secans
1583 2623 1671 2667 axem
1693 2606 1752 2669 Ar

392 2690 470 2752 inl.
519 2689 596 2751 Dico
620 2691 697 2753 hunc
721 2710 788 2753 esse
811 2693 973 2754 terminum
1004 2693 1208 2754 radiaticnum
1231 2709 1298 2752 cnm
1321 2709 1378 2752 axe
1406 2693 1660 2769 concurrentium,
1693 2695 1751 2757 hcc

392 2787 439 2840 est
463 2779 593 2859 ipsnml
616 2780 730 2841 nullum
750 2781 878 2860 amplius
902 2781 1018 2842 radium
1041 2782 1189 2861 projicere
1204 2781 1233 2841 in
1253 2780 1422 2860 sphaeram,
1447 2780 1497 2858 qui
1518 2782 1749 2846 retractionibus

392 2867 480 2928 factis
504 2886 571 2929 cnm
596 2886 653 2928 axe
684 2878 858 2943 concurrat,
891 2871 986 2931 multo
1010 2870 1125 2943 minus,
1149 2869 1277 2948 siquod
1306 2873 1443 2930 sumatur
1466 2876 1608 2948 puuctum
1638 2870 1697 2951 ipsi
1719 2873 1750 2934 A

392 2955 514 3035 propios
539 2974 628 3035 qnam
651 2964 701 3017 est
721 2957 747 3020 1.
793 2957 887 3019 Atei
915 2967 1052 3020 sumatur
1079 2966 1222 3039 punctum
1254 2956 1397 3019 remotius
1426 2957 1464 3018 ab
1488 2956 1518 3017 A
1542 2978 1630 3038 quam
1653 2961 1749 3038 estI,

392 3044 428 3105 ab
452 3044 505 3106 illc
529 3044 650 3106 omnino
674 3045 793 3126 aliquas
815 3046 1000 3108 radiaticnes
1024 3047 1055 3108 in
1079 3046 1238 3126 sphaeram
1267 3063 1443 3107 concurrere
1472 3064 1538 3107 cunr
1563 3065 1630 3109 axe.
1677 3047 1748 3111 Pri-

392 3152 480 3206 mum,
508 3132 580 3211 quia
601 3133 656 3208 IH,
682 3132 740 3195 GL
772 3143 903 3215 tangunt
933 3135 1094 3211 circulum,
1128 3143 1178 3196 est
1201 3153 1272 3215 ergo
1296 3134 1341 3195 IH
1372 3133 1503 3195 radiatio
1534 3135 1749 3220 horizontalisj

392 3241 449 3301 qna
474 3221 649 3283 inclinatior
671 3242 709 3283 ex
731 3222 748 3285 Ι
771 3242 830 3285 non
854 3232 956 3304 potest
980 3224 1061 3286 exire
1084 3224 1115 3285 in
1139 3224 1310 3304 sphaeram.
1349 3221 1391 3283 Et
1413 3223 1484 3303 quia
1504 3221 1562 3286 GL
1584 3226 1749 3304 parallelus

392 3318 437 3370 est
460 3310 500 3371 ad
523 3310 591 3384 ΡΑ,
616 3330 673 3372 nou
693 3320 851 3375 concurret
874 3313 965 3393 igitur
984 3313 1058 3374 haec
1082 3312 1189 3374 ultima
1430 3374 1436 3386 ,

392 3398 520 3460 radiatio
553 3400 694 3478 punctil
726 3420 792 3462 cunr
825 3421 893 3462 axe.
939 3402 1095 3463 Educatur
1122 3402 1187 3479 jam
1408 3372 1463 3440 ΡΨ·
1484 3370 1526 3424 ⁷⁹·

392 3486 450 3548 alia
468 3487 538 3549 exI
563 3488 591 3547 in
610 3497 751 3566 punctum
775 3490 1033 3552 circumferentiae
1051 3491 1184 3570 propius,

393 3575 466 3654 quod
491 3574 534 3637 sit
558 3573 598 3649 0,
628 3584 659 3638 et
685 3596 739 3657 per
765 3578 815 3641 10.
849 3580 937 3657 hujus
970 3578 1080 3658 capitis
1110 3597 1184 3639 con-

392 3681 524 3737 versam,
558 3664 587 3726 in
621 3662 646 3726 G
679 3673 790 3745 puncto
823 3676 908 3729 recta
941 3666 993 3729 CB
1027 3668 1070 3728 sic
1101 3674 1186 3727 secet

392 3752 559 3830 sphaeram,
585 3760 618 3814 ut
641 3753 679 3814 ad
703 3753 780 3816 hunc
803 3755 1006 3818 inclinationis
1034 3755 1185 3817 modulum

394 3838 473 3902 CBA
503 3842 723 3905 accommodati
759 3843 898 3924 utrinqne
933 3844 1034 3925 anguli
1066 3843 1185 3905 refrac-

393 3927 503 3992 tionum
535 3948 589 3992 seu
626 3949 728 3992 eorum
765 3934 984 4013 complementa
1016 3933 1055 3994 ad
1091 3931 1184 3994 semi-

391 4016 530 4081 circulum
553 4015 653 4095 GBK,
683 4018 766 4082 BCF
792 4020 906 4083 faciant
927 4022 984 4083 ΒΚ
1007 4021 1185 4102 parallelum

393 4105 526 4169 incedere
560 4126 627 4169 cum
656 4108 752 4172 FAD.
798 4110 882 4173 Talis
915 4111 993 4173 enim
1026 4108 1184 4189 dispositio

391 4214 455 4258 esse
477 4203 585 4276 potest
607 4198 687 4276 apud
711 4200 905 4280 quodcunque
928 4206 1080 4280 punctum.
1124 4196 1183 4271 Sit,

390 4283 518 4364 inquam,
544 4285 616 4348 talis
640 4285 809 4366 dispositio.
855 4288 937 4368 Ergo
961 4306 1013 4367 per
1037 4284 1067 4351 9.
1092 4305 1183 4365 prae-

391 4372 513 4434 missam
537 4372 591 4436 CF
613 4374 732 4436 secabit
744 4375 799 4437 DF
821 4375 851 4436 in
871 4378 897 4438 F
919 4376 1070 4439 remotiori
1093 4394 1183 4456 quam

391 4460 439 4536 ΙΙΙ,
462 4474 628 4542 propterea
651 4464 730 4544 quod
751 4465 904 4544 posuimus
924 4464 949 4527 C
973 4466 1095 4546 propius
1114 4483 1183 4525 esse

390 4551 627 4629 perpendiculari
650 4552 707 4613 FA
730 4570 818 4632 quam
840 4554 879 4627 H,
904 4555 981 4616 unde
1004 4563 1037 4616 et
1058 4554 1084 4615 B
1108 4572 1181 4633 pro·

391 4638 453 4715 pina
477 4647 546 4703 erat
568 4658 658 4721 quam
682 4638 722 4701 G.
755 4643 785 4703 A
809 4643 924 4704 dnobus
948 4643 1039 4723 igitur
1061 4643 1181 4722 punctis

391 4725 417 4788 in
440 4734 525 4804 aera,
550 4748 627 4810 quae
650 4736 720 4792 sunt
742 4732 768 4793 F
791 4739 823 4793 et
846 4732 873 4808 I,
903 4733 932 4794 in
961 4733 1039 4794 idem
1067 4750 1181 4813 aqueae

393 4816 535 4894 sphaerae
562 4827 706 4899 punctum
734 4819 868 4883 existunt
894 4821 1079 4884 radiationes
1103 4822 1181 4883 duae

392 4902 438 4967 FC
469 4913 501 4969 et
529 4904 590 4981 IG,
625 4927 718 4989 qnare
749 4928 803 4989 per
838 4907 887 4984 12.
919 4912 1117 4991 praemissam
1147 4913 1182 4972 fit

394 4995 482 5057 sectio
513 4996 666 5060 radiorum
689 4998 718 5059 in
743 4996 779 5060 C.
825 4999 867 5060 Et
896 5001 945 5080 qni
974 5001 1030 5063 fuit
1056 4999 1181 5062 interior

393 5082 431 5144 lC
454 5094 524 5165 post
554 5086 766 5149 refractionem
794 5096 827 5149 et
857 5090 1021 5153 sectionem
1043 5089 1072 5151 in
1098 5087 1122 5151 C
1146 5090 1181 5149 fit
