4584 6192
472 576 538 645 280
895 578 1405 644 Mssfflffltfltm

472 756 663 839 sphaericam
686 770 783 820 unam
809 757 1005 837 superficiem
1039 757 1114 819 fecit
1144 758 1273 819 alteram
1305 758 1426 836 planem
1456 758 1561 835 (qnam
1591 757 1714 837 insuper
1737 758 1831 822 etiam

473 846 617 908 excavari
637 866 746 925 magno
768 848 906 927 proiectu
929 866 1020 924 posse
1044 866 1112 907 mea
1133 847 1289 926 Dioptrice
1313 848 1432 919 docet),
1447 866 1516 907 uon
1541 855 1625 908 certo
1648 866 1705 908 nec
1728 848 1827 910 desti-

471 944 543 998 nato
567 954 640 997 arcu
663 936 756 998 totius
779 936 944 1019 sphaerae3
967 934 1021 996 sed
1036 954 1090 995 nec
1110 935 1175 1014 ipse
1194 936 1314 1015 quidem
1337 934 1524 995 subtilitates
1548 954 1682 997 mearum
1700 937 1827 998 demon-

472 1023 651 1086 strationum
677 1024 827 1103 applicare
857 1025 940 1097 scio,
974 1030 1009 1085 ut
1037 1024 1174 1102 praecise
1205 1024 1244 1085 ad
1279 1023 1449 1104 quaesitmn
1479 1024 1619 1086 effectum
1642 1025 1827 1105 pertingant.

471 1113 575 1191 Atque
598 1122 630 1173 tu
663 1114 752 1191 plane
784 1114 895 1174 artifex
923 1113 1044 1191 egregio
1072 1113 1303 1191 epiphonemate
1336 1112 1507 1173 concludis:
1544 1114 1631 1192 plura
1661 1132 1829 1193 proponere

471 1201 743 1278 contemplantem,
767 1221 855 1280 quam
880 1211 1061 1281 exsequatur
1084 1220 1174 1279 opere
1198 1203 1241 1276 is,
1275 1202 1323 1262 cni
1345 1202 1520 1280 imperatur.
1569 1199 1631 1263 Our
1662 1202 1764 1281 igitur·
1778 1205 1829 1275 (nt

471 1296 604 1372 mutuum
626 1289 756 1362 habeas)
781 1300 812 1351 tu
836 1291 926 1370 paulo
950 1307 1041 1368 supra
1065 1309 1123 1350 non
1147 1290 1274 1369 potuisti
1297 1293 1439 1364 credere,
1472 1308 1519 1350 me
1548 1291 1648 1351 animo
1670 1292 1828 1370 praesenti

471 1388 504 1440 et
526 1378 606 1439 serio
629 1378 804 1441 exhibuisse
828 1399 923 1441 meam
949 1379 1117 1440 fabricam?
1155 1377 1271 1440 Scribis
1295 1379 1382 1452 enim,
1406 1397 1455 1439 me
1477 1379 1560 1439 nullo
1583 1380 1684 1458 operis
1703 1381 1827 1461 experi-

470 1474 573 1529 mento
596 1466 661 1541 uiti,
686 1468 741 1528 sed
763 1487 847 1530 mera
869 1467 1146 1549 speculatione,'ut
1169 1468 1327 1547 prolibatur
1349 1466 1546 1529 Dissertatio.

558 1554 648 1625 Quod
672 1575 779 1617 cavum
802 1557 916 1618 attinet
937 1556 1103 1635 specillum,
1128 1575 1208 1617 nova
1230 1555 1302 1617 mihi
1325 1556 1453 1618 verbera
1477 1556 1627 1631 intentas,
1652 1555 1706 1617 sed
1730 1556 1827 1619 irrita

471 1642 636 1727 Specillum
659 1651 765 1706 cavum
789 1648 893 1707 eodem
916 1645 1077 1706 intervallo
1101 1665 1119 1705 a
1142 1664 1278 1708 convexo
1302 1646 1476 1706 distinctum
1501 1644 1527 1706 si
1550 1645 1595 1707 sic
1613 1644 1828 1719 adhaerescet,

469 1744 503 1794 ut
527 1734 591 1794 loco
616 1735 728 1794 moveri
752 1753 809 1794 non
833 1734 942 1813 possit,
965 1752 1154 1813 nequaquam
1176 1733 1273 1796 sei-rit
1296 1734 1427 1795 omnium
1449 1734 1563 1806 oculis,
1588 1734 1643 1795 sed
1667 1742 1744 1812 opus
1761 1735 1827 1797 <erit

470 1823 510 1883 ad
532 1823 670 1882 canalem
694 1823 738 1883 sic
761 1823 971 1886 invariabilem
993 1823 1214 1901 permutatione
1238 1828 1380 1884 cavarum
1409 1822 1542 1883 lentium.
1589 1824 1634 1885 At
1666 1822 1827 1886 utilissimo

471 1912 649 1989 compendio
673 1911 814 1972 subvenit
838 1910 962 1973 licentis
979 1910 1116 1973 variandi
1135 1912 1403 1973 hancdistantiam
1420 1912 1496 1972 tubo
1521 1912 1655 1974 exemtili
1677 1920 1709 1971 et
1724 1919 1827 1974 trma·

469 2000 517 2065 titi
530 2019 540 2074 3
565 2000 609 2062 sic
632 2000 711 2061 euim
735 2001 798 2060 lens
822 2000 927 2061 eadem
950 2019 1028 2061 cava
1051 2000 1133 2061 vario
1164 2001 1226 2062 situ
1254 2001 1351 2062 vicem
1373 2001 1452 2079 gerit
1483 2002 1642 2063 multarum
1666 2001 1829 2063 eademst

470 2107 532 2151 nuo
555 2088 626 2149 situ.
672 2089 901 2151 Demonstratio
923 2090 953 2151 in
977 2088 1153 2167 Dioptricis.
1751 2098 1760 2166 ἢ

561 2176 708 2256 Superest
745 2178 841 2256 figura
879 2177 1024 2239 caritatis
1055 2177 1085 2237 in
1126 2179 1209 2240 lente
1248 2175 1398 2255 propiore.
1457 2176 1527 2239 Nou
1564 2175 1636 2255 puto
1655 2177 1763 2240 :aliam
1795 2186 1826 2240 te

472 2266 588 2329 vidisse
621 2285 709 2346 quam
742 2267 942 2345 sphaericam.
998 2266 1078 2328 Nam
1111 2265 1338 2347 hyperbolicam
1368 2273 1546 2328 constanter
1576 2275 1691 2344 negant
1722 2284 1826 2329 omnes

470 2363 626 2417 nostrates
650 2356 765 2417 tornari
781 2374 896 2436 ‘posse3
919 2355 1113 2418 sulons'enim
1129 2355 1214 2416 reddi
1236 2354 1409 2428 circulares,
1436 2354 1504 2415 dum
1519 2353 1643 2416 intimus
1667 2356 1826 2418 formantis

471 2445 620 2524 sphaerae
643 2445 857 2525 hyperbolicae
881 2443 968 2505 umbo
991 2463 1067 2523 pene
1090 2444 1163 2505 nibil
1186 2443 1286 2515 radit,
1318 2444 1427 2523 quippe
1451 2444 1518 2504 axis
1541 2443 1654 2505 tornati
1677 2443 1824 2519 concidis,

471 2533 629 2595 exteriora
647 2533 806 2613 plurimum
829 2532 1037 2612 radont‚nec
1061 2532 1132 2595 licet
1156 2532 1223 2593 huie
1246 2532 1289 2593 rei
1313 2532 1472 2593 subvenire
1504 2531 1652 2593 varietate
1685 2533 1823 2613 applica·

470 2620 595 2685 ιίοιιιιιυ.
641 2622 721 2683 Nam
744 2621 842 2700 portio
866 2622 1012 2700 sphaerae
1035 2628 1140 2700 potest
1163 2621 1271 2700 ubique
1295 2620 1440 2700 applicari
1462 2620 1501 2682 ad
1516 2621 1680 2682 cavitatem
1693 2622 1825 2703 patellas

472 2710 762 2788 eademsphaerica
784 2711 942 2793 superficie
964 2718 1149 2782 excavatae,
1183 2719 1247 2771 tam
1279 2710 1309 2771 in
1343 2711 1407 2789 ejus
1438 2718 1543 2771 centro
1566 2711 1616 2772 vel
1639 2728 1712 2784 axe,
1737 2729 1826 2791 quam

471 2800 551 2878 apud
575 2798 697 2860 limbum
722 2799 865 2860 extimum
889 2809 923 2861 et
943 2798 1087 2861 vicissim.
1133 2800 1204 2861 Non
1234 2798 1277 2859 sic
1308 2798 1453 2861 conoides
1484 2798 1602 2877 vulgari
1630 2798 1660 2859 in
1692 2799 1825 2874 fabrica3

470 2888 560 2951 umbo
597 2887 677 2949 enim
708 2888 824 2949 nonnisi
854 2889 968 2951 vertite
995 2888 1083 2950 sedet
1112 2887 1141 2949 io
1173 2888 1315 2950 caritatis
1345 2896 1478 2949 centrum
1502 2906 1555 2949 seu
1578 2888 1712 2950 fundum.
1758 2889 1826 2952 Ita-

471 2996 528 3057 quc
561 2983 634 3055 puto
667 2976 737 3038 vitrl
769 2978 934 3040 cavitatem
966 2976 1059 3039 fuisse
1089 2976 1290 3057 sphaericam.
1345 2976 1424 3038 Nam
1458 2984 1491 3037 et
1509 2976 1579 3037 'hoe
1610 2985 1701 3049 note,
1734 2977 1827 3040 etiam

471 3063 625 3127 Galilaeio
648 3057 846 3129 instrumento
872 3066 1052 3145 distorqueri
1073 3065 1206 3128 visibilia
1229 3074 1260 3126 et
1283 3065 1367 3127 reddi
1395 3065 1547 3126 exteriora
1578 3066 1694 3144 majora
1717 3074 1749 3127 et
1772 3085 1826 3146 pro

472 3154 631 3234 quadratis
664 3154 771 3216 aurita
819 3156 935 3217 Vitium
969 3162 1018 3216 est
1049 3155 1078 3216 in
1109 3173 1165 3229 eo,
1198 3154 1268 3234 quia
1295 3173 1401 3217 cavum
1429 3173 1487 3215 non
1518 3162 1567 3215 est
1588 3154 1825 3235 hyperbolicum.

471 3242 576 3305 Causa
597 3262 649 3304 cur
674 3244 705 3305 in
728 3262 804 3305 cavo
827 3241 1090 3323 condidesssiigura
1111 3263 1169 3306 non
1192 3243 1291 3323 possit
1314 3244 1378 3305 sine
1403 3242 1588 3305 incommodo
1609 3243 1735 3322 negligi,
1760 3264 1827 3307 curu

468 3332 500 3394 in
524 3347 657 3394 convexo
680 3332 799 3411 possit,
830 3341 897 3395 est:
913 3333 988 3394 ista
1003 3333 1072 3413 quia
1099 3352 1207 3395 cavum
1228 3342 1278 3395 est
1300 3332 1472 3395 necessario
1496 3350 1606 3410 magna
1628 3332 1729 3411 portio
1752 3353 1826 3396 suae

469 3420 688 3500 sphaerae-vel
715 3422 811 3502 quasi,
835 3429 1001 3487 convexum
1020 3442 1083 3484 non
1105 3423 1208 3485 item·
1237 3420 1300 3483 Sed
1328 3441 1398 3483 non¹
1417 3419 1539 3483 difficile
1568 3420 1659 3482 suerit
1683 3419 1825 3485 Galilaeo

468 3509 651 3572 comminisci
697 3529 806 3573 novum
852 3530 946 3589 genus
980 3512 1178 3583 machinae·
1210 3528 1271 3590 qua
1309 3510 1400 3572 etiam
1446 3510 1555 3573 fundus
1589 3510 1658 3572 cavi
1701 3512 1827 3574 radatur

468 3599 673 3660 uehementius
697 3606 786 3680 quam
814 3600 997 3679 vulgariter,
1024 3620 1044 3661 a
1071 3600 1209 3679 partibus
1238 3600 1319 3662 circa
1345 3610 1444 3660 motus
1468 3617 1555 3660 axem
1579 3600 1641 3661 iere
1665 3601 1825 3678 quiescen-

468 3687 557 3749 tibus.
606 3689 855 3750 Talemmodnm
883 3689 950 3768 jam
982 3688 1047 3768 ipse
1071 3707 1187 3768 quoque
1211 3688 1240 3749 in
1270 3698 1389 3767 promtu
1420 3688 1535 3750 babeo:
1566 3697 1598 3750 et
1629 3689 1776 3765 fortasse,
1800 3690 1825 3753 si

468 3777 670 3839 successerint
693 3778 849 3847 instituta,
871 3779 919 3838 vel
942 3798 1011 3840 mea
1024 3797 1123 3839 ¹manu
1147 3778 1310 3857 aggrediar
1334 3777 1485 3839 fabricam.
1764 3836 1766 3838 ,

555 3866 627 3927 Dixi
659 3866 688 3927 iu
712 3866 936 3929 Dissertatione
969 3868 1014 3927 de
1039 3867 1290 3945 multiplicatione
1321 3884 1520 3929 convenarum
1552 3866 1694 3938 leutium3
1727 3867 1825 3928 veris·

467 3955 545 4017 sima
567 3955 757 4032 deprehendo
782 3956 873 4017 etiam
898 3956 1102 4033 experientia,
1137 3956 1191 4017 sed
1223 3974 1365 4018 successu
1393 3963 1451 4017 nou
1475 3955 1540 4028 tali,
1563 3954 1691 4034 qualem
1713 3956 1745 4037 in
1769 3957 1825 4019 hoc

467 4062 575 4123 genere
599 4044 789 4105 instrumenti
812 4045 992 4125 quaerimus.
1036 4044 1122 4107 Situs
1147 4045 1223 4107 oculi
1248 4052 1319 4106 ante
1343 4054 1457 4124 puncta
1478 4062 1641 4105 concursus
1665 4052 1714 4105 est
1738 4044 1823 4107 simi-

468 4132 537 4193 liter
560 4140 661 4193 certus
685 4140 717 4193 et
743 4134 831 4213 plane
865 4133 1063 4195 necessarius.
1109 4133 1267 4213 Dioptrice
1294 4154 1362 4196 mea
1394 4134 1487 4194 etiam
1520 4132 1646 4194 ulterius
1676 4133 1823 4212 precedit.

436 4221 545 4283 .Nsm
569 4221 594 4281 si
619 4222 705 4282 ocule
733 4222 824 4283 liceat
856 4230 1000 4301 punctum
1031 4221 1087 4283 hoc
1120 4243 1283 4284 concursus
1313 4223 1544 4285 transscendere
1569 4230 1599 4281 et
1623 4222 1824 4302 multiplicare

467 4328 617 4371 convexas
642 4312 753 4384 lentes,
779 4334 886 4390 κρισιις
910 4311 1046 4372 oriuntur
1069 4312 1120 4373 vix
1142 4313 1354 4392 explicabiles,
1386 4312 1444 4373 nisi
1468 4312 1534 4392 quis
1558 4331 1577 4370 a
1598 4311 1691 4388 priori
1715 4331 1824 4373 causas

466 4398 619 4478 inspiciat.
668 4398 824 4462 Successit
847 4401 895 4461 hic
919 4407 951 4460 et
974 4401 1155 4462 mechanice.
1195 4402 1301 4480 Itaque
1321 4400 1590 4480 docetDioptrice,
1615 4400 1709 4461 etiam
1734 4401 1824 4462 meris

466 4489 609 4550 convexis
632 4488 738 4550 eadem
762 4499 938 4569 praestare,
969 4509 1045 4569 quae
1070 4486 1202 4556 concavo
1225 4500 1258 4550 et
1279 4508 1430 4563 convex03
1464 4490 1536 4551 item
1570 4488 1660 4549 situm
1692 4490 1760 4550 cari
1793 4497 1825 4550 et

466 4578 591 4639 convexi
615 4586 806 4657 pervertere3
831 4579 957 4657 denique
982 4580 1065 4640 varie
1089 4588 1121 4641 et
1138 4580 1270 4657 jucunde
1295 4598 1453 4640 causarum
1478 4579 1636 4639 rimatores
1661 4579 1794 4643 eludere.

554 4667 694 4728 Tovem
719 4668 787 4746 quid
812 4667 840 4727 iu
866 4665 1038 4729 Galilaeum
1066 4667 1210 4746 respicis,
1244 4677 1278 4728 ut
1310 4670 1538 4728 instmmentum
1570 4666 1643 4727 mihi
1675 4669 1822 4748 porrigat,

376 4775 383 4785 ·
468 4774 524 4834 quo
549 4754 592 4816 tui
623 4754 713 4816 animi
747 4776 838 4818 sensa
869 4757 1025 4835 pervidere
1058 4756 1196 4836 possim?
1241 4754 1338 4826 Quasi
1375 4758 1414 4817 ad
1451 4757 1528 4817 hanc
1563 4775 1624 4818 rem
1658 4757 1732 4818 mihi
1764 4775 1822 4820 non

467 4843 584 4904 abunde
608 4853 662 4904 tua
676 4846 808 4906 sufficiat
830 4846 969 4925 epistola,
995 4853 1048 4906 aut
1072 4846 1157 4924 quasi
1183 4845 1338 4926 quisquam
1362 4856 1392 4907 te
1417 4846 1481 4924 ipso
1496 4844 1596 4925 possit
1618 4864 1688 4906 esse
1713 4846 1821 4909 bacin

467 4950 498 4993 re
523 4933 715 5011 ingeniosior.
762 4935 864 5014 Atque
888 4953 963 5013 ego,
999 4935 1059 4995 etsi
1092 4934 1171 4994 haud
1196 4936 1332 5014 equidem
1357 4934 1410 4995 tali
1435 4954 1480 4994 me
1505 4934 1612 5013 dignor
1635 4935 1765 5009 honore,
1790 4944 1822 4998 nt

468 5039 534 5080 eum
557 5023 666 5083 docere
690 5041 825 5101 sperem,
860 5023 909 5102 qui
933 5042 980 5084 me
1005 5024 1112 5085 docere
1135 5024 1251 5103 possit,
1286 5024 1357 5103 quia
1386 5035 1487 5084 tamen
1510 5023 1721 5103 philosophiae
1746 5026 1821 5106 ejus,

467 5127 543 5187 quae
571 5129 669 5171 rerum
693 5121 831 5173 naturam
853 5112 992 5190 inspicit,
1026 5113 1139 5174 fructus
1174 5132 1233 5175 non
1266 5113 1385 5174 aliunde
1415 5111 1621 5191 praestantior
1647 5112 1822 5194 percipitur,
