4584 6192
566 624 610 692 32
688 708 693 719 Ι
985 626 1086 678 Literna
1107 624 1210 691 chlsri
1229 626 1380 693 aliorumque
1396 633 1499 679 mutuae

566 801 624 866 Ac
648 821 686 863 ex
710 802 845 882 obliquo,
870 802 948 863 ratio
972 800 1135 864 densitatis
1159 801 1249 863 medii
1273 802 1303 863 in
1328 802 1384 864 hoo
1408 821 1531 865 occursu
1556 801 1751 864 adumbratur
1774 818 1831 881 per
1853 796 1924 862 AO.

569 890 673 963 Quare
697 899 729 951 nt
753 888 807 951 Bc
831 890 871 951 ad
895 888 969 965 CA,
1003 889 1047 950 sic
1080 890 1216 951 densitas
1250 909 1390 953 occursus
1414 891 1488 953 recti
1513 891 1551 951 ad
1577 889 1758 952 densitatem
1783 907 1926 952 occuram

568 980 656 1058 bujus
672 977 793 1061 obliqui.
817 978 884 1040 Hae
898 978 990 1058 igitur
1004 979 1101 1038 lineae
1119 975 1176 1038 AC
1194 979 1332 1041 videntur
1350 999 1437 1059 quam
1454 980 1589 1059 proxime
1604 987 1741 1041 naturam
1756 978 1854 1057 ipsam
1873 996 1927 1038 se-

567 1069 628 1149 qui,
652 1074 684 1128 et
698 1067 827 1147 genuina
841 1086 911 1130 esse
927 1085 1067 1128 mensura
1081 1066 1168 1127 unius
1184 1067 1322 1129 elementi
1337 1068 1538 1147 proportionis
1562 1067 1787 1130 retractionum.
1821 1068 1926 1130 Acce-

566 1158 637 1219 dere
661 1156 739 1217 euim
763 1156 856 1219 debet
869 1155 997 1217 alterum
1013 1155 1204 1230 elementum,
1230 1156 1384 1234 quantitas
1400 1156 1575 1236 angulorum
1599 1154 1813 1218 inclinationis.
1842 1156 1925 1218 Nam

568 1245 594 1307 si
619 1245 703 1305 solae
727 1244 785 1305 hae
809 1244 905 1305 lineae
929 1242 998 1319 BC,
1036 1241 1092 1304 CA
1115 1244 1292 1307 metirentur
1315 1244 1526 1319 restructiones,
1556 1252 1627 1306 tuno
1651 1251 1839 1306 statueretur
1862 1242 1924 1304 sli-

566 1352 625 1414 qua
648 1332 790 1395 retractio
814 1333 842 1393 iu
857 1332 989 1393 vertice:
1015 1330 1061 1393 siu
1077 1339 1178 1393 autem
1193 1332 1229 1392 de
1245 1334 1332 1395 lineis
1346 1330 1410 1407 BC,
1436 1330 1493 1393 CA
1509 1342 1666 1395 sumantur
1687 1340 1792 1412 partes
1805 1340 1923 1406 tautae,

568 1420 672 1502 quanti
697 1428 766 1482 sunt
790 1420 891 1512 anguli
914 1419 1159 1494 inclinationum,
1185 1427 1255 1481 tnnc
1279 1422 1316 1483 de
1335 1419 1389 1483 BC
1414 1421 1539 1482 sumitur
1562 1421 1648 1496 nihil,
1675 1421 1751 1502 quod
1776 1428 1825 1482 est
1848 1439 1925 1482 cou-

569 1518 747 1573 sentaneum
771 1510 904 1588 optime,
939 1527 1015 1588 quae
1048 1508 1076 1568 in
1110 1508 1224 1569 vertice
1248 1509 1358 1570 statuit
1379 1510 1591 1571 retractionem
1619 1510 1743 1571 nullam.
1789 1508 1924 1582 Dixeris,

569 1598 648 1660 hauc
672 1598 788 1659 omnino
812 1616 914 1659 veram
935 1616 1002 1657 esse
1031 1595 1178 1657 rationem
1201 1597 1343 1658 metiendi
1366 1597 1580 1659 retractiones:
1612 1617 1663 1659 cur
1686 1616 1757 1678 ergo
1781 1598 1840 1659 hac
1863 1616 1923 1660 nou

571 1685 677 1748 tueriru
700 1692 874 1759 contentus,
900 1703 1047 1766 quaerens
1062 1684 1172 1745 aliam?
1205 1685 1312 1747 Dicam
1336 1705 1468 1747 causam.
1504 1686 1574 1747 Vidi
1596 1705 1724 1765 namque
1754 1685 1812 1747 hoc
1830 1693 1923 1767 pacto

568 1774 657 1836 nobis
672 1774 702 1835 iu
718 1772 963 1835 inclinationibus
986 1772 1133 1834 horizonti
1149 1772 1254 1834 vicinis
1270 1775 1410 1850 obvenire
1425 1782 1565 1835 secantes
1580 1775 1780 1853 longissimos,
1805 1782 1837 1837 et
1851 1782 1923 1835 tan-

566 1864 634 1925 dem
657 1860 818 1937 infinitum,
852 1861 901 1923 ubi
925 1860 1004 1922 ratio
1028 1860 1090 1921 ista
1112 1861 1202 1923 docet
1225 1869 1338 1935 totum,
1369 1863 1447 1942 quod
1472 1864 1519 1924 hio
1549 1862 1694 1925 infinitum
1718 1862 1835 1938 evadit,
1868 1881 1922 1923 su-

565 1950 705 2012 mendum
728 1969 806 2013 esse.
844 1951 916 2011 Ideo
941 1949 968 2009 in
994 1948 1102 2030 opticis
1126 1949 1184 2009 buc
1207 1969 1272 2012 sum
1297 1951 1481 2029 compulsus,
1505 1958 1538 2012 ut
1562 1951 1717 2013 dicendum
1741 1959 1839 2023 esset,
1863 1970 1922 2011 non

565 2058 634 2101 esse
659 2038 841 2120 spectandas
865 2036 1076 2100 inclinationes
1100 2037 1251 2099 radiorum
1274 2039 1304 2100 in
1328 2058 1411 2114 raro,
1446 2039 1499 2101 sed
1523 2040 1718 2101 retracturum
1737 2038 1869 2117 ipsorum
1893 2040 1922 2100 iu

565 2129 670 2190 denso.
717 2128 759 2190 Et
781 2128 837 2190 hoc
861 2126 960 2206 posito
984 2126 1176 2188 mediocriter
1195 2127 1331 2206 expressi
1353 2127 1551 2189 retractiones
1575 2127 1772 2209 Tychonioas.
1806 2127 1923 2189 Verum

565 2215 659 2277 etiam
682 2216 730 2277 hic
749 2223 835 2290 sunt,
860 2233 936 2295 quae
961 2214 1139 2276 desiderem.
1185 2215 1266 2278 Nam
1289 2216 1384 2294 primo
1408 2216 1521 2295 petitur
1542 2215 1739 2295 principium,
1771 2215 1849 2296 qnod
1874 2215 1922 2275 ri-

564 2305 653 2367 detur
675 2311 801 2367 naturae
825 2302 1025 2365 contrarium:
1050 2302 1076 2363 si
1105 2313 1232 2383 quaerat
1254 2304 1378 2383 aliquis,
1404 2312 1545 2383 quantum
1569 2303 1599 2364 in
1623 2304 1716 2366 denso
1739 2305 1924 2385 refringatur

566 2392 684 2465 radius,
709 2393 893 2471 respondeat
915 2392 1002 2465 alter,
1027 2399 1146 2452 tantum
1170 2401 1313 2472 quantum
1337 2391 1452 2453 indicat
1475 2411 1582 2453 secans
1602 2392 1667 2470 jam
1691 2391 1824 2454 retracti.
1855 2390 1921 2453 Dc-

566 2480 635 2541 inde
659 2480 914 2560 experimentatus
939 2498 1004 2539 sum
1028 2479 1226 2541 retractiones
1251 2480 1387 2560 crystalli
1411 2487 1443 2541 et
1461 2479 1642 2559 deprehendi
1665 2480 1734 2542 illas
1753 2498 1812 2542 non
1836 2480 1922 2561 sequi

565 2569 644 2629 banc
667 2569 779 2647 legem;
803 2567 838 2628 in'
857 2587 936 2648 aqua
959 2568 1088 2628 confisus
1112 2586 1177 2629 sum
1201 2568 1415 2648 experimentis
1429 2567 1605 2630 Vitellionis
1624 2576 1656 2630 et
1678 2568 1839 2632 conciliare
1853 2569 1923 2631 illas

567 2656 759 2719 mediocriter
780 2655 864 2736 potui
889 2655 918 2716 in
942 2653 1076 2734 Opticis,
1102 2663 1173 2717 sunt
1195 2658 1274 2717 enim
1298 2676 1431 2718 crassae.

652 2745 709 2806 His
733 2743 881 2824 angustiis
904 2744 1036 2806 inclusus
1064 2745 1186 2805 tandem
1209 2744 1344 2824 cogitare
1371 2744 1468 2824 coepi,
1493 2744 1619 2824 primam
1644 2762 1712 2806 esse
1735 2753 1846 2808 natura
1869 2765 1921 2809 re·

567 2834 746 2895 tractionem
770 2851 808 2893 ex
832 2832 924 2894 denso
948 2832 979 2893 in
1001 2852 1115 2908 rarum,
1140 2834 1347 2895 secundariam
1363 2853 1400 2895 ex
1414 2851 1482 2895 raro
1507 2834 1536 2893 iu
1561 2834 1701 2895 densum:
1724 2834 1854 2913 priorem
1877 2854 1920 2897 se.

564 2921 751 3001 sparsionem
776 2920 850 2983 lucis
879 2921 1084 2983 contractione
1108 2921 1252 3000 ejusdem.
1300 2923 1378 2983 Nam
1402 2922 1431 2983 in
1457 2922 1550 2982 denso
1577 2921 1686 3000 positis
1714 2921 1921 2985 inclinationi·

566 3009 623 3072 bus
647 3028 737 3089 super
760 3010 947 3089 superficiem
971 3010 1108 3083 rarioris,
1133 3008 1243 3071 dantur
1266 3019 1406 3071 secantes
1430 3028 1590 3089 earumque
1613 3009 1768 3089 portiones
1792 3030 1921 3092 respou-

567 3099 674 3160 deutes
703 3098 821 3177 angulis
844 3098 1087 3173 inclinationum,
1112 3116 1188 3177 quae
1213 3099 1238 3158 si
1260 3099 1455 3179 aequaverint
1475 3097 1724 3177 complementum
1746 3101 1922 3164 inclinatio-

563 3188 626 3262 nis,
646 3188 710 3268 jam
733 3187 937 3267 intelligimus,
962 3189 1048 3249 tinem
1073 3206 1140 3247 esse
1165 3187 1372 3248 retractorum.
1418 3185 1513 3247 Verbi
1539 3205 1632 3248 eausa
1657 3187 1699 3248 sit
1721 3188 1746 3248 P
1766 3188 1797 3250 in
1816 3189 1921 3265 denso,

1045 3275 1127 3354 cujus
1160 3275 1306 3337 terminus
1335 3276 1400 3336 ΕΗ.
1446 3275 1561 3336 Valeat
1582 3273 1635 3335 FE
1662 3263 1788 3354 'gradum
1820 3297 1922 3352 uuum,

1047 3363 1130 3442 cujus
1153 3363 1251 3443 portio
1279 3365 1374 3438 nulla,
1409 3362 1517 3442 quippe
1549 3362 1579 3424 in
1611 3362 1805 3427 inclinatione
1828 3366 1921 3441 nulls,

1046 3458 1095 3511 est
1126 3471 1268 3512 mensura
1298 3451 1499 3514 retractionis.
1547 3449 1596 3512 Sit
1621 3451 1687 3529 jam
1717 3453 1795 3514 alius
1818 3454 1923 3516 radius

1044 3538 1116 3616 FG,
1152 3540 1313 3602 inclinatus
1344 3540 1454 3619 angulo
1477 3537 1560 3600 EFG
1587 3534 1662 3613 60⁰,
1696 3541 1781 3620 eujus
1813 3561 1922 3604 secans

1045 3636 1095 3688 est
1126 3628 1248 3707 duplum
1280 3628 1370 3703 radii,
1404 3628 1520 3689 valebit
1550 3627 1641 3706 igitur
1663 3627 1720 3689 FG
1750 3627 1770 3691 2
1799 3632 1921 3709 gradm,

1046 3716 1116 3795 quia
1139 3719 1164 3778 F
1166 3718 1192 3777 Ε
1216 3717 1339 3779 valebat
1364 3712 1408 3778 1⁰.
1456 3715 1519 3777 Sed
1540 3715 1576 3776 de
1599 3715 1646 3776 his
1670 3713 1690 3777 2
1714 3718 1859 3795 gradibus
1874 3728 1925 3782 est

1046 3806 1190 3866 sumenda
1213 3806 1310 3884 portio
1340 3799 1392 3887 ²l„
1418 3803 1487 3883 quia
1510 3804 1663 3865 inclinatio
1687 3801 1730 3867 60
1750 3814 1798 3868 est
1826 3803 1858 3886 01,
1885 3809 1923 3870 de

1045 3889 1098 3955 90.
1145 3893 1228 3972 Ergo
1252 3893 1393 3954 retractio
1418 3892 1476 3954 erit
1502 3888 1537 3953 10
1560 3889 1614 3953 20’
1638 3911 1682 3954 sc.
1706 3895 1834 3974 angulus
1849 3896 1923 3959 FGl

1048 3976 1127 4043 1780
1149 3979 1217 4057 to‘,
1252 4000 1317 4043 cum
1341 3980 1427 4043 FGH
1451 3980 1493 4041 sit
1519 3975 1606 4041 1500.
1652 3980 1733 4059 Ergo
1758 3980 1923 4050 HG128⁰

979 4075 995 4129 1
1042 4065 1112 4143 40¹3
1144 4069 1241 4132 adhuc
1264 4071 1348 4131 valet
1375 4069 1528 4130 retractio.
1575 4069 1625 4128 Ita
1648 4068 1674 4129 si
1697 4070 1750 4130 ΓΕ
1774 4073 1859 4135 valet
1881 4072 1919 4148 l‘,

1041 4158 1184 4220 retractio
1209 4158 1318 4220 desinit
1343 4158 1372 4219 iu
1395 4157 1589 4219 inclinatione
1612 4152 1675 4220 89⁰
1697 4154 1726 4219 1⁴
1741 4157 1821 4234 40⁴⁴,
1853 4169 1919 4224 est·

561 4263 617 4325 qus
641 4250 772 4313 maxima
795 4248 937 4311 retractio
961 4245 1015 4311 58‘
1041 4243 1116 4308 20“.
1164 4245 1217 4310 Sin
1243 4255 1343 4308 autem
1365 4246 1418 4307 FE
1442 4242 1614 4319 valet⁴10“,
1640 4245 1753 4309 desiuit
1775 4249 1920 4313 retractio

559 4340 589 4402 in
608 4334 733 4405 89⁰13¹
748 4346 854 4419 estque
868 4334 923 4399 480
938 4336 1066 4398 circiter.
1101 4334 1151 4397 Sit
1165 4335 1271 4397 iterum
1290 4334 1373 4397 EFG
1388 4331 1451 4397 82⁰
1463 4330 1527 4409 49‘,
1544 4341 1614 4394 tuuc
1638 4342 1687 4395 est
1699 4336 1754 4398 FG
1774 4334 1918 4413 800000,

560 4464 690 4546 qualium
716 4462 768 4526 FE
797 4458 936 4525 100000.
974 4461 1069 4523 Valet
1096 4459 1188 4540 igitur
1211 4456 1260 4534 8⁰,
1284 4460 1320 4521 de
1345 4458 1450 4539 quibus
1473 4477 1544 4538 pars
1566 4417 1677 4561 {³ng
1696 4466 1918 4541 estsumenda,

558 4609 601 4652 sc.
624 4583 806 4650 t⁰2t⁴w
829 4605 883 4666 pro
908 4586 1098 4648 retractione.
1145 4585 1226 4663 Ergo
1250 4582 1323 4645 FGI
1347 4591 1395 4644 est
1420 4578 1501 4644 172⁰
1523 4581 1577 4646 38⁴
1604 4579 1666 4646 19⁴¹
1689 4576 1744 4639 sed
1766 4576 1921 4644 FGHest

563 4672 711 4741 t72⁰ttt⁴
727 4674 841 4754 major,
876 4692 947 4753 ergo
972 4674 1164 4755 impossibilis
1189 4683 1236 4734 est
1259 4674 1334 4735 haec
1357 4672 1517 4747 retractio,
1543 4672 1740 4750 desinuntque
1764 4669 1845 4732 radii
1867 4688 1918 4733 re-

558 4766 648 4846 tringi
673 4766 761 4844 longe
785 4770 885 4825 antea.

648 4853 725 4915 Cum
749 4868 820 4931 ergo
845 4870 943 4913 essem
967 4851 1110 4914 redactus
1133 4850 1163 4913 in
1193 4852 1289 4932 ipsum
1313 4849 1438 4914 densum
1461 4866 1528 4914 oum
1551 4847 1743 4933 inquisitione
1767 4846 1917 4930 genuinae

557 4961 732 5017 mensurae,
757 4940 853 5001 visum
877 4949 926 5001 est
949 4939 1073 5001 densum
1098 4942 1275 5015 formatum,
1300 4942 1357 5003 boc
1381 4950 1429 5001 est
1449 4941 1619 5020 globosum,
1646 4938 1916 5003 demonstrationi·

501 5024 502 5027 '
556 5032 613 5093 bus
637 5049 704 5092 esse
728 5027 829 5108 aptius
858 5046 947 5108 quam
969 5028 1107 5107 planum:
1140 5030 1238 5091 etsie
1263 5031 1385 5091 tandem
1410 5030 1447 5091 ad
1472 5029 1567 5091 lineas
1592 5049 1629 5092 ex
1648 5037 1753 5092 centro
1777 5028 1863 5092 visus
1886 5030 1916 5092 iu

557 5120 744 5201 superficiem
768 5116 849 5180 adria
873 5116 980 5178 ductas
1004 5117 1121 5208 deveni.

738 3345 793 3411 Fig.
817 3343 856 3396 18.
