4584 6192
796 632 883 684 literae
899 632 1004 697 Kepleri
1020 632 1171 698 aliorumque
1187 639 1298 684 mutuae.
1520 568 1525 588 ι
1655 630 1720 699 789

364 811 433 892 jam
456 810 570 892 pridem
590 807 712 869 missam
734 809 925 889 respondeat.
956 810 1024 873 Scit
1038 812 1125 886 enim,
1145 810 1215 891 qnid
1230 830 1297 873 mea
1315 809 1444 883 intersit,
1470 810 1502 871 ct
1521 809 1586 889 jam
1603 811 1721 891 pridem

369 920 427 981 per
446 898 686 962 Haienrefferum
708 900 844 975 promisit
866 900 937 961 mihi
960 902 1151 979 respondere.

462 990 563 1070 Atque
586 996 620 1049 ut
646 1005 701 1066 per
723 998 754 1049 te
776 990 924 1050 hominem
948 992 1088 1064 excitem,
1122 989 1252 1051 scribam
1276 989 1405 1069 aliquid,
1436 990 1515 1069 quod
1542 990 1592 1052 vel
1621 989 1720 1069 ipsum

370 1080 579 1146 Ptolemaeum
603 1085 651 1137 tot
669 1076 732 1155 jam
754 1086 823 1139 aute
848 1079 950 1140 secula
973 1088 1119 1142 mortuum
1143 1079 1182 1139 ad
1201 1078 1390 1139 scribendum
1413 1077 1535 1140 excitet.
1569 1078 1721 1160 Superiori

374 1165 482 1250 18128.
506 1168 582 1247 Maji
605 1167 722 1245 vesperi
747 1168 861 1229 duabus
885 1177 916 1229 et
939 1170 1034 1230 tribus
1058 1170 1137 1230 horis
1163 1177 1232 1229 ante
1257 1166 1337 1229 Solis
1360 1185 1515 1240 occasum,
1539 1187 1605 1230 cnm
1627 1169 1721 1232 nubes

371 1257 477 1320 Solem
500 1258 661 1337 aperirent,
686 1256 769 1319 visus
792 1266 841 1319 est
863 1259 949 1319 nobis
973 1259 1020 1320 hic
1043 1259 1162 1336 Pragae
1186 1258 1352 1319 Mercurius
1376 1257 1404 1317 in
1428 1256 1493 1334 ipso
1522 1258 1605 1319 disco
1628 1257 1719 1320 Solis.

371 1347 476 1410 Solem
500 1347 617 1428 quidem
642 1345 740 1424 ipsum
764 1365 821 1406 non
847 1349 987 1427 adspexi,
1013 1348 1066 1409 sed
1091 1348 1246 1409 schemata
1269 1346 1384 1419 omnia,
1416 1364 1491 1427 qnae
1515 1345 1614 1408 tenuis
1637 1357 1724 1409 erant

372 1436 506 1511 luminis,
531 1435 719 1497 latitudinem
744 1435 886 1498 habentia
907 1437 994 1498 unius
1014 1457 1118 1497 manns
1134 1455 1187 1497 seu
1200 1435 1302 1516 palmi,
1326 1419 1502 1496 nubecniam
1526 1435 1723 1498 exhibuerunt
1815 1479 1817 1483 ι

372 1526 502 1587 similem
533 1543 647 1606 parvae
676 1544 796 1586 muscae
829 1521 908 1589 inter
941 1527 1031 1588 imum
1055 1534 1087 1587 et
1109 1525 1263 1587 sinistmm
1295 1523 1458 1602 margines,
1488 1522 1518 1585 in
1548 1521 1581 1609 Ἰ,
1607 1527 1656 1589 vel
1686 1519 1715 1607 Ἰ,

370 1622 461 1695 parte
483 1614 633 1677 diametri.
658 1615 725 1680 ‚At
747 1615 869 1677 schema
891 1636 980 1678 unum
1005 1616 1173 1698 quantitate
1201 1614 1314 1676 dimidii
1345 1614 1453 1675 thaleri
1482 1615 1615 1677 ostendit
1636 1617 1722 1678 Mer·

372 1706 487 1768 curium
510 1704 587 1767 satis
610 1703 736 1781 nigrum,
761 1725 808 1768 me
832 1707 951 1768 hercule
976 1706 1074 1766 instar
1095 1705 1181 1785 parvi
1204 1712 1235 1765 et
1258 1704 1350 1766 macri
1372 1702 1488 1784 pulieis.

462 1812 528 1873 Hoc
551 1812 631 1873 refer
654 1811 692 1873 D.
716 1811 751 1873 P.
777 1814 957 1888 Maestliuo,
989 1820 1021 1875 et
1042 1831 1117 1892 puer
1139 1819 1202 1874 stet
1225 1821 1295 1873 ante
1326 1811 1424 1887 fores,
1455 1829 1512 1871 nun
1536 1809 1722 1873 discessurus
1764 1847 1766 1853 .

374 1899 436 1964 nisi
459 1920 525 1964 cum
557 1899 652 1980 ipsius
681 1920 835 1981 responso.
883 1897 977 1965 Simul
1006 1911 1107 1965 autem
1131 1910 1163 1963 et
1184 1902 1354 1963 nominatos
1384 1908 1559 1982 ceterosque
1582 1900 1620 1962 D.
1644 1900 1722 1962 Pro-

374 1990 509 2054 sessores
540 2010 558 2053 a
585 2009 633 2052 me
666 1991 797 2053 officiose
831 1993 940 2056 saluta.
987 1991 1082 2054 Tuam
1111 2010 1182 2053 vero
1215 1991 1344 2053 salutem
1376 2009 1441 2053 cnm
1469 1989 1508 2052 D.
1532 1990 1662 2054 Parente
1693 1998 1725 2052 et

374 2080 469 2144 fratre
492 2082 573 2143 intra
594 2078 729 2160 privatos
752 2081 885 2162 parietes
907 2082 1030 2163 partire.

358 2199 364 2217 ⁴
463 2170 553 2233 Vale.
599 2164 747 2253 1118118.
772 2172 854 2234 Junii
879 2168 974 2235 1607.
1044 2187 1048 2196 ·

829 2261 945 2344 Excell.
970 2262 1051 2321 Tuae
1075 2260 1273 2323 amicissimus

1372 2350 1424 2413 Jo.
1447 2349 1635 2436 chplerrte.
1722 2349 1726 2360 ’

465 2470 537 2532 Quod
555 2473 616 2523 dicit
627 2464 750 2536 Keplerns
765 2476 906 2541 „negotium
920 2474 1085 2538 eclipticnm“,
1101 2482 1213 2540 spectare
1226 2476 1321 2525 ridetur
1331 2476 1433 2532 monita,
1451 2476 1538 2541 quibus
1549 2477 1619 2527 varia
1629 2475 1725 2525 ratitum

377 2541 538 2598 Maertlinum
551 2545 623 2594 annis
638 2541 705 2592 tttt
718 2560 751 2593 ss.
771 2544 834 2595 forte
847 2548 923 2596 etiam
935 2562 978 2610 per
989 2547 1122 2597 Besoldum
1135 2548 1167 2597 ad
1179 2547 1384 2600 transmittendas
1399 2547 1523 2611 eclipsium
1541 2548 1725 2598 observationes

374 2629 517 2678 permovere
544 2616 668 2666 studebat.
705 2615 760 2666 1100
787 2632 881 2682 quoqne
908 2619 1027 2668 monitum
1045 2620 1077 2669 ad
1101 2620 1176 2669 111011
1203 2626 1342 2682 spectatum
1366 2634 1415 2668 nou
1441 2620 1554 2683 perduxit
1570 2619 1723 2684 Keplernmt

374 2699 443 2736 anno
462 2687 559 2737 demum
580 2684 656 2735 1610.
677 2687 824 2738 Maertlinns
842 2690 926 2739 literas
945 2689 1014 2740 dedit
1031 2691 1156 2755 Keplero.
1184 2706 1332 2755 quamquam
1349 2705 1398 2740 non
1423 2691 1496 2755 plane
1519 2693 1642 2741 intactam
1658 2691 1726 2740 misit

375 2755 573 2820 observationem
591 2758 706 2810 Mercurii
724 2760 751 2808 in
770 2759 841 2821 Sole,
861 2776 935 2825 qnam
953 2762 1074 2826 Keplerns
1094 2764 1119 2811 in
1137 2762 1228 2826 Optiea
1247 2760 1281 2826 (p.
1301 2759 1364 2825 ³22)
1387 2762 1478 2820 refert,
1504 2762 1641 2826 dijudicans
1658 2761 1725 2830 hane

373 2828 522 2879 relationem
539 2831 564 2879 in
585 2830 773 2895 ,Disputatione
793 2831 823 2881 de
841 2832 979 2882 multifariis
1003 2840 1113 2884 motnnm
1136 2834 1290 2897 planetamm
1308 2836 1334 2882 in
1352 2834 1420 2885 coelo
1439 2835 1613 2898 apparentibus
1630 2834 1723 2899 irregu-

372 2897 532 2951 laritatibus“
547 2900 592 2952 dte.
613 2901 687 2965 (Tnb.
705 2899 791 2959 1000).
818 2903 900 2963 Quam
919 2905 1119 2967 dijudicationem
1138 2920 1193 2954 cnm
1212 2905 1333 2969 Keplerns
1350 2906 1376 2955 in
1393 2905 1475 2956 libello
1492 2920 1538 2956 ane
1554 2907 1607 2971 ipae
1624 2906 1723 2965 relevat,
1747 2909 1749 2914 '

371 2971 415 3023 bie
435 2972 467 3022 de
485 2972 529 3022 illa
544 2974 579 3023 nil
598 2974 701 3037 amplius
720 2975 859 3024 addendum
878 2991 1021 3033 censemus,
1041 2979 1105 3026 sicut
1122 2978 1198 3026 etiam
1215 2979 1324 3027 intactas
1345 2978 1503 3043 relinquimus
1521 2978 1605 3028 literas
1623 2976 1725 3041 Keplerl

373 3042 488 3094 adSam.
501 3043 709 3104 Haienretlemm,
725 3061 786 3110 quas
805 3048 865 3096 item
883 3047 957 3097 affert
969 3048 1091 3112 Keplerns
1109 3050 1135 3097 in
1153 3048 1371 3113 sequentilibello.
1396 3049 1483 3114 Neque
1501 3065 1557 3100 vero
1576 3048 1724 3100 omittendas

372 3130 506 3166 censemus
524 3117 608 3167 literas
625 3116 649 3167 J.
670 3118 699 3166 G.
718 3117 892 3176 Hervarti,
918 3120 1003 3183 quibus
1028 3127 1112 3171 monet
1130 3120 1264 3184 Keplemm
1283 3121 1313 3171 de
1330 3118 1452 3172 Mercurio
1469 3122 1496 3171 in
1514 3120 1572 3172 Sole
1590 3122 1640 3171 viae
1658 3134 1723 3171 anno

370 3183 438 3238 8⁰7.
457 3187 605 3253 Kepleriqne
624 3203 748 3253 respousa
1306 3215 1309 3223 ·

467 3278 662 3329 Hervvartus:
681 3282 714 3328 Et
727 3282 808 3344 quoad
826 3281 940 3345 planetas
959 3289 1089 3332 occurrunt
1100 3282 1158 3331 mibi
1172 3282 1237 3333 dnae
1256 3282 1437 3333 observationes
1456 3283 1487 3333 ab
1506 3282 1547 3332 illo
1559 3280 1668 3338 habitae.
1682 3280 1723 3345 qni

371 3358 487 3414 tempure
500 3349 581 3401 Caroli
592 3350 628 3400 M.
642 3352 779 3402 observavit
790 3353 892 3416 eclipses
905 3354 1069 3411 luminarium,
1088 3369 1150 3419 quas
1162 3354 1301 3421 Bnntingus
1319 3354 1413 3405 0110111
1426 3353 1546 3406 exhibuit:

432 3419 460 3482 1)
481 3424 554 3472 Α111
574 3418 642 3471 70οῑ
672 3423 735 3482 ,100
752 3438 833 3480 anuo.
860 3439 876 3473 a
893 3426 1022 3489 superioris
1050 3427 1116 3474 anni·
1127 3424 1192 3475 Jnlio
1217 3442 1294 3493 usqne
1313 3427 1345 3477 ad
1362 3426 1447 3490 hujus·
1461 3428 1521 3476 anni
1538 3425 1639 3476 Juninm
1651 3423 1723 3480 ,sidus

485 3492 572 3543 Martis
590 3509 716 3560 nunquam
733 3497 758 3545 in
777 3503 828 3548 toto
847 3497 914 3546 coelo
932 3493 1007 3546 rideri
1024 3497 1128 3560 potnit.“

432 3562 461 3628 2)
485 3566 558 3615 Auno
576 3562 643 3615 eut:
669 3566 765 3625 ,Stella
782 3568 896 3618 Mercurii
918 3565 957 3617 10.
978 3566 1031 3618 Cal.
1057 3570 1115 3632 Apr.
1136 3566 1270 3632 (Keplerns
1288 3570 1313 3618 in
1331 3570 1441 3634 margine
1459 3569 1504 3619 VI.
1523 3569 1560 3637 ld.
1580 3565 1657 3634 Apr.)
1670 3564 1725 3617 vna

396 3695 399 3706 ,
485 3644 524 3688 eet
540 3638 567 3687 in
579 3636 636 3687 Sole
654 3640 724 3703 quasi
743 3654 819 3702 parva
829 3640 929 3690 macule
946 3641 1034 3705 nigra:
1053 3646 1137 3689 tamen
1155 3640 1279 3703 panlnlnm
1297 3642 1407 3704 superins
1418 3641 1499 3691 medie
1517 3646 1601 3691 centro
1614 3639 1724 3703 eiusdem

485 3708 578 3760 alderia.
610 3709 681 3771 Quae
700 3718 755 3761 oete
775 3711 826 3761 dies
845 3709 979 3776 (Keplerns
996 3713 1012 3761 i.
1025 3728 1073 3761 m:
1093 3711 1166 3771 Quae
1184 3713 1260 3761 octies
1279 3712 1316 3761 ita
1328 3725 1344 3761 a
1357 3712 1426 3761 nobis
1444 3719 1578 3776 conspecta
1595 3717 1651 3771 eatr
1668 3710 1723 3761 vel:

487 3780 549 3831 Oete
567 3781 616 3832 diei
633 3779 710 3842 beris)
729 3796 745 3831 a
763 3783 864 3833 Francis
882 3786 919 3833 ita
937 3789 1070 3847 conspecta
1088 3790 1125 3832 est
1143 3779 1207 3843 (alia
1224 3783 1297 3832 lectio
1315 3782 1406 3834 habet:
1434 3798 1451 3833 a
1467 3784 1536 3834 nebia
1554 3779 1723 3847 conspicitur).

487 3852 536 3904 Sed
554 3854 652 3919 quando
670 3855 773 3918 primum
790 3856 892 3905 intrarit
909 3856 946 3905 vel
959 3856 1019 3905 exiit
1036 3855 1138 3904 nubibus
1156 3853 1344 3917 impedientibus
1361 3855 1460 3905 minime
1482 3854 1562 3919 potnit
1582 3853 1722 3906 adnotari.“

470 3924 545 3976 Dices
558 3927 646 3981 nudas,
664 3927 794 3992 solivagas,
813 3930 866 3976 eine
879 3930 960 3991 capite
975 3934 1001 3978 et
1011 3915 1074 3992 pelle
1087 3939 1140 3976 ease
1152 3924 1198 3974 baa
1217 3925 1398 3977 observationes
1410 3943 1466 3978 rere
1479 3941 1592 3986 crassen
1611 3934 1724 3978 attamen

373 4000 470 4056 saltem
487 4000 583 4052 calculo
601 3999 690 4065 dignas
708 3999 866 4048 existimarim
885 4005 911 4048 et
929 3999 1027 4063 qnidam
1050 3998 1130 4063 quoad
1149 3996 1266 4053 Martem.
1284 4004 1383 4062 praeter
1400 3996 1463 4049 Solis
1482 4000 1557 4051 etiam
1575 3996 1679 4051 Veneria
1697 4005 1724 4050 et

369 4073 494 4128 Mercurii
511 4073 579 4123 leena
596 4071 661 4121 illins
678 4070 793 4134 temporis
819 4070 1010 4120 considerandus
1028 4070 1098 4120 leret.
1116 4094 1152 4105 -
1177 4067 1301 4134 Quidquid
1318 4072 1363 4129 sit,
1381 4071 1470 4122 saltem
1488 4071 1520 4123 ad
1538 4077 1564 4122 te
1582 4070 1645 4123 haee
1663 4071 1723 4123 serl-

369 4145 462 4200 tenda
478 4139 546 4195 duri.¹
579 4141 613 4206 (Ε
631 4142 706 4193 literis
725 4142 748 4191 d.
768 4140 894 4191 Monaebii
913 4141 937 4190 d.
957 4139 998 4191 20.
1019 4140 1074 4191 Oet.
1094 4137 1184 4202 1601.)
1497 4159 1499 4164 ·

468 4225 508 4275 Ad
525 4224 588 4275 haee
605 4222 759 4287 Keplerns
777 4221 801 4271 d.
822 4218 864 4270 12.
882 4220 945 4293 Nor.
967 4217 1045 4271 1002.
1065 4221 1204 4287 respondit:
1222 4214 1307 4277 Duas
1330 4214 1554 4279 observationes
1572 4234 1611 4279 ex
1623 4216 1722 4279 Albe.

371 4300 443 4376 rico
472 4299 635 4384 (referente
667 4305 851 4376 Mercatore)
882 4310 997 4366 sumtas
1028 4304 1065 4365 ab
1095 4303 1146 4365 illo
1177 4304 1327 4384 ipsissimo
1360 4304 1480 4367 habitas
1511 4303 1603 4374 dicis,
1637 4306 1743 4387 quasi-

373 4399 566 4464 adscriberes
589 4395 657 4458 illas
680 4392 824 4473 Etrephio
848 4401 901 4455 aut
922 4392 1095 4473 Alsarqneli
1110 4392 1164 4466 (1).
1195 4395 1270 4457 Peto
1303 4393 1504 4458 dilucidiorem
1536 4393 1721 4458 relationem.

371 4488 459 4557 Nam
482 4508 519 4550 ex
532 4485 702 4547 Mercatore
727 4483 835 4562 colligo
858 4480 931 4542 nihil
951 4480 1041 4554 aliud,
1065 4500 1153 4562 quarn
1177 4491 1247 4545 ante
1271 4477 1449 4546 40011100
1471 4483 1592 4547 habitas
1613 4492 1723 4564 postea

374 4579 473 4642 fnisse
497 4577 535 4639 ab
558 4573 699 4638 Alterico
723 4571 923 4650 consignatas.
966 4569 1086 4641 Quaero
1110 4571 1202 4635 etde
1226 4573 1290 4634 ioco
1314 4592 1367 4634 seu
1395 4573 1495 4654 patria
1517 4570 1722 4654 Alberioisan

373 4667 409 4733 iu
434 4665 544 4729 Galliis
566 4661 701 4727 Abbatia
723 4662 813 4726 trium
845 4659 990 4722 fontium?
1024 4658 1171 4723 Desidere
1199 4681 1271 4724 sane
1299 4660 1407 4726 bonam
1439 4661 1664 4737 bibliothecam,
1689 4669 1723 4724 ut

374 4776 439 4821 non
462 4756 612 4836 indigeam
635 4753 681 4815 hie
705 4748 937 4832 quaestionibus.
984 4752 1136 4829 Ignosees.

469 4842 650 4908 Observatio
673 4841 782 4902 Martis
805 4839 901 4920 prima
924 4839 1021 4900 fronte
1046 4838 1177 4900 absurda
1184 4856 1193 4912 ;
1218 4858 1292 4901 vera
1315 4847 1413 4901 tamen
1437 4839 1563 4904 videtur.
1601 4840 1722 4904 Accidit

379 4931 509 5015 (1Θό
530 4951 634 4997 mense
651 4928 814 5008 Novembri
837 4928 907 4991 anni
930 4922 1005 4990 798.
1042 4927 1123 5008 Ergo
1145 4925 1225 4989 Julio
1248 4928 1346 5008 priore
1365 4928 1449 4991 Mars
1472 4927 1582 4995 oceidit
1603 4929 1722 5014 vesperi

323 5071 327 5096 .
375 5024 496 5091 11011100
523 5015 1303 5105 1101311111011111000010101111,ΩΑΨΑ.
1357 5016 1460 5084 Oritur
1488 5038 1575 5081 mane
1607 5019 1721 5083 helim

323 5129 331 5192 ξ.
378 5133 460 5179 enno
482 5109 547 5178 799
570 5110 600 5174 in
624 5108 717 5191 signis
739 5107 874 5170 brevium
896 5105 1102 5170 ascensionum
1120 5123 1177 5176 ee,
1191 5105 1237 5184 Υ,
1253 5107 1297 5183 ὅς
1322 5114 1354 5169 et
1375 5106 1404 5169 in
1419 5107 1475 5171 buc
1493 5107 1578 5188 signu
1592 5109 1629 5187 ὅ,
1649 5107 1720 5171 Sole

323 5229 337 5288 p
377 5191 1113 5276 101101111011110111111101111-111011.
1149 5197 1220 5277 Ipse
1243 5192 1435 5263 11101598.
1459 5214 1562 5262 menae
1584 5198 1721 5284 Angusto
