4584 6192
630 621 674 689 20
1048 624 1149 676 Literse
1167 624 1270 690 Kspleri
1288 625 1438 691 aliorumque
1457 633 1560 677 mutuas

630 808 693 863 tum
717 806 750 860 et
772 796 797 862 C
821 817 927 880 parum
952 798 1066 861 elevari
1091 818 1217 862 necesse
1241 807 1300 862 est.
1346 798 1546 862 Dimetiamur
1573 801 1675 883 itaque
1700 804 1757 867 ΠΒ
1782 821 1818 865 en
1841 820 1983 864 mensura

631 909 690 968 qua
721 887 860 950 metimur
881 887 950 950 BA.
995 887 1123 967 Eritque
1148 888 1204 950 ΗΒ
1233 891 1271 950 ad
1294 888 1352 950 BA
1376 897 1409 950 ut
1435 885 1476 951 10
1499 890 1538 949 ad
1567 888 1606 953 81
1634 891 1767 955 circiter.
1816 890 1849 953 Si
1877 888 1918 955 81
1946 908 1983 952 ει

631 973 785 1040 9999885
819 975 888 1056 quid
929 973 1195 1040 101ε1234551.
1244 976 1384 1047 Qualium
1416 977 1508 1055 igitur
1539 979 1596 1040 BA
1620 990 1668 1042 est
1700 976 1863 1053 9999885,
1888 978 1983 1040 taliuu

1058 1075 1105 1127 est
1119 1065 1177 1126 ΒΗ
1195 1061 1346 1128 1234554
1371 1072 1403 1126 et
1417 1065 1522 1126 talium
1546 1085 1662 1147 quoque
1685 1070 1742 1131 BD
1766 1076 1815 1129 est
1838 1063 1983 1130 5886l0t

1059 1155 1215 1215 Habemus
1230 1173 1301 1233 ergo
1316 1158 1352 1221 Δ
1368 1153 1454 1214 HBD
1478 1155 1558 1216 aliud
1582 1175 1636 1235 pro
1659 1157 1752 1235 priori
1768 1155 1856 1218 ΗΒΑ
1871 1152 1983 1235 (rga)

1060 1244 1146 1322 cujus
1180 1244 1259 1304 latus
1287 1242 1343 1303 BD
1376 1250 1407 1302 et
1435 1242 1492 1303 BH
1520 1245 1685 1323 cognitum,
1718 1246 1745 1307 B
1776 1252 1889 1307 rectus.
1935 1242 1983 1303 Es

1061 1341 1160 1392 autem
1183 1331 1240 1391 BD
1264 1331 1411 1391 diameter
1433 1330 1510 1391 radii
1534 1331 1650 1394 Solaria
1673 1335 1813 1408 rotundi,
1840 1332 1983 1412 quaeritur

1061 1438 1148 1480 arcus
1171 1417 1226 1480 BC
1251 1419 1287 1478 de
1315 1418 1483 1500 peripheria
1516 1420 1596 1482 illius
1625 1422 1712 1483 radii.
1736 1457 1779 1468 -
1803 1420 1870 1501 Ego
1903 1420 1983 1499 hujur

1060 1506 1260 1586 inquisitionis
1285 1507 1374 1567 aliam
1397 1506 1477 1566 viam
1493 1509 1594 1569 nescio
1609 1528 1698 1588 quam
1722 1509 1810 1585 hanc,
1834 1517 1869 1571 ut
1892 1509 1983 1570 trian-

1060 1595 1121 1674 guli
1153 1594 1372 1672 investigentur
1409 1595 1520 1673 auguli.
1571 1597 1613 1657 Et
1648 1598 1678 1659 iu
1711 1597 1808 1660 lituris
1851 1603 1983 1667 (dminus

1058 1693 1131 1754 holus
1150 1691 1200 1740 iolii
1217 1697 1313 1754 partem
1332 1691 1454 1755 Keplerus
1472 1691 1623 1756 obliteravit)
1643 1694 1691 1747 est
1705 1691 1735 1754 L
1751 1685 1837 1747 ΗΠΒ
1857 1682 1983 1747 il⁰5i¹

1058 1773 1159 1834 Ducta
1173 1770 1226 1834 BG
1242 1781 1383 1834 nascetur
1397 1773 1477 1834 alind
1494 1773 1690 1853 triangulum,
1715 1783 1747 1836 et
1760 1773 1895 1835 manebit
1910 1772 1983 1833 iden

1059 1862 1185 1940 angulus
1210 1862 1247 1921 ad
1271 1861 1312 1922 D.
1360 1859 1434 1923 Cum
1458 1862 1550 1942 igitur
1573 1860 1656 1924 CKB
1681 1863 1722 1923 sit
1752 1862 1860 1941 duplus
1890 1860 1983 1939 angui

632 1959 728 2032 CDB,
762 1957 907 2019 centralis
930 1949 1224 2021 circumferentialis‚
1250 1950 1341 2028 igitur
1370 1947 1425 2012 BC
1449 1969 1537 2011 arcus
1560 1951 1618 2010 erit
1641 1951 1762 2031 duplus,
1789 1970 1830 2012 sc.
1854 1946 1983 2012 23919Ι

631 2048 661 2109 id
686 2047 763 2127 quud
790 2044 928 2124 congruit
951 2060 1017 2103 cum
1040 2036 1242 2115 superioribus
1266 2038 1343 2112 fere,
1368 2038 1417 2098 uhi
1442 2047 1508 2100 erat
1531 2034 1670 2100 23017‘.

720 2134 782 2197 Sed
807 2134 884 2194 satis
908 2128 1079 2210 aliquando.
1113 2125 1194 2185 Vale
1218 2126 1319 2186 fautor
1341 2125 1533 2202 charissime,
1559 2134 1590 2188 et
1612 2145 1659 2188 me
1679 2128 1734 2189 tibi
1748 2124 1983 2189 commendatus

634 2224 723 2286 habe.
775 2221 826 2285 15.
842 2220 945 2282 Martii
969 2217 1017 2280 St.
1041 2216 1082 2278 N.
1107 2211 1209 2275 Gratii
1233 2232 1280 2274 ao.
1309 2211 1401 2277 1598.

793 2325 931 2389 Salutem
955 2322 1072 2385 ascribo
1096 2318 1345 2381 officiosissimam
1368 2319 1426 2380 toti
1449 2320 1576 2401 collegio
1599 2319 1816 2400 philosophico.

1105 2425 1194 2487 Huru.
1219 2425 1302 2486 Tuae
1327 2422 1416 2487 Grat.
1440 2425 1524 2488 Disc.

1639 2513 1685 2576 Μ.
1708 2514 1742 2576 J.
1766 2512 1897 2597 chler.

721 2673 938 2734 Massiliam,
958 2673 1097 2738 praemissis
1115 2672 1221 2737 querelis
1233 2671 1264 2721 de
1276 2670 1348 2720 filiolo
1360 2678 1464 2730 mortuo,
1478 2672 1508 2723 de
1521 2670 1623 2736 Kepleri
1636 2670 1716 2736 Opere
1730 2678 1858 2736 mentae,
1873 2681 1900 2724 et
1913 2673 1983 2724 Chre·

633 2748 753 2812 aologicis
772 2744 865 2809 (comp.
885 2746 940 2794 Vol.
953 2746 973 2794 1.
994 2761 1017 2808 p.
1032 2741 1092 2802 213,
1113 2742 1177 2804 391)
1196 2743 1335 2806 respondit:

722 2818 827 2882 Bclipsie
848 2814 880 2876 Q
900 2818 1034 2880 praeterita
1051 2817 1085 2864 ist
1101 2815 1148 2864 mir
1167 2815 1229 2863 eben
1247 2813 1312 2863 anch
1330 2827 1376 2878 gar
1394 2812 1497 2863 seltaarn
1517 2814 1678 2863 iilrkommen.
1709 2812 1760 2863 Sed
1778 2813 1804 2863 id
1828 2813 1983 2865 vehementer

635 2889 717 2946 dolet,
746 2888 810 2951 qnod
839 2889 976 2936 observatio
995 2890 1049 2948 ejus
1067 2885 1126 2934 mihi
1144 2886 1191 2934 init
1209 2891 1311 2948 uagata
1349 2884 1450 2934 Coelurn
1468 2885 1513 2933 tibi
1537 2885 1585 2933 huit
1603 2884 1734 2934 admodum
1753 2884 1900 2944 adversum,
1929 2886 1983 2935 mih,

634 2974 691 3007 rere
711 2958 887 3007 multominus
906 2958 1022 3007 clemens.
1059 2956 1269 3019 Praeparareram
1287 2970 1327 3004 me
1341 2955 1373 3004 ad
1392 2956 1587 3004 observationem
1606 2955 1659 3008 leco
1676 2962 1705 3003 ut
1723 2956 1786 3003 nosti
1806 2956 1894 3011 solito,
1913 2957 1983 3006 inter·

631 3029 708 3078 futuri
728 3035 800 3078 erant
818 3031 883 3077 sicut
901 3036 927 3077 et
948 3029 1054 3077 aderant
1072 3028 1144 3076 ambo
1162 3027 1296 3089 principes,
1316 3025 1532 3089 wirtembergicns
1549 3031 1634 3075 ιιοιιιι
1653 3032 1679 3074 et
1696 3024 1927 3091 Lunaeburgeusis,
1947 3029 1983 3078 sei

635 3102 733 3149 fnestra.
771 3099 913 3148 Discessnm
933 3113 1003 3147 snum
1023 3112 1038 3147 a
1056 3098 1171 3161 Tuhinga
1189 3097 1405 3161 Lunaebnrgensis
1422 3104 1521 3159 propter
1538 3096 1612 3157 huius
1630 3097 1727 3159 eclipsis
1746 3097 1943 3148 observationem
1962 3100 1983 3148 in

633 3171 727 3234 aliquos
756 3171 808 3219 dies
827 3170 935 3226 distulit3
964 3170 1008 3220 sed
1026 3169 1085 3218 nihil
1105 3169 1216 3217 vidimus.
1253 3166 1416 3218 Ascendimns
1439 3167 1540 3216 tandem
1563 3168 1589 3216 in
1615 3174 1706 3216 turrem
1724 3168 1809 3230 templi
1827 3169 1910 3233 ibique
1928 3171 1983 3219 satit

634 3241 676 3290 diu
695 3242 839 3290 commorati
857 3256 949 3299 sumus,
969 3241 1047 3289 donec
1063 3242 1135 3301 juata
1154 3238 1276 3288 calculum
1289 3253 1417 3301 meumque
1435 3237 1613 3300 praeiudicium
1631 3237 1689 3303 (qno
1702 3237 1802 3288 Solares
1819 3239 1925 3302 eclipses
1943 3254 1983 3289 an·

541 3353 553 3374 ,
622 3311 740 3374 ιίιιριιε
760 3312 838 3360 solere
856 3307 1008 3374 putarimus)
1028 3310 1129 3373 eclipsin
1147 3309 1199 3359 fere
1218 3309 1319 3357 desiisse
1332 3314 1376 3357 aut
1388 3309 1494 3357 medium
1508 3308 1540 3357 ad
1552 3309 1678 3358 minimum
1690 3322 1820 3371 superasse
1840 3312 1981 3360 censuimus

634 3381 727 3431 Verum
745 3396 791 3431 nec
812 3379 844 3441 Q
864 3382 967 3430 vidimus
985 3395 1032 3430 nec
1050 3395 1106 3444 spes
1119 3387 1172 3429 toto
1191 3395 1220 3427 eo
1233 3379 1273 3428 die
1293 3376 1325 3438 Q
1343 3378 1442 3428 ridendi
1461 3386 1522 3429 eret.
1560 3378 1622 3429 lude
1640 3379 1820 3428 descendimus.
1858 3380 1983 3444 ligavere

635 3468 660 3502 re
680 3452 814 3517 desperata
831 3453 1024 3516 disputationem
1042 3465 1105 3515 qaae
1123 3451 1262 3500 habebatur
1278 3452 1402 3513 ingressus
1420 3464 1483 3499 sum.
1518 3450 1557 3499 Ibi
1574 3457 1627 3498 turn
1640 3449 1703 3498 iilius
1715 3465 1785 3499 meus
1798 3450 1880 3500 Solem
1898 3452 1983 3514 paulu

633 3523 685 3572 lum
703 3537 720 3572 a
741 3538 769 3572 se
797 3532 956 3588 conspectum
982 3537 1037 3573 esse
1055 3537 1130 3585 seque
1157 3529 1253 3584 partem
1272 3521 1400 3569 occiduam
1425 3520 1581 3570 deficientem
1604 3522 1693 3570 vidisse
1711 3520 1771 3569 mihi
1788 3528 1877 3585 postea
1895 3524 1983 3573 minue

634 3593 695 3642 inde
714 3601 770 3657 post
785 3592 824 3641 11.
844 3609 893 3642 uno
912 3595 982 3658 qnasi
1000 3601 1124 3641 momento
1144 3589 1177 3651 Q
1197 3606 1291 3655 quoqne
1305 3592 1414 3654 aspicere
1432 3592 1512 3655 potui,
1533 3591 1682 3641 deficiebant
1700 3600 1797 3649 antem,
1817 3599 1846 3640 nt
1864 3594 1983 3656 conjicere

633 3666 714 3729 potui,
733 3663 748 3712 2
767 3664 818 3713 fere
838 3664 907 3729 digiti
924 3664 957 3713 ad
976 3672 1055 3712 ortum
1074 3662 1210 3718 borealem,
1230 3661 1274 3711 sed
1292 3660 1350 3710 nihil
1368 3664 1447 3711 metiri
1466 3663 1548 3726 potui3
1567 3662 1625 3712 inde
1644 3662 1720 3711 etiam
1738 3662 1798 3711 nihil
1817 3664 1922 3726 amplius
1941 3666 1983 3714 ad·

634 3736 704 3785 verti.
742 3736 779 3783 Ex
797 3735 835 3783 his
853 3742 938 3785 tamen
958 3742 1025 3784 certo
1044 3735 1160 3798 cognovi,
1178 3731 1243 3797 quod
1262 3732 1366 3781 borealis
1384 3733 1470 3787 luerit,
1488 3734 1531 3782 sed
1549 3740 1658 3797 quanta,
1677 3734 1775 3791 nescio,
1794 3738 1943 3785 ebriamen
1961 3752 1983 3787 c.

633 3804 699 3867 10¹l,
721 3808 783 3855 satis
802 3807 848 3855 init
866 3807 983 3856 obscurus
1002 3812 1121 3867 tauquam
1138 3809 1300 3853 noctesceret.

721 3876 793 3936 Quod
813 3883 896 3925 antem
914 3884 941 3925 tn
960 3876 1083 3925 borealem
1102 3876 1176 3924 luisse
1200 3876 1308 3931 miraris,
1334 3888 1430 3938 egaea
1450 3874 1579 3937 hypothesi
1597 3890 1647 3923 nou
1668 3876 1756 3924 miror:
1785 3875 1829 3925 sed
1852 3877 1983 3928 tardiorem

632 3962 706 4011 qnam
726 3947 835 3997 calculus
859 3947 982 3997 indicarat
999 3948 1080 3996 miror.
1117 3945 1171 3995 Hoc
1191 3954 1274 3995 autem
1287 3961 1343 3995 cnm
1360 3946 1448 4002 luerit,
1467 3947 1606 3995 necessario
1626 3946 1731 3995 borealis
1750 3946 1842 3996 effecta
1860 3956 1908 4006 eat,
1928 3951 1983 4013 quis

633 4020 730 4067 interea
747 4018 821 4066 Luna
839 4031 856 4067 a
873 4018 937 4067 nodo
957 4017 1109 4067 ascendente
1128 4018 1198 4065 lacta
1216 4018 1261 4064 init
1279 4015 1407 4065 borealior.
1437 4015 1507 4076 Quae
1527 4031 1582 4066 vero
1600 4015 1672 4078 hujus
1691 4015 1805 4066 tardioris
1824 4020 1983 4082 apparitionis

634 4103 713 4138 causa
730 4090 775 4148 sit,
794 4090 857 4138 scire
876 4104 925 4137 nou
944 4103 1051 4151 possum.
1088 4087 1179 4137 Parnm
1198 4087 1277 4136 abluit
1294 4088 1352 4151 quin
1372 4087 1524 4150 aliquantum
1543 4095 1602 4136 tuae
1614 4088 1755 4136 sententiae
1773 4088 1805 4138 de
1823 4092 1914 4139 virtum
1933 4105 1983 4140 mo·

633 4161 694 4208 trice
713 4160 859 4220 tribuerem,
879 4161 919 4223 qni
939 4160 1015 4209 etiam
1034 4159 1174 4218 existimas,
1194 4158 1291 4207 Lunam
1309 4158 1408 4220 plenam
1426 4158 1535 4207 nonnihil
1553 4158 1695 4213 tardiorem,
1714 4173 1803 4209 noram
1823 4167 1907 4210 summ
1927 4176 1983 4211 cen·

632 4230 770 4278 citatiorem
788 4245 851 4279 esse.
892 4230 981 4280 Veram
1000 4230 1065 4280 haec
1083 4230 1180 4293 eclipsis
1198 4244 1238 4279 me
1256 4236 1335 4278 totum
1354 4228 1464 4284 retrahit
1502 4228 1612 4289 Quodsi
1638 4229 1750 4279 licuisset
1768 4245 1824 4281 eam
1842 4230 1983 4294 plenissime

631 4300 761 4348 observare
780 4298 856 4365 (quud
874 4316 917 4364 per
935 4301 1025 4350 multos
1043 4314 1121 4350 annos
1140 4316 1180 4350 me
1197 4300 1320 4350 facturum
1338 4299 1449 4363 sperari,
1468 4299 1570 4364 ideoque
1588 4301 1694 4349 maximo
1714 4315 1768 4350 cum
1787 4302 1909 4352 desiderio
1929 4317 1983 4354 esra

540 4395 543 4402 ·
631 4370 772 4433 perplures
792 4387 870 4421 annos
889 4370 1041 4434 expectari),
1068 4387 1118 4420 uon
1137 4372 1220 4420 dubito
1239 4372 1296 4435 quin
1321 4385 1377 4418 meo
1395 4372 1516 4432 proposito
1540 4370 1669 4433 plurimum
1686 4372 1845 4422 inserriisset
1883 4372 1936 4424 Sed
1955 4374 1983 4426 de

631 4455 660 4489 eo
680 4441 771 4490 trustra
788 4458 883 4506 queror.
909 4445 1027 4491 Attamen
1048 4443 1182 4491 tardiorum
1201 4442 1382 4505 apparitionum
1399 4439 1472 4501 hujus
1491 4440 1587 4503 eclipsis
1605 4442 1669 4490 sicut
1687 4447 1713 4491 et
1726 4440 1861 4492 Lanarium
1881 4458 1983 4496 cansam

632 4525 679 4574 ego
699 4525 788 4561 censen
806 4515 960 4576 potissimum
979 4513 1028 4562 Soli
1048 4514 1220 4566 tribuendam,
1244 4513 1334 4575 partim
1352 4508 1417 4572 quod
1434 4510 1666 4573 prosthaphaereses
1684 4526 1784 4562 manae
1801 4529 1852 4563 aon
1869 4521 1941 4567 reete
1958 4531 1983 4567 ss

630 4581 756 4637 habeant,
781 4585 871 4646 partim
890 4584 954 4647 quod
973 4586 1181 4647 aequinoctiorum
1200 4580 1432 4645 prosthaphaereses
1449 4596 1498 4629 non
1517 4590 1661 4646 congruant
1698 4585 1799 4633 Annum
1819 4600 1844 4634 ιι.
1864 4589 1983 4651 tropicam

629 4667 713 4701 rerum
734 4668 780 4717 ego
799 4653 846 4702 hoc
865 4661 948 4702 nostro
967 4656 1050 4704 seculo
1069 4655 1145 4702 multo
1159 4655 1277 4701 minorem
1296 4664 1370 4714 qnam
1389 4650 1498 4699 calculus
1511 4652 1609 4701 exhibet
1621 4668 1726 4712 censeo;
1745 4655 1856 4706 calculus
1869 4672 1927 4707 eum
1945 4673 1983 4709 se·

631 4722 686 4774 culo
705 4723 841 4773 Ptolemaei
859 4726 1033 4787 propemodum
1052 4724 1192 4788 adaequat,
1220 4723 1314 4770 iaciens
1335 4734 1426 4769 aunum
1452 4721 1587 4786 longiorem
1604 4724 1692 4772 medio.
1730 4726 1765 4774 At
1783 4741 1830 4792 ego
1848 4729 1983 4780 breviorem

627 4793 728 4855 judico,
748 4793 807 4842 nihii
828 4796 888 4843 certi
905 4803 989 4844 tamen
1008 4794 1088 4843 adhuc
1103 4794 1205 4843 delinire
1224 4807 1335 4854 possum,
1356 4793 1402 4839 uisi
1424 4792 1488 4856 qued
1511 4794 1659 4857 generaliter
1681 4794 1799 4854 dicendo,
1818 4799 1839 4847 si
1860 4795 1893 4859 Q
1914 4806 1983 4850 moin

630 4879 688 4912 vero
708 4878 725 4913 a
741 4879 799 4913 vero
818 4866 973 4929 aequinoctio
991 4871 1091 4928 propter
1117 4865 1241 4911 internam
1260 4864 1284 4911 in
1303 4865 1357 4925 ipsa
1376 4865 1428 4923 ejus
1448 4860 1510 4923 (sive
1529 4864 1609 4926 potins
1627 4865 1719 4915 Terrae
1737 4881 1781 4916 sea
1798 4869 1863 4918 orbis
1882 4868 1983 4935 Magni)

630 4934 729 4984 theoria
748 4949 850 4984 causam
869 4937 984 4984 reurotior
1007 4936 1091 4990 abeat,
1119 4934 1217 4982 Lunam
1241 4940 1337 4997 oportet
1354 4948 1398 4982 sno
1423 4941 1492 4983 motu
1509 4935 1604 4983 tardius
1623 4936 1711 4987 eodem
1729 4945 1773 4986 sut
1791 4939 1823 4989 ad
1843 4944 1983 5005 oppositum

628 5020 682 5067 eJus
701 5020 836 5068 pervenire.
1295 5062 1297 5066 Ι

717 5075 791 5126 Nunc
810 5075 843 5123 sd
861 5079 946 5123 cetera
964 5088 1028 5138 qnae
1047 5076 1116 5137 cupis
1134 5074 1330 5138 respondendum
1350 5080 1395 5124 est
1434 5074 1498 5134 Quia
1517 5076 1583 5125 circa
1594 5077 1740 5141 principium
1759 5080 1857 5144 eclipsis
1875 5088 1906 5131 nt
1923 5083 1983 5134 scri·

627 5145 680 5204 bis,
708 5146 825 5197 videlicet
843 5158 865 5193 c.
884 5143 910 5194 is.
931 5142 997 5209 top,
1018 5148 1241 5200 antemeridianam
1266 5152 1377 5196 attactus
1395 5139 1422 5214 2)
1443 5143 1521 5207 etQ
1541 5146 1586 5195 tuis
1612 5149 1682 5212 qussi
1707 5151 1819 5216 praecise
1844 5154 1872 5210 iu
1891 5148 1981 5222 en)
