4584 6192
1070 610 1154 680 crae
1173 607 1226 663 XX
1762 607 1827 678 685
1904 593 1906 598 ’

424 792 429 813 '
470 786 630 869 quaDeus
645 793 742 863 totum
766 788 851 852 initio
874 789 1016 852 mundum
1031 795 1079 851 est
1093 790 1279 852 fabricatus:
1304 807 1358 851 seu
1380 787 1551 850 consistant
1565 787 1667 867 aliqua
1685 788 1828 852 coelestis

470 885 600 940 naturae
623 877 668 953 vi,
692 878 821 940 adeum
846 878 979 953 modum,
1005 897 1062 958 quo
1086 880 1115 941 in
1140 879 1211 941 hoc
1229 877 1384 941 sublunari
1407 884 1477 939 aere
1510 876 1679 940 consistunt
1700 878 1830 958 pingues

470 966 546 1029 illae
568 985 623 1029 seu
644 966 741 1029 mavis
764 967 866 1029 aridas
890 967 1117 1043 exhalationem
1141 986 1217 1048 quae
1241 966 1442 1047 conglobatae
1466 964 1495 1027 vi
1514 964 1644 1045 frigoris,
1668 966 1699 1029 in
1719 967 1828 1030 stellas

471 1055 676 1118 discurrentes
699 1063 922 1118 convertuntur.
931 1052 966 1128 *)
1825 1062 1829 1069 ’

563 1144 653 1206 Illam
683 1144 865 1206 sententiam
897 1145 1029 1225 theologi
1064 1145 1251 1226 potissimum
1283 1145 1521 1231 amplectuntur;
1558 1151 1590 1206 et
1621 1144 1757 1225 disputat
1789 1144 1828 1207 ad

470 1232 540 1311 ejus
563 1244 697 1295 tenorem
721 1233 834 1295 amicus
857 1253 942 1295 meus
955 1233 1111 1295 Fabricius
1136 1243 1168 1295 et
1186 1234 1251 1313 ipse
1271 1232 1440 1312 theologus,
1464 1232 1566 1311 itaque
1590 1231 1629 1293 ad
1648 1233 1828 1297 traditiones

470 1319 707 1402 ἀνωτιολογηιες
737 1321 932 1402 propensior,
965 1323 1043 1401 quod
1066 1322 1096 1383 in
1120 1322 1311 1400 astrologicis
1336 1322 1441 1402 utqui
1473 1321 1602 1382 maxime
1631 1321 1827 1386 demonstrat.

470 1411 503 1472 A
526 1428 585 1490 quo
608 1429 666 1472 non
699 1410 876 1490 indignante
900 1409 954 1472 sed
986 1410 1138 1489 gaudente
1162 1420 1194 1472 et
1221 1411 1441 1490 applaudente,
1476 1410 1611 1489 ultroque
1645 1419 1828 1491 provocante

470 1506 564 1579 atque
587 1497 665 1561 idem
683 1507 788 1561 contra
811 1499 949 1574 iaciente,
975 1500 1053 1561 sicut
1076 1499 1262 1561 creberrimis
1282 1500 1436 1561 literarum
1460 1497 1730 1579 permutationibus
1753 1500 1827 1561 sub-

470 1587 544 1648 inde
567 1587 727 1649 dissentire
759 1588 859 1662 soleo,
893 1588 938 1649 ita
966 1588 1050 1649 dabit
1082 1589 1154 1649 mihi
1185 1588 1322 1662 veniam,
1350 1588 1375 1649 si
1399 1586 1579 1650 sententiam
1612 1586 1689 1648 hanc
1721 1586 1826 1667 ipsius,

470 1695 551 1758 qnae
570 1695 638 1738 sese
653 1696 691 1737 ex
709 1677 822 1738 nostris
844 1675 973 1756 privatis
996 1677 1135 1756 epistolis
1155 1678 1184 1739 in
1200 1677 1348 1758 publicum
1366 1675 1521 1757 proripuit,
1546 1676 1650 1738 eodem
1669 1676 1828 1739 refutando

469 1783 646 1846 persequar.
690 1764 823 1826 Primum
856 1784 980 1826 exorsus
1009 1766 1059 1827 ille
1084 1787 1103 1826 a
1125 1765 1290 1846 theologis,
1322 1766 1467 1828 rationem
1500 1783 1601 1826 eorum
1629 1766 1666 1825 de
1695 1766 1828 1845 requiete
1919 1785 1923 1791 ’

469 1853 532 1915 Dei
554 1862 626 1933 post
648 1853 726 1913 diem
759 1854 919 1933 septimum
944 1853 1008 1933 ipse
1032 1874 1146 1935 qnoque
1171 1854 1351 1916 imbecillem
1380 1854 1499 1935 arguit;
1534 1862 1654 1916 secutus
1682 1853 1827 1915 hactenus

469 1961 607 2005 mearum
630 1942 783 2003 literarum
807 1942 885 2003 filum
905 1948 940 2013 (v.
966 1966 987 2001 a.
1009 1967 1035 2014 p.
1056 1948 1130 2014 too).
1178 1943 1230 2005 Sic
1254 1945 1331 2005 enim
1356 1962 1412 2023 ego
1435 1943 1503 2022 ipsi,
1527 1942 1729 2020 theologicam
1752 1943 1830 2006 hanc

470 2030 748 2112 interpellationem
763 2049 799 2091 es
815 2031 939 2092 aliorum
963 2032 1113 2092 sententia
1127 2034 1314 2112 proponenti,
1339 2032 1577 2113 respondebam:
1601 2039 1713 2093 metum
1731 2030 1828 2094 videri

471 2137 534 2182 non
558 2118 774 2192 necessarium,
807 2139 845 2180 ne
868 2119 966 2180 Deum
989 2120 1018 2180 iu
1043 2140 1150 2181 novum
1174 2120 1291 2182 scilicet
1313 2121 1445 2182 laborem
1470 2119 1677 2200 conjiciamus,
1711 2119 1735 2181 si
1760 2118 1830 2181 novi

471 2207 545 2291 quid
568 2217 661 2271 creet.
708 2208 804 2289 Atqui
829 2208 854 2268 si
878 2208 926 2270 vel
951 2229 969 2269 a
991 2208 1136 2288 principio
1161 2210 1330 2271 consistant
1352 2211 1413 2271 ista
1436 2228 1571 2289 corpora,
1596 2227 1705 2271 novum
1727 2216 1828 2271 tamen
1939 2215 1945 2226 ‘

470 2305 506 2360 et
528 2296 584 2359 hoc
608 2296 784 2385 latendum,
808 2298 885 2377 quod
909 2315 985 2375 quae
1006 2298 1075 2358 olim
1099 2297 1209 2360 lumine
1233 2299 1388 2373 carebant,
1408 2298 1473 2378 jam
1497 2297 1716 2360 illuminentur:
1741 2316 1828 2380 quam

471 2386 623 2448 actionem
648 2385 698 2465 qui
720 2385 787 2446 Deo
811 2385 1014 2460 transscribit,
1041 2395 1207 2449 creatorem
1230 2405 1284 2466 per
1313 2394 1377 2448 eam
1401 2385 1561 2449 constituit
1588 2386 1657 2449 novi
1690 2386 1827 2466 alicujus.

470 2473 555 2546 Quid
578 2474 680 2536 enim?
716 2473 867 2553 Numquid
891 2492 946 2535 sex
975 2475 1080 2536 diebus
1112 2475 1228 2537 creavit
1250 2476 1332 2537 Dens
1358 2475 1481 2539 Caelum
1505 2486 1536 2537 et
1558 2475 1707 2537 Terram?
1748 2474 1828 2546 Quid

470 2564 566 2644 igitur
587 2563 636 2624 die
658 2563 779 2642 primo?
802 2563 888 2626 Dixit
902 2562 994 2639 Deus,
1019 2564 1116 2645 inquit
1138 2563 1256 2625 divinus
1270 2563 1433 2644 Propheta,
1457 2565 1511 2625 liat
1525 2565 1596 2627 lux:
1622 2571 1713 2644 atque
1736 2565 1825 2645 hujus

473 2652 664 2714 institutione
687 2651 783 2712 linivit
805 2651 889 2713 Deus
912 2651 989 2713 diem
1011 2654 1146 2732 primum.
1194 2653 1299 2733 Itaque
1323 2653 1418 2715 lucem
1447 2654 1609 2732 producere
1640 2671 1743 2714 creare
1767 2662 1825 2716 est.

473 2740 544 2804 Nisi
567 2741 644 2803 torte
668 2741 764 2802 lucem
787 2759 845 2802 nou
870 2758 977 2802 novam
1009 2741 1091 2802 intus
1113 2742 1143 2802 in
1169 2741 1259 2803 stella
1291 2743 1422 2816 creavit,
1447 2741 1501 2803 sed
1529 2742 1771 2822 impedimentum
1794 2750 1827 2805 et

473 2829 677 2891 umbraculum
702 2825 855 2891 externum
878 2829 1030 2892 removit?
1063 2829 1159 2901 Quasi
1183 2849 1253 2891 vero
1277 2831 1334 2892 hoc
1357 2831 1422 2892 Deo
1445 2830 1540 2891 levius
1571 2832 1700 2892 fortasse
1725 2830 1825 2907 luerit,
1895 2837 1897 2841 '

473 2938 563 3000 quam
587 2936 689 2981 creare
722 2937 829 2979 novum
862 2918 991 2999 aliquid;
1024 2919 1187 2999 autquasi
1210 2919 1266 2980 hoc
1290 2939 1346 2980 non
1379 2918 1531 2999 pertineat
1554 2920 1592 2980 ad
1620 2918 1826 2982 creationem?

472 3009 554 3071 Nam
587 3006 656 3089 quid
689 3026 804 3068 rursum
826 3006 873 3068 die
897 3008 1027 3069 secundo
1060 3008 1176 3069 creavit
1198 3008 1304 3070 Deus?
1337 3009 1407 3089 quid
1440 3007 1522 3070 aliud
1550 3008 1607 3070 nisi
1637 3008 1715 3087 quod
1744 3009 1827 3072 facto

473 3098 660 3159 firmamento
693 3095 846 3175 separavit
879 3115 973 3176 aquas
1001 3097 1040 3157 ab
1072 3096 1183 3177 aquis?
1220 3097 1326 3177 Itaque
1359 3096 1438 3159 inter
1470 3096 1619 3159 secundae
1647 3095 1707 3159 diei
1735 3116 1827 3180 opera

472 3187 593 3248 inerunt
616 3192 647 3246 et
670 3184 739 3257 ista,
763 3186 923 3262 conjuncta
945 3204 1098 3264 separare,
1123 3185 1279 3247 obstantia
1301 3203 1464 3248 removere.
1512 3186 1586 3247 Tum
1611 3194 1713 3248 autem
1735 3186 1830 3269 polli-

471 3285 556 3337 cetur
579 3273 662 3335 Deus
686 3273 759 3351 ipse,
785 3293 886 3335 creare
910 3292 1017 3335 nouum
1042 3275 1157 3336 coelum
1181 3281 1212 3335 et
1242 3294 1350 3336 novam
1378 3284 1500 3337 terram.
1543 3275 1646 3358 Atque
1669 3276 1726 3337 hoc
1749 3276 1829 3338 inter

468 3363 648 3444 praecipuos
669 3360 862 3423 Christianae
891 3363 1044 3442 religionis
1068 3363 1210 3425 articulos
1233 3365 1362 3425 relatum
1387 3364 1512 3426 credunt
1531 3382 1635 3426 omnes
1659 3363 1828 3426 orthodoxi.

469 3452 580 3520 Adde,
609 3451 686 3531 quod
710 3450 798 3512 iidem
824 3452 867 3513 illi
890 3452 1036 3531 theologi,
1066 3452 1115 3534 qui
1138 3452 1204 3513 Deo
1237 3460 1421 3533 potestatem
1444 3452 1472 3513 in
1497 3453 1581 3514 coelo
1614 3453 1734 3515 creandi
1759 3452 1827 3514 novi

472 3539 585 3602 sideris
615 3539 817 3619 abrogarunt,
852 3550 1021 3619 agnoscunt
1050 3540 1256 3622 quotidianam
1291 3542 1425 3620 ejusdem
1457 3537 1600 3621 a‘sspyreas
1628 3541 1657 3602 in
1690 3540 1829 3603 creandis

471 3630 559 3693 novis
592 3627 761 3689 animabus.
815 3630 881 3690 Hoc
912 3648 968 3708 ego
999 3630 1034 3691 iis
1065 3631 1247 3709 objeceram,
1281 3629 1454 3712 quibuscum
1484 3638 1550 3693 erat
1577 3630 1647 3691 mihi
1679 3648 1738 3691 res.
1783 3630 1830 3691 At

470 3717 631 3782 Fabricius
661 3716 738 3778 idem
765 3717 909 3794 objiciens
933 3725 1067 3794 enervat,
1093 3719 1176 3780 litem
1196 3720 1232 3780 de
1257 3717 1414 3779 animabus
1433 3716 1461 3778 in
1477 3736 1623 3796 suspenso
1642 3717 1828 3799 relinquens;

472 3805 553 3888 quod
581 3824 706 3867 necesse
737 3824 795 3867 non
824 3814 892 3869 erat
921 3806 1024 3886 agenti
1056 3826 1121 3869 cum
1156 3816 1238 3869 certo
1271 3805 1454 3867 adversario.
1500 3804 1543 3867 Et
1565 3805 1711 3868 hactenns
1735 3806 1772 3867 de
1796 3824 1828 3868 rc

472 3895 543 3976 ipss
557 3895 636 3956 inter
649 3913 705 3955 nos
728 3912 903 3959 consensus.
940 3893 1053 3958 Statim
1072 3896 1142 3960 hinc
1160 3896 1323 3975 digressus,
1347 3893 1530 3957 sententiam
1549 3894 1694 3957 hactenns
1709 3912 1828 3974 oppug-

469 3992 576 4047 natam
600 3982 727 4062 suscipit
750 3985 981 4045 moderandam:
1014 3986 1132 4047 noviter
1156 3984 1273 4066 quidem
1299 3984 1397 4046 lucere
1422 3983 1482 4045 ista
1504 3983 1621 4052 sidera,
1654 3982 1829 4062 corporibus

469 4091 552 4136 nova
574 4091 633 4134 non
657 4090 734 4135 esse.
781 4072 913 4135 Primum
945 4074 1177 4135 astronomicam
1200 4080 1289 4154 putat
1321 4072 1509 4154 opinionem,
1543 4090 1669 4151 corpora
1698 4071 1828 4135 siderum

469 4162 577 4225 horum
601 4161 638 4221 de
662 4179 739 4222 novo
763 4161 903 4223 existere.
948 4161 1138 4241 Negaveram
1163 4163 1192 4224 in
1217 4162 1327 4236 literis,
1357 4161 1591 4223 astronomicum
1615 4179 1683 4223 esse
1707 4160 1827 4242 dogma,

469 4250 522 4332 qui
546 4249 673 4330 primum
706 4258 797 4330 atque
822 4250 974 4313 alumine
1007 4250 1202 4326 deseruntur,
1237 4250 1310 4313 nihil
1345 4250 1457 4312 habent
1489 4248 1637 4330 amplius,
1668 4251 1747 4332 quod
1778 4249 1828 4310 vel

468 4345 612 4403 statuant
634 4339 682 4401 vel
705 4340 846 4403 refutent.
894 4340 1051 4401 lucensem
1075 4358 1142 4402 esse
1166 4340 1265 4402 subito
1290 4340 1410 4402 stellam
1429 4338 1507 4400 banc
1529 4337 1657 4422 indeque
1679 4338 1828 4419 paulatim

469 4427 676 4503 exstinctam
709 4427 766 4490 hcc
797 4427 961 4491 astronomi
989 4427 1055 4491 visu
1079 4428 1175 4491 indic'e
1210 4431 1405 4492 confirmant:
1438 4435 1537 4490 utrum
1569 4436 1670 4491 antem
1703 4444 1831 4508 corpora

559 4663 589 4736 *)
609 4667 777 4723 Plutarchus
797 4671 831 4723 de
852 4667 964 4739 placitis
984 4668 1215 4739 Philosophorum
1236 4670 1283 4723 lib.
1307 4670 1355 4723 111.
1377 4684 1439 4737 cap.
1462 4668 1491 4722 2.

558 4749 817 4820 Pythagoraeorum
840 4748 950 4820 quidam
966 4757 1101 4804 cometam
1115 4755 1218 4820 putant
1231 4766 1293 4803 esse
1313 4748 1424 4802 stellam
1445 4765 1483 4802 ex
1496 4763 1592 4802 aarum
1612 4763 1733 4810 numero,
1755 4762 1828 4819 quse

465 4847 525 4887 non
547 4844 657 4899 semper
676 4826 832 4894 rideantur,
853 4831 902 4883 sed
923 4835 999 4884 stato
1020 4836 1144 4900 tempora
1166 4845 1219 4884 sua
1237 4827 1411 4883 revolutione
1432 4827 1605 4883 exoriantur.

561 4909 636 4963 Idem
656 4907 762 4962 Plinius
784 4918 813 4963 et
832 4909 1015 4973 Aristoteles,
1044 4910 1089 4981 qui
1110 4910 1161 4964 hos
1187 4910 1305 4972 refutat,
1327 4908 1399 4979 quod
1426 4906 1577 4973 dixissent,
1606 4914 1671 4961 tunc
1691 4921 1753 4961 curn
1773 4923 1829 4961 ncu

464 4989 618 5045 rideantur
637 4989 689 5042 sub
709 4989 802 5044 Solem
823 4989 926 5046 dusera.
961 4993 1002 5042 At
1021 4988 1110 5061 inquit
1129 4989 1186 5054 ille,
1208 4988 1287 5042 multi
1305 4984 1373 5046 cirea
1400 4988 1507 5050 doceor
1531 4984 1746 5060 ἠφανισθησαν,
1766 4985 1828 5042 locu

465 5085 558 5141 supra
578 5068 750 5123 horizontem
773 5067 929 5138 conspicuo.
957 5070 1038 5123 Hanc
1058 5068 1206 5142 pericopen
1220 5066 1326 5123 Plinius
1346 5066 1460 5122 ridicule
1481 5065 1627 5123 transtulit
1646 5066 1675 5121 in
1695 5079 1830 5121 occuurs

465 5149 542 5206 aceli
560 5154 644 5219 parte
664 5165 719 5203 ncn
739 5148 860 5219 conspici
880 5148 1018 5205 cometas.
