4584 6192
1004 526 1085 591 cipue
1103 526 1147 577 ru.
1169 521 1193 574 o.
1353 528 1354 531 ¹
1562 489 1569 502 '
1712 529 1776 593 2¹5

420 710 530 783 puncto
540 721 549 775 ;
583 721 643 781 qno
667 699 786 780 quidem
816 711 948 780 tempore
972 709 1044 781 post
1065 722 1179 782 paucas
1210 702 1300 762 horas
1329 709 1510 765 notaverunt
1537 705 1777 782 conjunctionem

418 790 504 854 Jovis
528 799 561 851 et
584 789 689 851 Lunae
714 789 743 850 in
768 788 807 851 2⁰
829 790 940 851 Tauri:
970 791 1096 870 nequis
1129 789 1327 862 existimaret,
1352 792 1492 868 neglecta
1523 792 1615 854 tuisse
1639 796 1677 856 ab
1700 795 1776 875 ipsis

420 880 533 943 dierum
561 879 753 960 noctiumque
777 878 865 957 justa
893 879 993 957 spatia
1023 881 1060 941 ob
1089 879 1248 941 continuas
1281 880 1432 941 tenebras.
1480 881 1523 942 Ut
1551 890 1651 943 antem
1680 884 1776 947 omnis

421 967 569 1033 dubitatio
602 967 743 1043 tollatur,
776 968 825 1029 die
856 965 907 1030 27.
932 967 1070 1031 Janrrarii
1102 975 1199 1029 totum
1228 967 1330 1029 Solem
1363 978 1468 1031 extare
1502 970 1648 1032 viderunt.
1693 973 1775 1053 Ergo

420 1056 471 1124 25.
494 1056 634 1122 tannarii
658 1065 793 1119 centrum
817 1056 874 1117 tuit
897 1064 1004 1119 ortum.
1051 1057 1127 1136 Ejus
1152 1058 1194 1118 rei
1222 1056 1422 1119 admiratione
1451 1058 1532 1137 capti
1556 1060 1642 1121 multi
1666 1062 1777 1124 multos

419 1147 535 1229 passim
558 1146 734 1209 consuluere
758 1145 999 1220 mathematicos,
1025 1165 1150 1226 qnorum
1174 1146 1226 1207 alii
1250 1145 1340 1216 aliud,
1365 1165 1420 1224 ego
1445 1148 1500 1209 hoc
1525 1149 1684 1229 respondi:
1711 1171 1777 1213 cum

420 1238 476 1300 lide
499 1237 594 1316 digna
617 1235 756 1297 videatur
778 1235 962 1297 Batavorum
995 1233 1141 1308 narratio,
1173 1254 1294 1296 cansam
1323 1254 1380 1296 non
1411 1256 1527 1297 omnem
1560 1238 1778 1317 conjiciendum

421 1324 642 1405 suspicionibus
674 1323 703 1385 in
738 1343 867 1386 errorem
900 1332 1059 1386 nautarum
1092 1324 1173 1385 circa
1204 1323 1394 1384 altitudinem
1428 1326 1489 1403 poli
1522 1326 1776 1407 investigandam,

420 1416 498 1496 qnod
521 1413 575 1476 alii
600 1412 763 1476 taciebant.
802 1414 880 1474 Nam
900 1413 926 1473 si
946 1413 1002 1474 hoc
1026 1413 1126 1473 nautis
1147 1413 1274 1485 adimas,
1299 1421 1332 1473 ut
1351 1412 1429 1473 intra
1445 1412 1483 1476 5⁰
1506 1418 1634 1495 (quanto
1659 1417 1776 1497 quidem

421 1507 482 1566 tere
505 1522 578 1564 arcu
602 1500 657 1564 Sol
681 1503 720 1563 ad
744 1502 856 1563 dictum
880 1502 959 1562 diem
983 1503 1062 1563 intra
1086 1502 1271 1562 horizontem
1300 1502 1396 1563 adhuc
1421 1510 1487 1563 erat
1511 1503 1540 1563 in
1564 1505 1607 1565 rei
1632 1506 1776 1578 veritate)

421 1592 491 1655 nihil
515 1591 591 1653 certi
611 1592 648 1652 de
672 1591 831 1653 altitudine
851 1591 912 1670 poli
936 1591 1048 1652 habere
1072 1590 1200 1671 possint,
1226 1590 1395 1652 nniversam
1410 1609 1486 1669 pene
1511 1593 1664 1672 nauticam
1689 1594 1777 1674 hujus

420 1681 513 1744 seculi
535 1679 701 1753 ei·erteris;
726 1699 821 1760 neque
845 1680 901 1741 hoc
926 1680 990 1741 sine
1016 1680 1220 1758 indignatione
1247 1680 1344 1740 terent
1368 1679 1411 1740 illi
1432 1680 1565 1742 Palinuri
1589 1682 1626 1742 de
1650 1704 1683 1744 sc
1708 1684 1775 1746 dici.

422 1772 599 1842 Praeterea,
633 1775 666 1830 ut
693 1768 785 1829 habet
816 1767 946 1848 ipsorum
980 1769 1129 1844 narratio,
1162 1768 1243 1829 Solis
1276 1768 1370 1829 centri
1405 1769 1560 1831 occubitus
1587 1771 1667 1832 inter
1691 1771 1721 1834 2.
1747 1781 1779 1833 et

421 1858 452 1922 3.
475 1857 661 1922 Novembris
683 1857 752 1919 huic
781 1859 844 1938 ejus
873 1858 990 1919 exortui
1020 1857 1138 1918 minime
1168 1856 1380 1935 respondebat.
1428 1857 1510 1936 Ergo
1534 1878 1591 1919 non
1615 1860 1645 1920 in
1670 1862 1778 1922 altitu-

421 1949 490 2009 dine
512 1947 575 2028 poli
597 1955 682 2008 totus
705 1947 763 2007 iste
795 1965 877 2008 error
906 1966 972 2008 esse
1002 1955 1114 2027 potest.
1161 1947 1238 2006 Erat
1266 1946 1313 2006 die
1338 1945 1369 2007 2.
1394 1946 1573 2008 Novembris
1599 1946 1639 2025 Θ
1665 1949 1693 2009 in
1724 1946 1780 2010 110

421 2033 474 2100 370
498 2047 549 2115 ill,
573 2055 639 2097 cum
664 2054 721 2096 non
747 2043 843 2097 totum
871 2035 1022 2109 viderunt,
1055 2036 1102 2096 dic
1128 2031 1158 2096 3.
1185 2035 1213 2095 in
1243 2032 1299 2095 120
1321 2031 1376 2096 380
1399 2045 1450 2111 tii,
1482 2036 1605 2096 ubivis
1633 2058 1779 2101 summum

422 2126 588 2204 marginem
611 2143 813 2203 conspexere,
838 2144 909 2201 ergo
934 2134 1068 2186 centrum
1094 2123 1203 2185 occidit
1226 2123 1254 2183 in
1283 2121 1341 2184 12⁰
1365 2121 1396 2185 70
1420 2134 1468 2200 tit,
1501 2124 1584 2202 cujus
1616 2127 1779 2188 declinatio

426 2212 482 2278 150
505 2213 570 2289 270,
596 2222 710 2293 quanta
734 2222 782 2274 est
804 2214 897 2274 etiam
912 2213 986 2284 Soli,
1010 2233 1076 2275 cum
1101 2212 1265 2290 ingreditur
1287 2230 1341 2291 per
1367 2209 1425 2273 170
1447 2209 1501 2274 530
1515 2230 1571 2287 coz,
1597 2215 1645 2275 die
1671 2212 1700 2277 6.
1718 2217 1777 2277 re-

422 2303 554 2377 bmarii,
585 2322 644 2364 non
675 2321 741 2363 cum
767 2300 805 2378 Θ
841 2303 868 2363 in
902 2301 941 2366 50
963 2300 1016 2365 280
1042 2319 1087 2361 m
1111 2299 1164 2363 25.
1189 2300 1336 2361 tannarii.
1384 2301 1429 2362 At
1460 2320 1555 2381 neque
1589 2305 1718 2366 natabat
1750 2305 1778 2365 in

422 2411 533 2456 oceano
559 2393 644 2454 locus
667 2410 720 2452 seu
744 2391 816 2452 litus
846 2391 936 2460 illud,
960 2391 990 2452 in
1015 2411 1072 2471 quo
1097 2390 1205 2470 glaciei
1229 2388 1356 2450 vinculis
1385 2389 1498 2468 captivi
1526 2393 1707 2454 tenebantur
1731 2395 1779 2463 (ut

423 2482 530 2545 Bodini
555 2479 711 2559 discipulis
735 2480 782 2541 hic
807 2481 1030 2559 respondeam),
1057 2488 1090 2541 nt
1112 2499 1166 2560 per
1189 2478 1351 2557 sexaginta
1374 2479 1515 2541 milliaria
1534 2502 1553 2541 a
1574 2482 1779 2560 septentrione

424 2573 452 2633 in
482 2577 621 2633 anstrum
652 2588 706 2649 per
739 2569 819 2630 illam
854 2570 1037 2631 trimestrem
1070 2577 1189 2629 noctem
1220 2567 1385 2629 transvecti
1418 2587 1484 2629 esse
1517 2571 1646 2647 possint.
1701 2571 1780 2633 Nam

423 2661 509 2740 paulo
533 2666 608 2738 post
630 2658 762 2737 repetita
785 2658 846 2737 poli
871 2659 1004 2738 adeoque
1029 2666 1061 2718 et
1085 2657 1165 2719 Solis
1190 2656 1332 2729 altitudo,
1358 2676 1474 2717 rursum
1498 2658 1647 2736 prioribus
1671 2660 1779 2721 obser-

423 2748 596 2811 vat-ionibus
618 2747 753 2826 proxime
778 2747 988 2827 respondebat.
1030 2747 1073 2807 Et
1096 2739 1265 2808 remeantes
1288 2745 1367 2806 idem
1392 2745 1449 2807 iter
1472 2756 1678 2827 peragrarunt,
1704 2749 1781 2829 quod

423 2845 566 2900 exeuntes
597 2837 801 2897 confecerant.
848 2836 1037 2917 Relinquitur
1068 2836 1176 2914 igitur,
1212 2843 1245 2895 ut
1273 2835 1339 2894 sola
1371 2835 1511 2896 retractio
1545 2838 1662 2915 culpam
1696 2838 1781 2916 hujus

423 2925 622 3007 phaenomeni
647 2925 799 2986 sustineat
823 2926 916 3004 (quod
939 2932 971 2985 et
989 2925 1157 3004 nuperrime
1182 2922 1326 2984 Miverius
1346 2922 1451 2997 sensit,
1478 2924 1578 2985 libello
1603 2926 1631 2986 in
1657 2923 1779 2987 Christ-

423 3034 561 3079 mannum
584 3013 723 3093 scripto).
741 3007 782 3085 00)
830 3014 872 3075 Ut
896 3021 996 3075 autem
1018 3033 1090 3075 vero
1115 3012 1221 3073 similis
1246 3020 1329 3072 esset
1353 3020 1415 3072 tam
1443 3013 1616 3091 prodigiosa
1640 3015 1780 3076 retractio

424 3113 471 3167 tot
490 3104 651 3184 graduum,
671 3102 749 3182 jussi
772 3103 897 3181 primum
922 3102 1031 3165 intueri
1055 3102 1085 3163 in
1104 3102 1180 3162 haec
1204 3101 1291 3162 modo
1316 3101 1451 3179 allegata
1474 3103 1780 3181 exemplaTnbingae

423 3206 454 3255 et
474 3191 625 3265 hassiae,
652 3192 701 3253 ubi
724 3192 936 3253 refractionem
961 3190 1176 3253 horizontalem
1209 3188 1368 3269 majorem,
1402 3190 1462 3251 illic
1487 3210 1559 3264 uno,
1594 3192 1640 3252 hic
1665 3179 1781 3253 duobus

424 3282 566 3363 gradibus
600 3290 745 3343 notavere
778 3288 916 3342 auctores
947 3282 1004 3342 fide
1038 3281 1129 3359 digni.
1187 3281 1266 3340 h'am
1299 3280 1357 3338 etsi
1396 3278 1478 3341 locus
1510 3280 1694 3342 Batavorum
1726 3280 1783 3341 tuit

424 3372 602 3445 maritimus,
628 3369 677 3431 nbi
693 3370 855 3432 secundum
878 3380 1016 3431 naturam
1031 3369 1163 3431 humoris
1187 3368 1399 3447 propemodum
1419 3369 1524 3429 eadem
1544 3369 1670 3430 altitudo
1691 3370 1781 3437 atris,

424 3480 498 3540 qnae
522 3467 555 3522 et
574 3460 603 3520 in
619 3458 728 3527 Deoia,
752 3459 852 3538 potuit
875 3467 976 3521 tamen
992 3460 1090 3520 altera
1113 3477 1280 3529 cansarum,
1306 3456 1442 3518 densitas
1461 3477 1567 3536 nempe
1587 3458 1667 3519 illius
1691 3459 1782 3530 aeris,

422 3550 565 3630 adjuvare
599 3548 818 3621 retractiones;
858 3549 964 3627 quodsi
1001 3567 1102 3609 verum
1139 3554 1202 3620 est,
1237 3546 1267 3606 in
1296 3545 1430 3607 tenebris
1462 3547 1640 3608 condensari
1670 3555 1780 3620 a'e'rem,

423 3641 487 3701 luce
511 3638 679 3712 extenuari,
705 3637 848 3698 tenebrae
873 3637 990 3716 quidem
1015 3637 1051 3697 iis
1072 3635 1144 3696 locis
1164 3654 1218 3713 pro
1243 3641 1330 3695 tanta
1354 3635 1534 3696 retractione
1550 3644 1601 3696 sat
1624 3635 1782 3697 diuturnae

423 3728 515 3801 tuere,
539 3727 632 3788 trium
655 3726 775 3788 circiter
798 3726 954 3787 mensium.
992 3724 1106 3787 Addidi
1131 3733 1162 3783 et
1184 3724 1263 3785 aliud
1288 3723 1522 3802 experimentum
1546 3723 1582 3784 de
1606 3724 1781 3785 nebularum

424 3814 630 3879 Gronlandiae
663 3815 777 3894 guttis,
810 3815 994 3876 incredibilis
1027 3815 1116 3894 plane
1148 3811 1382 3892 magnitudinis,
1415 3820 1448 3871 ut
1481 3819 1628 3873 testatum
1661 3812 1783 3892 reliquit

423 3905 524 3969 nescio
549 3905 627 3985 quis.
665 3903 721 3965 His
738 3904 767 3964 in
787 3905 961 3983 praesentia
985 3904 1158 3983 prinsquam
1178 3901 1289 3982 aliquid
1314 3901 1487 3980 adjungam,
1511 3900 1639 3979 primum
1663 3900 1779 3961 exami-

422 4004 508 4057 netur
531 3994 664 4074 ipsorum
689 3992 817 4054 altitudo
841 3992 914 4071 poli.
962 3991 1012 4055 Sit
1033 3992 1087 4052 EF
1115 3990 1253 4063 horizon,
1279 3988 1333 4051 CD
1357 3997 1517 4070 aequator,
1547 3989 1632 4067 cnjus
1654 3989 1716 4068 poli
1739 3990 1779 4064 A,

420 4082 457 4152 Β,
479 4084 527 4145 die
552 4077 614 4165 ²'l2
643 4081 824 4143 Novembris
848 4081 900 4143 Sol
925 4082 954 4142 in
978 4083 1003 4142 F
1031 4100 1096 4141 cum
1125 4078 1326 4140 declinatione
1497 4111 1551 4176 rig.
1571 4107 1614 4159 73,

419 4172 476 4233 DF
501 4169 561 4236 150
583 4169 648 4233 270.
695 4170 753 4232 Die
777 4166 830 4231 30.
856 4169 970 4250 Aprilis
1000 4188 1068 4230 vero
1093 4169 1134 4229 sit
1157 4167 1210 4229 Sol
1234 4168 1264 4228 in
1287 4167 1323 4241 Ε,

421 4262 543 4340 quodie
569 4259 721 4339 (intelligo
744 4255 784 4320 12
799 4259 880 4320 horis
900 4267 969 4319 anto
989 4258 1168 4331 meridiem),
1192 4256 1326 4318 referunt
1480 4255 1505 4302 Λ
1587 4284 1661 4340 --χ

421 4369 455 4411 se
477 4350 606 4430 primum
630 4347 735 4411 Solem
758 4355 854 4410 totum
878 4366 970 4426 supra
992 4346 1176 4408 horizontem
1199 4344 1323 4405 vidisse.
1426 4409 1436 4434 f
1664 4341 1681 4368 ⁸*

419 4438 499 4502 Erat
521 4438 551 4501 in
575 4434 681 4504 90200
701 4438 739 4512 ὅ,
763 4455 830 4498 cum
855 4436 1053 4498 declinatione
1082 4431 1141 4497 140
1160 4430 1223 4507 390,
1249 4453 1324 4513 quae
1416 4437 1426 4468 0

420 4537 471 4591 est
499 4525 572 4602 OE,
605 4526 750 4588 subtrahe
791 4522 841 4587 150
879 4525 1152 4596 semidiametrum,
1189 4541 1260 4599 ergo
1296 4522 1323 4582 in
1550 4543 1552 4548 ·

421 4617 622 4681 declinatione
655 4612 712 4677 140
739 4610 792 4676 240
826 4620 961 4675 centrum
995 4612 1075 4673 Solis
1108 4614 1137 4673 in
1171 4610 1323 4671 horizonte
1367 4473 1455 4878 ἢ

419 4725 490 4770 em
508 4706 617 4786 potuit.
655 4704 715 4765 na
733 4702 824 4781 igitur
842 4702 899 4763 An
919 4697 979 4766 75⁰
993 4697 1045 4764 36⁴
1066 4709 1097 4762 er
1114 4701 1170 4761 nr
1188 4697 1246 4761 15⁰
1259 4696 1324 4770 an,
1389 4702 1480 4794 ,s
1592 4738 1595 4748 .

420 4814 538 4860 summa
561 4792 669 4856 debuit
690 4810 757 4853 esse
779 4789 848 4866 90⁰,
874 4800 907 4852 at
930 4798 1053 4870 superat
1071 4784 1132 4854 90⁰
1155 4807 1208 4868 per
1231 4783 1322 4859 1⁰3¹,

420 4884 473 4964 qui
499 4892 548 4947 est
574 4880 723 4952 modulus,
736 4881 859 4960 junctae
892 4880 1045 4959 utriusque
1077 4875 1267 4939 retractionis
1294 4876 1323 4936 in
1457 4881 1560 4963 χ

420 4973 450 5034 E
472 4980 505 5036 et
525 4973 559 5035 F.
608 4969 690 5033 Sane
714 4988 803 5050 quam
826 4988 947 5049 parvus.
995 4966 1083 5037 Quod
1103 4966 1129 5028 si
1153 4963 1324 5027 observatio

417 5061 487 5142 jam
509 5062 599 5126 modo
632 5058 716 5121 dicta
742 5058 833 5120 tuerit
856 5059 903 5120 die
928 5055 980 5121 30.
1005 5055 1121 5137 Aprilis
1148 5052 1188 5117 12
1212 5053 1293 5114 horis
1315 5061 1386 5131 post
1413 5052 1581 5122 meridiem,
1610 5051 1705 5114 minor
1730 5050 1783 5114 trot
