4584 6192
1986 564 2152 631 caput
2182 566 2270 618 XI.
3360 565 3485 635 341

771 746 1061 827 regulam,
1111 762 1187 806 ne
1233 760 1372 805 sese
1419 742 1707 804 deserant
1750 741 1896 805 Sole
1943 741 2228 818 cadente3
2275 745 2641 826 fissurasque
2689 745 2999 826 utrobique
3047 745 3259 809 eodem
3304 754 3489 827 apta-

772 845 911 910 tas,
959 834 1276 914 ipsumque
1326 831 1684 910 quadratum
1729 832 2012 907 sublime,
2059 852 2135 894 ne
2181 834 2393 914 regula
2437 835 2731 914 depressa
2773 834 3119 915 pavimento
3166 843 3483 899 occurrat:

770 934 834 988 et
877 924 938 986 in
986 923 1171 1003 plano
1215 919 1544 983 horizontis
1569 963 1585 989 ,
1635 921 1791 1001 quod
1839 920 2196 983 columellae
2243 940 2575 1002 appensum
2623 924 3116 1003 perpendiculum
3160 924 3340 988 facile
3384 923 3487 988 in-

771 1012 1020 1077 dicabit.
1112 1010 1328 1091 Neque
1375 1027 1521 1070 sane
1570 1010 1929 1072 universalis
1977 1029 2115 1073 esse
2167 1020 2373 1091 potest
2416 1013 2567 1075 haec
2616 1013 2827 1084 forma,
2873 1012 2991 1076 nisi
3038 1019 3144 1075 aut
3189 1032 3266 1075 ex
3309 1019 3486 1077 tran-

769 1114 897 1167 stro
944 1111 1012 1163 et
1057 1099 1377 1162 columella
1412 1099 1519 1160 fiat
1559 1099 1916 1180 quadratum
1963 1100 2414 1179 geometricum,
2462 1109 2569 1164 aut
2615 1102 2851 1163 omnino
2892 1102 3194 1183 quadrans
3230 1102 3485 1165 adhibe-

771 1199 927 1255 atur.
1022 1188 1178 1252 Mihi
1223 1198 1428 1250 tamen
1476 1188 1555 1250 ad
1602 1189 1805 1250 subita
1851 1189 1976 1251 ista
2019 1197 2328 1251 structura
2374 1190 2632 1252 suffecit.

942 1280 1087 1343 Jam
1136 1278 1215 1339 ad
1261 1277 1556 1356 regulam,
1623 1278 1794 1357 cujus
1854 1287 1952 1340 est
2011 1277 2372 1358 praecipuus
2426 1280 2539 1342 hoc
2603 1281 2737 1342 loco
2782 1299 2949 1342 usus.
3044 1280 3111 1342 In
3161 1298 3236 1341 ea
3278 1280 3488 1360 itaque

771 1369 986 1433 metire
1033 1375 1264 1430 certum
1309 1366 1571 1445 spatium
1635 1366 2030 1444 longitudinis
2079 1387 2118 1427 a
2162 1369 2293 1430 loco
2350 1368 2782 1431 infibulationis
2838 1369 3148 1443 deorsum,
3212 1387 3287 1429 ne
3345 1370 3484 1449 plus

771 1478 947 1539 quam
1006 1465 1105 1519 est
1167 1455 1427 1517 altitudo
1493 1456 1877 1517 columellae:
1946 1456 2146 1536 ibique
2213 1475 2426 1518 crenas
2485 1458 2675 1520 facias
2722 1458 2783 1519 in
2831 1464 3082 1538 utraque
3144 1456 3485 1522 latitudinis

770 1545 1025 1627 planitie
1067 1543 1598 1625 perpendiculares
1646 1545 2038 1624 longitudini:
2091 1545 2147 1606 iu
2179 1546 2380 1625 capite
2411 1548 2676 1627 regulae,
2723 1546 2882 1628 quod
2910 1546 3029 1609 erit
3065 1563 3265 1626 supra,
3316 1553 3487 1609 trans

771 1655 987 1712 axem,
1033 1633 1406 1707 consimiles3
1466 1632 1707 1695 circiter
1759 1630 1840 1696 12
1886 1635 2072 1714 pedes
2120 1654 2371 1713 superas
2437 1637 2514 1698 ab
2569 1636 2778 1697 inferis
2835 1636 3155 1698 distantes.
3250 1634 3485 1697 Deinde

769 1726 945 1789 binas
990 1723 1258 1786 tabellas
1306 1741 1620 1802 compares
1688 1723 2006 1785 latitudine
2053 1722 2236 1804 palmi
2284 1734 2392 1787 aut
2434 1726 2616 1804 paulo
2662 1725 2827 1804 plus,
2878 1724 3282 1805 longitudine,
3332 1743 3485 1805 quae

772 1834 845 1876 ex
890 1813 1215 1875 latitudine
1264 1820 1328 1872 et
1364 1832 1472 1873 sua
1511 1821 1576 1872 et
1615 1811 1860 1891 regulae
1900 1820 2309 1891 componatur,
2361 1814 2655 1889 crassitie,
2704 1832 2858 1895 quae
2901 1815 2962 1877 in
3001 1814 3245 1893 regulae
3275 1832 3488 1876 crenas

774 1912 918 1983 apta
965 1903 1049 1963 sit
1099 1911 1370 1963 exemtas
1419 1902 1477 1961 in
1525 1900 1722 1961 medio
1772 1901 2109 1962 latitudinis
2156 1920 2232 1964 ex
2279 1902 2474 1964 altera
2511 1903 2902 1982 longitudinis
2947 1912 3141 1982 parte,
3190 1910 3259 1964 ut
3303 1903 3487 1964 fissu-

769 2011 964 2055 rarum
1014 1990 1273 2053 altitudo
1323 1988 1704 2051 latitudinem
1752 2000 1972 2071 aequet
2018 1989 2299 2070 regulae,
2352 1991 2576 2053 laxitas
2621 1992 2867 2071 regulae
2915 1992 3283 2065 crassitiem,
3333 2009 3485 2071 quae

773 2088 865 2143 est
907 2089 1057 2161 post
1100 2098 1315 2141 crenas
1363 2080 1594 2153 factas,
1656 2079 1897 2141 residua
1955 2079 2325 2141 admordeat.
2416 2081 2631 2161 Itaque
2681 2080 2944 2143 tabellae
2996 2081 3057 2143 in
3106 2099 3318 2143 crenas
3363 2081 3486 2142 im-

771 2170 992 2233 missae
1038 2178 1104 2231 et
1157 2168 1488 2247 parallelae
1539 2178 1717 2230 erunt
1763 2177 1826 2229 et
1872 2168 2399 2247 perpendiculares
2447 2170 2691 2249 regulae
2752 2169 2809 2230 in
2870 2171 3110 2249 longum
3166 2177 3229 2232 et
3274 2171 3484 2231 latum.

770 2261 1046 2321 Ducatur
1092 2258 1151 2320 in
1201 2265 1449 2337 utraque
1498 2257 1728 2319 tabella
1774 2257 1934 2318 linea
1979 2275 2087 2335 per
2134 2258 2585 2336 longitudinem,
2635 2277 3003 2338 consurgens
3050 2281 3088 2321 a
3131 2259 3326 2321 medio
3373 2259 3483 2320 fis-

774 2368 942 2412 surae
995 2356 1061 2409 et
1105 2346 1409 2408 crassitiei
1456 2347 1732 2425 regulae,
1781 2347 1952 2426 eique
2002 2347 2269 2407 bisectae
2315 2348 2377 2408 in
2423 2354 2646 2428 puncto
2694 2349 2983 2411 sectionis
3042 2348 3166 2409 alia
3220 2348 3489 2428 erigatur

771 2439 846 2500 ad
906 2435 1398 2517 perpendiculum
1478 2454 1585 2516 per
1666 2444 1862 2497 totam
1939 2435 2322 2498 latitudinem
2382 2436 2647 2498 tabellae
2694 2438 2895 2500 ducta.
2985 2436 3142 2499 Post
3183 2436 3242 2497 in
3291 2437 3492 2499 altera

770 2526 1020 2599 tabella,
1070 2544 1223 2606 quae
1272 2525 1546 2603 superior
1592 2525 1810 2599 futura,
1859 2532 2068 2603 partes
2115 2525 2366 2599 medias,
2416 2525 2478 2588 in
2526 2526 2737 2605 quibus
2779 2534 2912 2589 erat
2945 2535 3246 2589 rectarum
3275 2525 3486 2601 sectio,

770 2617 1040 2679 fenestra
1087 2614 1505 2693 quadrangula
1551 2614 1799 2675 duorum
1852 2613 2175 2692 digitorum
2224 2614 2543 2676 latitudine
2591 2616 2843 2690 eximas,
2906 2622 3193 2677 maneant
3237 2633 3379 2677 vero
3424 2614 3488 2676 in

769 2703 1038 2785 margine
1090 2703 1396 2764 fenestrae
1443 2703 1687 2763 residua
1732 2711 2050 2764 rectarum.
2121 2703 2187 2763 In
2237 2703 2461 2765 lamina
2505 2722 2648 2766 vero
2698 2723 2888 2766 aenea
2933 2704 3289 2767 tenuissima
3332 2704 3486 2767 bene

770 2793 1156 2875 complanata
1218 2810 1329 2853 nec
1389 2792 1725 2853 contumaci
1782 2792 1958 2852 binae
2008 2792 2200 2852 lineae
2249 2812 2387 2853 sese
2436 2801 2645 2855 secent
2692 2794 2770 2854 ad
2818 2802 3045 2856 rectos:
3113 2801 3178 2855 et
3222 2793 3488 2857 sectione

767 2890 973 2946 centro
1031 2880 1311 2944 circellus
1360 2880 1467 2942 fiat
1511 2881 1625 2959 pisi
1675 2880 2105 2960 magnitudine,
2155 2890 2221 2942 ut
2268 2882 2460 2944 minor
2496 2882 2578 2944 sit
2614 2883 2765 2946 haec
2795 2884 3088 2946 diameter
3132 2883 3212 2944 ad
3248 2882 3489 2945 distan-

766 2974 909 3035 tiam
961 2970 1342 3044 tabellarum,
1401 2990 1579 3050 quam
1626 2971 1904 3032 diametri
1949 2969 2325 3032 luminarium
2373 2971 2449 3032 ad
2497 2990 2641 3033 suas
2688 2971 3012 3035 distantias
3061 2969 3245 3052 (Cap.
3276 2973 3359 3045 ΙΙ,
3391 2967 3486 3047 6),

768 3061 1298 3142 pertundaturque,
1347 3068 1416 3120 ut
1463 3060 1734 3121 foramen
1785 3067 2064 3121 accurate
2113 3060 2402 3121 circulare
2451 3060 2532 3122 sit
2579 3062 2849 3141 interque
2898 3061 3257 3124 decussatae
3294 3061 3488 3124 lineas

772 3150 1063 3223 medium,
1128 3148 1386 3211 latitudo
1436 3149 1691 3211 laminae
1740 3149 1919 3228 paulo
1965 3149 2155 3227 major
2219 3149 2562 3212 fenestella.
2655 3151 2825 3212 Haec
2884 3152 3167 3231 affigatur
3221 3147 3489 3213 tabellae

773 3239 1134 3321 perforatae,
1187 3247 1253 3299 ut
1300 3238 1491 3299 lineae
1539 3238 1598 3299 in
1647 3239 1837 3299 lineas
1887 3238 2183 3317 quadrent
2231 3248 2293 3300 et
2342 3240 2608 3301 foramen
2653 3240 2715 3302 in
2761 3239 3091 3303 meditullio
3128 3239 3487 3303 fenestellae

775 3329 1198 3392 constituatur.
1290 3328 1362 3390 In
1412 3328 1608 3388 altera
1654 3327 1912 3399 tabella,
1963 3346 2114 3406 quae
2163 3327 2365 3390 futura
2412 3335 2509 3390 est
2552 3329 2798 3391 inferior
2845 3339 2906 3391 et
2949 3330 3201 3410 planitie
3248 3343 3485 3394 sursum

778 3437 977 3493 versa,
1030 3436 1106 3478 ex
1155 3424 1364 3478 centro
1411 3418 1678 3478 sectione
1725 3417 2016 3479 linearum
2065 3416 2337 3478 describe
2370 3417 2671 3496 circulum,
2724 3427 3011 3500 quantum
3057 3418 3178 3483 fert
3221 3418 3481 3484 latitudo

1994 3609 2103 3675 Fig.
2147 3606 2263 3658 106.
