4584 6192
1002 577 1106 628 l-Xss·
1180 638 1182 644 .
1668 577 1734 644 529

466 748 523 812 Hic
555 751 647 830 igitur
678 772 716 813 ex
752 755 944 834 proportione
975 754 1028 815 BE
1066 753 1235 816 altitudinis
1267 756 1305 816 ad
1339 755 1396 817 ΕΗ
1432 756 1566 818 umbram
1604 755 1733 820 habetur

377 839 540 901 declinatio
565 840 646 902 Solis
670 863 688 902 a
712 843 824 903 vertice
848 843 983 922 planitiei
1002 845 1070 904 BA.
1109 845 1188 904 Nam
1213 851 1245 905 ut
1258 845 1312 905 BE
1336 846 1374 905 ad
1394 845 1452 906 ΕΠ
1475 845 1519 907 sic
1542 846 1626 907 sinus
1650 854 1733 909 totus

377 929 417 989 ad
441 937 615 1007 tangentem
640 931 803 992 distantiae
828 932 908 993 Solis
932 933 1086 994 avertice
1110 933 1192 1012 plani
1216 933 1293 994 BA:
1319 933 1348 993 id
1372 941 1421 995 est
1444 934 1545 1013 auguli
1570 934 1663 998 ΕΒΗ.

466 1015 525 1087 Qui
550 1038 620 1079 vero
644 1021 720 1081 radii
746 1020 826 1082 Solis
851 1022 963 1082 cadunt
990 1022 1069 1082 iuter
1092 1022 1152 1082 ΜΒ
1177 1030 1209 1082 ct
1232 1022 1304 1096 LD,
1334 1021 1355 1082 ii
1379 1022 1407 1083 iu
1433 1022 1602 1084 densiorem
1631 1025 1732 1104 pellu-

376 1105 476 1168 cidam
503 1108 688 1186 superficiem
717 1109 774 1171 BA
804 1110 968 1171 incidentes
1002 1110 1201 1190 refringantur
1229 1129 1334 1171 versus
1367 1111 1643 1190 perpendicularem
1666 1114 1731 1189 ΒΕ,

377 1196 476 1256 etsie
501 1197 561 1256 ΜΒ
586 1197 766 1277 refringatur
790 1199 818 1259 iu
843 1198 901 1259 BG
926 1209 957 1259 et
980 1199 1035 1261 LD
1059 1199 1087 1259 in
1112 1201 1166 1261 Dl.
1205 1200 1245 1260 Et
1269 1200 1324 1259 BD
1349 1206 1433 1260 trans
1458 1201 1635 1282 crystallum
1657 1220 1731 1282 pro·

372 1284 461 1364 jiciet
484 1286 618 1346 umbram
643 1286 671 1347 iu
698 1286 742 1348 Gl
765 1287 941 1349 breviorem.
989 1288 1106 1349 Poterit
1135 1296 1234 1349 autom
1265 1288 1358 1349 oculis
1382 1288 1481 1349 notari
1500 1290 1680 1367 quantitas,
1705 1291 1731 1353 si

377 1373 460 1451 prius
484 1374 592 1435 fundus
616 1375 714 1455 capuli
739 1376 853 1437 divisus
878 1378 968 1437 fuerit
991 1385 1162 1438 atramento
1184 1378 1212 1438 iu
1229 1384 1332 1456 partes
1356 1385 1467 1438 certas.
1511 1377 1589 1439 Nam
1614 1397 1731 1459 corpus,

379 1462 457 1542 quod
483 1463 604 1524 fundum
627 1465 716 1543 tegit,
741 1473 788 1525 est
811 1466 1002 1543 pellucidum.

465 1551 596 1613 Rursum
628 1553 738 1631 igitur,
772 1560 805 1614 ut
828 1554 882 1614 ΒΕ
915 1555 1045 1615 altitudo
1074 1555 1113 1615 ad
1136 1551 1195 1614 EG
1224 1553 1359 1615 umbram
1392 1552 1434 1614 sic
1468 1553 1550 1614 sinus
1584 1561 1667 1616 totus
1691 1556 1730 1617 ad

375 1646 552 1720 tangentem
576 1642 676 1720 anguli
699 1641 795 1703 EBG.
843 1641 1007 1703 Subtracto
1032 1650 1129 1706 autem
1155 1641 1241 1703 EBG
1264 1643 1311 1703 lric
1339 1643 1461 1703 invento
1485 1641 1522 1702 ab
1541 1641 1626 1704 ΕΒΗ
1649 1644 1732 1723 prius
1765 1677 1767 1682 ·

377 1729 508 1803 invento,
532 1737 631 1791 restat
655 1729 742 1791 GBH
770 1731 925 1810 quantitas
954 1732 1056 1811 anguli
1086 1731 1255 1794 refractorii
1280 1732 1309 1793 in
1334 1731 1391 1791 hac
1418 1730 1612 1792 inclinatione
1636 1732 1730 1794 ΕΒΗ.

466 1819 506 1879 V.
553 1819 756 1908 Problema.
799 1820 1011 1882 Retractiones
1035 1820 1260 1883 inclinationum
1285 1820 1430 1899 ruajomm
1450 1826 1482 1880 et
1505 1819 1593 1881 sirnul
1616 1820 1732 1900 priores
1777 1847 1780 1854 ·

377 1907 439 1968 alia
460 1906 511 1967 via
534 1908 717 1969 commodius
741 1910 879 1988 probare.

464 1996 535 2056 Fiat
559 2016 596 2057 ex
619 1997 731 2058 lamina
752 1998 904 2077 pellucida
933 1998 1010 2058 satis
1043 2016 1163 2073 crassa,
1193 2003 1297 2074 utpote
1331 1995 1445 2057 dimidii
1474 1995 1559 2076 digiti
1585 1995 1732 2058 crassitu-

376 2084 465 2153 dine,
499 2104 606 2164 eorpus
640 2086 872 2167 cylindraceum.
919 2087 955 2148 Id
985 2087 1027 2147 sit
1059 2085 1119 2146 AG
1129 2105 1138 2160 ;
1173 2085 1343 2146 crassitudo
1373 2086 1437 2146 FA.
1537 2137 1590 2202 sig.
1611 2135 1635 2187 ³.

374 2174 550 2235 Perforetnr
572 2175 685 2235 lamina
708 2176 869 2236 secuudum
894 2176 1014 2236 ductum
1039 2174 1176 2236 diametri
1201 2173 1316 2246 circuli,
1342 2181 1375 2234 ut
1399 2174 1440 2235 sit
1538 2231 1540 2236 .

374 2263 431 2324 ΡΑ
456 2264 589 2324 foramen
615 2264 734 2344 longum
758 2284 812 2343 per
836 2264 860 2326 C
885 2271 1019 2326 centrum
1042 2264 1070 2324 iu
1097 2263 1126 2324 G
1156 2263 1271 2335 exieus,
1297 2271 1349 2323 aut
1374 2263 1438 2324 loco
1594 2257 1606 2266 ”

376 2352 531 2413 foraminis
555 2353 659 2431 regula
682 2372 772 2431 super
795 2354 983 2434 cylindruceo
1003 2354 1113 2432 ligatur
1136 2352 1297 2414 secundum
1317 2352 1438 2413 ductum
1507 2250 1657 2443 ,fu

374 2438 480 2516 ACG,
514 2440 641 2520 dioptris
671 2461 765 2521 aeque
799 2443 870 2503 altis
897 2442 926 2503 in
950 2443 981 2503 A
1005 2451 1036 2502 et
1060 2440 1100 2503 G.
1146 2440 1308 2502 Dividatur
1331 2439 1439 2501 limbus
1509 2294 1562 2653 ἐξ
1620 2445 1628 2461 ·
1682 2288 1738 2622 {gi

374 2529 530 2591 circularis
554 2529 582 2591 iu
607 2538 711 2609 partes
736 2526 810 2605 360,
835 2531 920 2591 initio
945 2532 1026 2591 facto
1051 2532 1088 2591 ab
1103 2531 1141 2604 E,
1165 2537 1198 2591 ut
1217 2528 1274 2589 ΑΒ
1298 2529 1338 2591 sit
1361 2548 1438 2609 qua·
1471 2561 1474 2574 ·

373 2618 477 2680 draus.
516 2619 670 2696 Dirigatur
694 2626 794 2680 autern
819 2621 950 2681 foramen
975 2620 1022 2680 vel
1048 2620 1167 2698 dioptra
1185 2616 1248 2679 AG
1271 2617 1300 2678 in
1325 2616 1436 2693 Solem,

374 2715 407 2768 et
430 2708 472 2768 sit
496 2708 546 2769 lux
569 2707 650 2769 Solis
678 2727 731 2786 per
755 2711 784 2769 A
808 2709 946 2788 ingressa
975 2709 1054 2769 ultra
1078 2707 1108 2769 G
1131 2707 1271 2788 opposito
1296 2706 1325 2767 iu
1355 2707 1421 2768 loco
1444 2710 1494 2771 uel
1517 2711 1633 2791 pariete
1658 2730 1733 2774 cou-

1496 2600 1518 2649 u

375 2795 491 2876 spicua.
545 2795 620 2858 Cum
655 2797 746 2876 igitur
782 2797 987 2858 semicirculus
1019 2805 1101 2857 totus
1133 2817 1193 2857 uua
1230 2795 1295 2856 vice
1331 2795 1532 2874 illuminetur,
1566 2801 1734 2879 quadrante

372 2884 513 2964 utrinque
534 2885 571 2945 ab
592 2885 620 2946 A
639 2895 806 2965 porrectus,
830 2894 927 2966 patet,
948 2888 1025 2965 quod
1047 2886 1137 2946 ducta
1161 2884 1336 2962 contingens
1354 2886 1449 2965 ipsam
1476 2888 1600 2969 cylindri
1626 2909 1733 2975 super-

372 2973 470 3034 ficiem
495 2973 522 3033 iu
546 2973 591 3045 E,
625 2993 701 3054 quae
734 2976 775 3035 sit
798 2975 872 3049 DE,
906 2975 1054 3053 parallelo
1084 2974 1125 3034 sit
1156 2975 1193 3035 ad
1219 2971 1280 3033 AG
1314 2981 1345 3033 et
1375 2976 1418 3036 sic
1448 2996 1484 3036 ex
1513 2975 1585 3038 Sole
1619 2977 1732 3047 veniat,
1799 3043 1802 3050 ,

372 3071 528 3123 extremus
552 3063 653 3124 radius
678 3064 812 3125 existens
838 3083 949 3136 eorum,
974 3063 1076 3143 quiin
1101 3062 1228 3145 cylindri
1252 3062 1469 3126 semicirculum
1494 3064 1638 3128 incidunt.

465 3153 572 3231 Itaque
597 3152 766 3214 circumduc
797 3154 907 3234 stylum
940 3171 1065 3233 opacum
1095 3171 1185 3232 super
1215 3150 1405 3231 cylindracea
1435 3155 1590 3233 superficie
1615 3155 1653 3216 ab
1677 3153 1734 3216 AF

373 3259 468 3321 osque
494 3240 521 3300 iu
545 3241 591 3315 Ε,
625 3251 656 3301 et
687 3242 815 3303 observa
839 3241 887 3302 ubi
919 3242 1011 3302 cadat
1040 3241 1106 3320 ejus
1136 3240 1242 3302 umbra
1265 3240 1293 3299 iu
1319 3242 1457 3323 opposito
1490 3243 1625 3322 margine
1653 3243 1734 3305 circa

372 3337 480 3408 partes
505 3328 571 3391 ΟΒ.
612 3329 688 3391 Esto
713 3339 747 3391 ut
769 3350 835 3391 curu
861 3330 888 3391 iu
909 3331 935 3391 Ε
958 3329 1080 3409 ponitur
1103 3330 1209 3391 umbra
1232 3329 1324 3389 cadat
1347 3330 1376 3390 iu
1400 3331 1436 3392 B.
1477 3331 1638 3393 Dimidium
1663 3349 1734 3412 ergo

360 3417 634 3479 *circumferentiae
652 3419 705 3479 ΕΒ
731 3420 854 3481 metitur
878 3420 1021 3499 angulum
1045 3418 1235 3480 retractionis
1259 3417 1335 3480 radii
1354 3418 1420 3494 DE,
1446 3421 1494 3500 qui
1519 3420 1613 3482 habet
1635 3421 1733 3482 decli-

371 3506 529 3568 nationem
561 3508 723 3569 maximam
749 3529 767 3568 a
795 3509 925 3583 vertice,
960 3509 1069 3590 quippe
1099 3509 1201 3588 tangit
1234 3508 1370 3588 crystalli
1402 3508 1595 3591 cylindricam
1626 3528 1734 3590 snper-

372 3595 471 3657 ficiem
494 3596 524 3657 in
548 3596 585 3657 E.
1645 3605 1654 3622 ⁸

464 3685 520 3744 Vl.
566 3686 732 3747 Axioma.
781 3683 927 3767 Crystalli
950 3691 981 3745 et
1008 3684 1079 3746 vitri
1108 3684 1306 3745 refractiones
1330 3690 1402 3744 suut
1430 3684 1565 3764 proxime
1595 3684 1731 3745 eaedem.

463 3773 536 3834 Vll.
583 3774 750 3835 Axioma.
798 3772 943 3856 Crystalli
977 3773 1173 3835 retractiones
1205 3771 1363 3852 usquead
1391 3773 1573 3834 tricesimum
1602 3772 1731 3860 inclina-¹

372 3862 465 3923 tionis
495 3870 566 3922 sunt
590 3864 627 3924 ad
660 3881 779 3923 sensum
803 3862 1044 3942 proportionales
1067 3860 1321 3924 inclinationibus.

462 3951 553 4012 Vlll.
609 3952 773 4013 Axioma.
827 3952 965 4030 Angelus
1002 3952 1193 4013 retractionis
1229 3950 1259 4010 in
1297 3949 1442 4032 crystallo
1479 3956 1527 4010 est
1561 3967 1656 4030 usque
1690 3949 1730 4011 ad

371 4039 487 4100 dictum
513 4040 670 4101 terminum
696 4059 782 4119 quam
807 4042 941 4120 proxime
965 4040 1058 4101 tertia
1080 4059 1152 4119 pars
1176 4039 1378 4102 inclinationis
1403 4038 1431 4099 in
1456 4045 1536 4100 altre.

463 4129 519 4189 lX.
566 4129 728 4191 Axioma.
777 4129 933 4191 Retractio
957 4130 1092 4209 crystalli
1118 4129 1249 4190 rrraxima
1272 4137 1320 4189 est
1343 4127 1462 4189 circiter
1485 4123 1555 4190 48⁰.

462 4216 502 4277 X.
540 4218 699 4279 Axioma
723 4217 906 4298 Opticum.
945 4218 1103 4279 Inclinatio
1121 4226 1264 4279 causatur
1281 4217 1502 4290 refractionem,
1529 4224 1561 4276 et
1580 4214 1732 4278 radiorum

371 4305 402 4366 iu
429 4306 535 4367 eodem
564 4306 662 4367 medio
691 4306 922 4368 constitutorum
954 4307 1166 4368 inclinationes
1198 4307 1341 4386 aequales
1374 4313 1536 4367 causantur
1559 4311 1591 4366 ct
1614 4305 1732 4367 refrac-

370 4395 473 4455 tiones
492 4414 547 4455 seu
567 4396 778 4457 refractionum
804 4396 931 4474 angulos
946 4397 1097 4475 aequales,
1122 4396 1277 4458 inclinatio
1293 4395 1389 4474 major
1410 4395 1500 4455 etiam
1522 4393 1733 4456 refractionem

371 4484 535 4564 majorem;
561 4485 643 4546 nulla
667 4485 796 4545 nullam:
823 4486 878 4545 hoc
902 4496 959 4554 est,
983 4485 1238 4565 perpendicularis
1261 4503 1318 4545 non
1343 4484 1525 4564 refringitur.

460 4572 518 4633 XI.
556 4573 710 4635 Axioma
734 4572 912 4653 Opticum.
950 4573 1040 4634 Radii
1066 4595 1085 4634 a
1108 4573 1237 4634 diversis
1259 4572 1380 4652 punctis
1405 4571 1574 4635 lucentibus
1597 4571 1626 4632 iu
1650 4569 1731 4632 idem

370 4661 541 4742 superficiei
566 4661 715 4724 densioris
732 4671 875 4742 puuctum
895 4663 1060 4724 incidentes
1080 4683 1112 4723 se
1131 4670 1234 4724 ruutuo
1254 4670 1371 4736 secant,
1397 4670 1429 4721 et
1445 4659 1638 4723 incidentium
1654 4659 1730 4720 situs

369 4757 563 4830 permutatur
585 4751 615 4812 in
637 4752 796 4826 refractis;
820 4771 878 4812 nou
903 4752 1000 4813 minus
1022 4751 1102 4812 acsi
1127 4751 1222 4813 sectio
1246 4749 1434 4830 contingeret
1453 4750 1517 4811 siue
1537 4747 1728 4811 refractione.

461 4842 602 4897 Probatur
622 4843 649 4897 in
672 4843 735 4914 Opt.
757 4860 807 4914 per
827 4842 864 4896 X.
888 4840 967 4912 (Cap.
988 4843 1023 4896 V.
1045 4843 1079 4897 N.
1102 4841 1128 4896 3.
1151 4860 1229 4913 prop.
1250 4840 1329 4910 ΧΠ.)

459 4929 533 4992 XIl.
581 4930 803 5010 Propositio.
849 4932 1062 4994 Retractiones
1092 4931 1240 5012 exquisite
1271 4927 1443 5010 pensitatae
1471 4946 1530 4990 nou
1558 4932 1630 4990 suut
1655 4944 1730 5006 pro-

369 5019 560 5100 portionales
583 5019 825 5083 inclinationibus
849 5022 879 5083 iu
904 5028 986 5083 aere.

442 5123 616 5174 topiariorum
632 5126 660 5166 Π.
1483 5117 1518 5171 34
