<?xml version="1.0" encoding="UTF-8"?>
<!DOCTYPE html PUBLIC "-//W3C//DTD XHTML 1.0 Transitional//EN"
    "http://www.w3.org/TR/xhtml1/DTD/xhtml1-transitional.dtd">
<html xmlns="http://www.w3.org/1999/xhtml" xml:lang="en" lang="en">
 <head>
  <title>
</title>
<meta http-equiv="Content-Type" content="text/html;charset=utf-8" />
  <meta name='ocr-system' content='tesseract 3.04.00' />
  <meta name='ocr-capabilities' content='ocr_page ocr_carea ocr_par ocr_line ocrx_word'/>
</head>
<body>
  <div class='ocr_page' id='page_1' title='image "./joanniskepleria02frisgoog_0233.png"; bbox 0 0 4584 6192; ppageno 0'>
   <div class='ocr_carea' id='block_1_1' title="bbox 565 600 1453 671">
    <p class='ocr_par' dir='ltr' id='par_1_1' title="bbox 565 600 1453 671">
     <span class='ocr_line' id='line_1_1' title="bbox 565 600 1453 671; baseline -0.015 -4"><span class='ocrx_word' id='word_1_1' title='bbox 565 600 631 667; x_wconf 77' lang='lat'>220</span> <span class='ocrx_word' id='word_1_2' title='bbox 1034 605 1223 671; x_wconf 64' lang='grc'>1001100001</span> <span class='ocrx_word' id='word_1_3' title='bbox 1240 607 1266 655; x_wconf 71' lang='lat' dir='ltr'>ru</span> <span class='ocrx_word' id='word_1_4' title='bbox 1284 605 1453 656; x_wconf 61' lang='lat' dir='ltr'>ventuosam.</span> 
     </span>
    </p>
   </div>
   <div class='ocr_carea' id='block_1_2' title="bbox 563 745 1917 863">
    <p class='ocr_par' dir='ltr' id='par_1_2' title="bbox 563 745 1917 863">
     <span class='ocr_line' id='line_1_2' title="bbox 563 745 1917 863; baseline -0.001 -20"><span class='ocrx_word' id='word_1_5' title='bbox 563 783 676 844; x_wconf 91' lang='lat' dir='ltr'>tionum</span> <span class='ocrx_word' id='word_1_6' title='bbox 700 789 853 844; x_wconf 86' lang='lat' dir='ltr'>rntrrcatro</span> <span class='ocrx_word' id='word_1_7' title='bbox 886 802 915 843; x_wconf 86' lang='lat' dir='ltr'>ru</span> <span class='ocrx_word' id='word_1_8' title='bbox 940 745 1033 843; x_wconf 65' lang='lat' dir='ltr'>caiusa</span> <span class='ocrx_word' id='word_1_9' title='bbox 1056 783 1106 855; x_wconf 81' lang='lat' dir='ltr'>sit,</span> <span class='ocrx_word' id='word_1_10' title='bbox 1135 803 1187 845; x_wconf 92' lang='lat' dir='ltr'>cur</span> <span class='ocrx_word' id='word_1_11' title='bbox 1210 782 1400 863; x_wconf 78' lang='lat' dir='ltr'><strong>Hipparchus</strong></span> <span class='ocrx_word' id='word_1_12' title='bbox 1428 783 1499 844; x_wconf 89' lang='lat' dir='ltr'>olim</span> <span class='ocrx_word' id='word_1_13' title='bbox 1532 782 1677 862; x_wconf 87' lang='lat' dir='ltr'>majorem</span> <span class='ocrx_word' id='word_1_14' title='bbox 1701 779 1783 843; x_wconf 87' lang='lat' dir='ltr'>Solis</span> <span class='ocrx_word' id='word_1_15' title='bbox 1806 799 1917 841; x_wconf 89' lang='lat' dir='ltr'>eccen-</span> 
     </span>
    </p>
   </div>
   <div class='ocr_carea' id='block_1_3' title="bbox 563 870 1916 953">
    <p class='ocr_par' dir='ltr' id='par_1_3' title="bbox 563 870 1916 953">
     <span class='ocr_line' id='line_1_3' title="bbox 563 870 1916 953; baseline -0.001 -22"><span class='ocrx_word' id='word_1_16' title='bbox 563 870 728 933; x_wconf 89' lang='lat' dir='ltr'>tricitatem</span> <span class='ocrx_word' id='word_1_17' title='bbox 753 872 910 944; x_wconf 92' lang='lat' dir='ltr'>invenerit,</span> <span class='ocrx_word' id='word_1_18' title='bbox 935 891 1022 950; x_wconf 91' lang='lat' dir='ltr'>quam</span> <span class='ocrx_word' id='word_1_19' title='bbox 1047 872 1134 932; x_wconf 91' lang='lat' dir='ltr'>hodie</span> <span class='ocrx_word' id='word_1_20' title='bbox 1159 873 1261 953; x_wconf 86' lang='lat' dir='ltr'>Tycho</span> <span class='ocrx_word' id='word_1_21' title='bbox 1284 880 1316 933; x_wconf 91' lang='grc'>01</span> <span class='ocrx_word' id='word_1_22' title='bbox 1339 879 1409 933; x_wconf 88' lang='grc'>0010</span> <span class='ocrx_word' id='word_1_23' title='bbox 1433 872 1623 950; x_wconf 88' lang='lat' dir='ltr'>octingentos</span> <span class='ocrx_word' id='word_1_24' title='bbox 1648 889 1743 932; x_wconf 90' lang='lat' dir='ltr'>annos</span> <span class='ocrx_word' id='word_1_25' title='bbox 1761 870 1916 948; x_wconf 88' lang='lat' dir='ltr'>Albateg·</span> 
     </span>
    </p>
   </div>
   <div class='ocr_carea' id='block_1_4' title="bbox 473 956 1917 1038">
    <p class='ocr_par' dir='ltr' id='par_1_4' title="bbox 473 956 1917 1038">
     <span class='ocr_line' id='line_1_4' title="bbox 473 956 1917 1038; baseline -0.001 -17"><span class='ocrx_word' id='word_1_26' title='bbox 473 956 482 978; x_wconf 63' lang='lat'><strong>⁸</strong></span> <span class='ocrx_word' id='word_1_27' title='bbox 562 960 650 1021; x_wconf 89' lang='lat' dir='ltr'>nius:</span> <span class='ocrx_word' id='word_1_28' title='bbox 688 960 881 1021; x_wconf 84' lang='lat' dir='ltr'>Ptolemaeus</span> <span class='ocrx_word' id='word_1_29' title='bbox 915 978 984 1019; x_wconf 90' lang='lat' dir='ltr'>vero</span> <span class='ocrx_word' id='word_1_30' title='bbox 1017 960 1045 1020; x_wconf 91' lang='lat' dir='ltr'>in</span> <span class='ocrx_word' id='word_1_31' title='bbox 1080 980 1111 1021; x_wconf 89' lang='lat' dir='ltr'>re</span> <span class='ocrx_word' id='word_1_32' title='bbox 1142 969 1204 1022; x_wconf 91' lang='lat' dir='ltr'>tam</span> <span class='ocrx_word' id='word_1_33' title='bbox 1238 961 1341 1023; x_wconf 90' lang='lat' dir='ltr'>subtili</span> <span class='ocrx_word' id='word_1_34' title='bbox 1376 980 1447 1022; x_wconf 86' lang='lat' dir='ltr'>suas</span> <span class='ocrx_word' id='word_1_35' title='bbox 1486 960 1715 1021; x_wconf 89' lang='lat' dir='ltr'>observationes</span> <span class='ocrx_word' id='word_1_36' title='bbox 1747 957 1917 1038; x_wconf 79' lang='lat' dir='ltr'>Hipparchi</span> 
     </span>
    </p>
   </div>
   <div class='ocr_carea' id='block_1_5' title="bbox 487 1047 1917 3173">
    <p class='ocr_par' dir='ltr' id='par_1_5' title="bbox 487 1047 1917 3173">
     <span class='ocr_line' id='line_1_5' title="bbox 563 1047 1917 1128; baseline -0.001 -18"><span class='ocrx_word' id='word_1_37' title='bbox 563 1048 869 1110; x_wconf 80' lang='lat' dir='ltr'><strong>demonstrationibus</strong></span> <span class='ocrx_word' id='word_1_38' title='bbox 893 1051 982 1128; x_wconf 89' lang='lat' dir='ltr'>(quas</span> <span class='ocrx_word' id='word_1_39' title='bbox 1005 1049 1094 1128; x_wconf 85' lang='lat' dir='ltr'>plane</span> <span class='ocrx_word' id='word_1_40' title='bbox 1119 1050 1256 1123; x_wconf 81' lang='lat' dir='ltr'>retinuit)</span> <span class='ocrx_word' id='word_1_41' title='bbox 1281 1049 1379 1112; x_wconf 89' lang='lat' dir='ltr'>studio</span> <span class='ocrx_word' id='word_1_42' title='bbox 1403 1048 1697 1112; x_wconf 78' lang='lat' dir='ltr'>accommodaverit?</span> <span class='ocrx_word' id='word_1_43' title='bbox 1743 1047 1777 1111; x_wconf 90' lang='lat' dir='ltr'>Si</span> <span class='ocrx_word' id='word_1_44' title='bbox 1801 1049 1839 1108; x_wconf 90' lang='lat' dir='ltr'>de</span> <span class='ocrx_word' id='word_1_45' title='bbox 1864 1047 1917 1109; x_wconf 95' lang='grc'>1110</span> 
     </span>
     <span class='ocr_line' id='line_1_6' title="bbox 561 1137 1917 1217; baseline -0.001 -19"><span class='ocrx_word' id='word_1_46' title='bbox 561 1145 691 1205; x_wconf 88' lang='grc'>0000101,</span> <span class='ocrx_word' id='word_1_47' title='bbox 716 1144 814 1198; x_wconf 87' lang='lat' dir='ltr'>actum</span> <span class='ocrx_word' id='word_1_48' title='bbox 839 1138 930 1198; x_wconf 87' lang='lat' dir='ltr'>etde</span> <span class='ocrx_word' id='word_1_49' title='bbox 953 1137 1010 1198; x_wconf 89' lang='lat' dir='ltr'>hoc</span> <span class='ocrx_word' id='word_1_50' title='bbox 1035 1145 1100 1198; x_wconf 88' lang='lat' dir='ltr'>est:</span> <span class='ocrx_word' id='word_1_51' title='bbox 1130 1147 1233 1200; x_wconf 91' lang='lat' dir='ltr'>tantus</span> <span class='ocrx_word' id='word_1_52' title='bbox 1263 1139 1341 1200; x_wconf 90' lang='lat' dir='ltr'>enim</span> <span class='ocrx_word' id='word_1_53' title='bbox 1369 1149 1418 1201; x_wconf 89' lang='lat' dir='ltr'>est</span> <span class='ocrx_word' id='word_1_54' title='bbox 1450 1139 1527 1199; x_wconf 86' lang='lat' dir='ltr'>inter</span> <span class='ocrx_word' id='word_1_55' title='bbox 1554 1146 1711 1217; x_wconf 90' lang='lat' dir='ltr'>utrumque</span> <span class='ocrx_word' id='word_1_56' title='bbox 1735 1138 1766 1199; x_wconf 92' lang='lat' dir='ltr'>in</span> <span class='ocrx_word' id='word_1_57' title='bbox 1789 1154 1917 1197; x_wconf 89' lang='lat' dir='ltr'>enume-</span> 
     </span>
     <span class='ocr_line' id='line_1_7' title="bbox 562 1224 1916 1308; baseline -0.001 -21"><span class='ocrx_word' id='word_1_58' title='bbox 562 1226 659 1287; x_wconf 88' lang='lat' dir='ltr'>randa</span> <span class='ocrx_word' id='word_1_59' title='bbox 680 1226 865 1305; x_wconf 92' lang='lat' dir='ltr'>longitndine</span> <span class='ocrx_word' id='word_1_60' title='bbox 890 1227 1088 1306; x_wconf 89' lang='lat' dir='ltr'>quadrantum</span> <span class='ocrx_word' id='word_1_61' title='bbox 1112 1228 1182 1289; x_wconf 90' lang='lat' dir='ltr'>anni</span> <span class='ocrx_word' id='word_1_62' title='bbox 1206 1247 1380 1301; x_wconf 84' lang='lat' dir='ltr'>consensus,</span> <span class='ocrx_word' id='word_1_63' title='bbox 1405 1236 1547 1308; x_wconf 87' lang='lat' dir='ltr'>quantum</span> <span class='ocrx_word' id='word_1_64' title='bbox 1571 1224 1780 1288; x_wconf 85' lang='lat' dir='ltr'>instrumentis</span> <span class='ocrx_word' id='word_1_65' title='bbox 1803 1225 1916 1304; x_wconf 92' lang='lat' dir='ltr'>depre-</span> 
     </span>
     <span class='ocr_line' id='line_1_8' title="bbox 561 1314 1917 1396; baseline -0.001 -21"><span class='ocrx_word' id='word_1_66' title='bbox 561 1315 650 1375; x_wconf 91' lang='lat' dir='ltr'>hendi</span> <span class='ocrx_word' id='word_1_67' title='bbox 675 1314 866 1376; x_wconf 89' lang='lat' dir='ltr'>Ptolemaicis</span> <span class='ocrx_word' id='word_1_68' title='bbox 890 1314 938 1375; x_wconf 91' lang='lat' dir='ltr'>vel</span> <span class='ocrx_word' id='word_1_69' title='bbox 964 1314 1176 1394; x_wconf 90' lang='lat' dir='ltr'>Hipparchicis</span> <span class='ocrx_word' id='word_1_70' title='bbox 1200 1317 1385 1396; x_wconf 88' lang='lat' dir='ltr'>impossibile</span> <span class='ocrx_word' id='word_1_71' title='bbox 1417 1318 1505 1396; x_wconf 86' lang='lat' dir='ltr'>plane</span> <span class='ocrx_word' id='word_1_72' title='bbox 1535 1315 1600 1377; x_wconf 90' lang='grc'>1011.</span> <span class='ocrx_word' id='word_1_73' title='bbox 1646 1315 1744 1393; x_wconf 83' lang='lat' dir='ltr'>Igitur</span> <span class='ocrx_word' id='word_1_74' title='bbox 1773 1320 1808 1375; x_wconf 90' lang='lat' dir='ltr'>nt</span> <span class='ocrx_word' id='word_1_75' title='bbox 1837 1314 1917 1375; x_wconf 90' lang='lat' dir='ltr'>hanc</span> 
     </span>
     <span class='ocr_line' id='line_1_9' title="bbox 560 1403 1916 1482; baseline 0 -19"><span class='ocrx_word' id='word_1_76' title='bbox 560 1403 598 1464; x_wconf 88' lang='lat' dir='ltr'>de</span> <span class='ocrx_word' id='word_1_77' title='bbox 623 1403 795 1482; x_wconf 84' lang='lat' dir='ltr'>Hipparcho</span> <span class='ocrx_word' id='word_1_78' title='bbox 818 1403 1017 1482; x_wconf 89' lang='lat' dir='ltr'>suspicionem</span> <span class='ocrx_word' id='word_1_79' title='bbox 1040 1424 1187 1477; x_wconf 86' lang='lat' dir='ltr'>moveam,</span> <span class='ocrx_word' id='word_1_80' title='bbox 1221 1425 1315 1467; x_wconf 91' lang='lat' dir='ltr'>cansa</span> <span class='ocrx_word' id='word_1_81' title='bbox 1338 1406 1413 1467; x_wconf 89' lang='lat' dir='ltr'>haec</span> <span class='ocrx_word' id='word_1_82' title='bbox 1436 1413 1495 1467; x_wconf 89' lang='lat' dir='ltr'>est.</span> <span class='ocrx_word' id='word_1_83' title='bbox 1542 1403 1655 1466; x_wconf 90' lang='lat' dir='ltr'>Notum</span> <span class='ocrx_word' id='word_1_84' title='bbox 1679 1424 1716 1464; x_wconf 83' lang='lat' dir='ltr'>ex</span> <span class='ocrx_word' id='word_1_85' title='bbox 1739 1403 1916 1464; x_wconf 84' lang='lat' dir='ltr'>Ptolemaeo</span> 
     </span>
     <span class='ocr_line' id='line_1_10' title="bbox 561 1491 1916 1577; baseline -0.001 -25"><span class='ocrx_word' id='word_1_86' title='bbox 561 1501 594 1553; x_wconf 91' lang='lat' dir='ltr'>et</span> <span class='ocrx_word' id='word_1_87' title='bbox 616 1491 723 1553; x_wconf 87' lang='lat' dir='ltr'>Proclo</span> <span class='ocrx_word' id='word_1_88' title='bbox 744 1493 909 1567; x_wconf 90' lang='lat' dir='ltr'>Diadocho,</span> <span class='ocrx_word' id='word_1_89' title='bbox 933 1492 1137 1572; x_wconf 86' lang='lat' dir='ltr'>Hipparchum</span> <span class='ocrx_word' id='word_1_90' title='bbox 1161 1503 1193 1555; x_wconf 87' lang='lat' dir='ltr'>et</span> <span class='ocrx_word' id='word_1_91' title='bbox 1217 1495 1293 1556; x_wconf 86' lang='lat' dir='ltr'>ulios</span> <span class='ocrx_word' id='word_1_92' title='bbox 1308 1494 1474 1577; x_wconf 86' lang='lat' dir='ltr'>clepsydris</span> <span class='ocrx_word' id='word_1_93' title='bbox 1498 1492 1599 1554; x_wconf 87' lang='grc'>1001111</span> <span class='ocrx_word' id='word_1_94' title='bbox 1623 1492 1729 1553; x_wconf 87' lang='grc'>0011100</span> <span class='ocrx_word' id='word_1_95' title='bbox 1749 1492 1916 1554; x_wconf 89' lang='lat' dir='ltr'>diametros</span> 
     </span>
     <span class='ocr_line' id='line_1_11' title="bbox 561 1579 1915 1663; baseline -0.001 -22"><span class='ocrx_word' id='word_1_96' title='bbox 561 1579 756 1641; x_wconf 89' lang='lat' dir='ltr'>luminarium.</span> <span class='ocrx_word' id='word_1_97' title='bbox 805 1580 930 1643; x_wconf 88' lang='lat' dir='ltr'>Oriente</span> <span class='ocrx_word' id='word_1_98' title='bbox 954 1580 1032 1643; x_wconf 87' lang='lat' dir='ltr'>enim</span> <span class='ocrx_word' id='word_1_99' title='bbox 1058 1601 1172 1644; x_wconf 88' lang='lat' dir='ltr'>summo</span> <span class='ocrx_word' id='word_1_100' title='bbox 1196 1582 1278 1645; x_wconf 90' lang='lat' dir='ltr'>Solis</span> <span class='ocrx_word' id='word_1_101' title='bbox 1303 1584 1436 1663; x_wconf 86' lang='lat' dir='ltr'>margine</span> <span class='ocrx_word' id='word_1_102' title='bbox 1461 1582 1574 1643; x_wconf 87' lang='lat' dir='ltr'>fluebat</span> <span class='ocrx_word' id='word_1_103' title='bbox 1597 1600 1674 1661; x_wconf 91' lang='lat' dir='ltr'>aqua</span> <span class='ocrx_word' id='word_1_104' title='bbox 1697 1600 1714 1642; x_wconf 91' lang='lat' dir='ltr'>e</span> <span class='ocrx_word' id='word_1_105' title='bbox 1737 1580 1915 1661; x_wconf 84' lang='lat' dir='ltr'>clepsydrae</span> 
     </span>
     <span class='ocr_line' id='line_1_12' title="bbox 561 1669 1914 1752; baseline 0 -23"><span class='ocrx_word' id='word_1_106' title='bbox 561 1669 704 1730; x_wconf 80' lang='lat' dir='ltr'>foramine</span> <span class='ocrx_word' id='word_1_107' title='bbox 729 1679 834 1749; x_wconf 92' lang='lat' dir='ltr'>aperto</span> <span class='ocrx_word' id='word_1_108' title='bbox 859 1670 889 1731; x_wconf 92' lang='lat' dir='ltr'>in</span> <span class='ocrx_word' id='word_1_109' title='bbox 913 1670 1065 1731; x_wconf 88' lang='lat' dir='ltr'>vasculum</span> <span class='ocrx_word' id='word_1_110' title='bbox 1089 1681 1282 1750; x_wconf 87' lang='lat' dir='ltr'>separatum:</span> <span class='ocrx_word' id='word_1_111' title='bbox 1310 1674 1375 1752; x_wconf 86' lang='lat' dir='ltr'>jam</span> <span class='ocrx_word' id='word_1_112' title='bbox 1407 1680 1471 1734; x_wconf 91' lang='lat' dir='ltr'>toto</span> <span class='ocrx_word' id='word_1_113' title='bbox 1496 1670 1567 1733; x_wconf 90' lang='lat' dir='ltr'>Sole</span> <span class='ocrx_word' id='word_1_114' title='bbox 1600 1678 1738 1731; x_wconf 85' lang='lat' dir='ltr'>exstante</span> <span class='ocrx_word' id='word_1_115' title='bbox 1762 1669 1914 1730; x_wconf 88' lang='lat' dir='ltr'>residuum</span> 
     </span>
     <span class='ocr_line' id='line_1_13' title="bbox 560 1758 1914 1840; baseline -0.001 -20"><span class='ocrx_word' id='word_1_116' title='bbox 560 1777 655 1838; x_wconf 86' lang='lat' dir='ltr'>aquae</span> <span class='ocrx_word' id='word_1_117' title='bbox 680 1758 895 1838; x_wconf 86' lang='lat' dir='ltr'>excerpebatur</span> <span class='ocrx_word' id='word_1_118' title='bbox 918 1778 990 1819; x_wconf 90' lang='lat' dir='ltr'>vase</span> <span class='ocrx_word' id='word_1_119' title='bbox 1015 1759 1084 1834; x_wconf 90' lang='lat' dir='ltr'>alio,</span> <span class='ocrx_word' id='word_1_120' title='bbox 1109 1780 1163 1840; x_wconf 93' lang='lat' dir='ltr'>per</span> <span class='ocrx_word' id='word_1_121' title='bbox 1186 1762 1264 1822; x_wconf 91' lang='lat' dir='ltr'>diem</span> <span class='ocrx_word' id='word_1_122' title='bbox 1289 1769 1465 1840; x_wconf 88' lang='lat' dir='ltr'>noctemque</span> <span class='ocrx_word' id='word_1_123' title='bbox 1481 1759 1662 1834; x_wconf 89' lang='lat' dir='ltr'>continuam,</span> <span class='ocrx_word' id='word_1_124' title='bbox 1686 1760 1782 1820; x_wconf 90' lang='lat' dir='ltr'>donec</span> <span class='ocrx_word' id='word_1_125' title='bbox 1797 1777 1914 1819; x_wconf 89' lang='lat' dir='ltr'>rursum</span> 
     </span>
     <span class='ocr_line' id='line_1_14' title="bbox 559 1846 1914 1926; baseline -0.001 -19"><span class='ocrx_word' id='word_1_126' title='bbox 559 1847 663 1908; x_wconf 92' lang='lat' dir='ltr'>eodem</span> <span class='ocrx_word' id='word_1_127' title='bbox 692 1847 758 1908; x_wconf 90' lang='lat' dir='ltr'>loco</span> <span class='ocrx_word' id='word_1_128' title='bbox 792 1847 873 1910; x_wconf 91' lang='lat' dir='ltr'>Solis</span> <span class='ocrx_word' id='word_1_129' title='bbox 900 1866 1003 1926; x_wconf 89' lang='lat' dir='ltr'>margo</span> <span class='ocrx_word' id='word_1_130' title='bbox 1037 1859 1209 1911; x_wconf 85' lang='lat' dir='ltr'>cerneretur</span> <span class='ocrx_word' id='word_1_131' title='bbox 1237 1850 1316 1912; x_wconf 91' lang='grc'>01111.</span> <span class='ocrx_word' id='word_1_132' title='bbox 1370 1848 1446 1912; x_wconf 85' lang='lat' dir='ltr'>Cum</span> <span class='ocrx_word' id='word_1_133' title='bbox 1482 1849 1539 1909; x_wconf 88' lang='lat' dir='ltr'>hac</span> <span class='ocrx_word' id='word_1_134' title='bbox 1576 1846 1756 1910; x_wconf 88' lang='lat' dir='ltr'>observandi</span> <span class='ocrx_word' id='word_1_135' title='bbox 1794 1846 1914 1907; x_wconf 87' lang='lat' dir='ltr'>ratione</span> 
     </span>
     <span class='ocr_line' id='line_1_15' title="bbox 561 1934 1914 2019; baseline 0 -24"><span class='ocrx_word' id='word_1_136' title='bbox 561 1935 670 1997; x_wconf 89' lang='lat' dir='ltr'>luerint</span> <span class='ocrx_word' id='word_1_137' title='bbox 693 1937 737 1997; x_wconf 88' lang='lat' dir='ltr'>usi</span> <span class='ocrx_word' id='word_1_138' title='bbox 761 1934 791 1996; x_wconf 92' lang='grc'>10</span> <span class='ocrx_word' id='word_1_139' title='bbox 806 1935 989 1998; x_wconf 89' lang='lat' dir='ltr'>dimetienda</span> <span class='ocrx_word' id='word_1_140' title='bbox 1003 1934 1084 1998; x_wconf 90' lang='grc'>80110</span> <span class='ocrx_word' id='word_1_141' title='bbox 1109 1938 1266 2012; x_wconf 82' lang='grc'>1110100110,</span> <span class='ocrx_word' id='word_1_142' title='bbox 1291 1939 1360 2019; x_wconf 90' lang='lat' dir='ltr'>quid</span> <span class='ocrx_word' id='word_1_143' title='bbox 1384 1939 1481 2017; x_wconf 90' lang='lat' dir='ltr'>magis</span> <span class='ocrx_word' id='word_1_144' title='bbox 1504 1937 1638 2016; x_wconf 91' lang='lat' dir='ltr'>proclive</span> <span class='ocrx_word' id='word_1_145' title='bbox 1662 1937 1701 1998; x_wconf 92' lang='lat' dir='ltr'>ad</span> <span class='ocrx_word' id='word_1_146' title='bbox 1720 1935 1914 2007; x_wconf 89' lang='lat' dir='ltr'>credendum,</span> 
     </span>
     <span class='ocr_line' id='line_1_16' title="bbox 561 2022 1913 2107; baseline 0 -23"><span class='ocrx_word' id='word_1_147' title='bbox 561 2043 648 2104; x_wconf 88' lang='lat' dir='ltr'>quam</span> <span class='ocrx_word' id='word_1_148' title='bbox 673 2024 738 2100; x_wconf 92' lang='lat' dir='ltr'>hoc,</span> <span class='ocrx_word' id='word_1_149' title='bbox 764 2044 829 2086; x_wconf 91' lang='lat' dir='ltr'>eum</span> <span class='ocrx_word' id='word_1_150' title='bbox 854 2023 1041 2104; x_wconf 87' lang='lat' dir='ltr'>aequinoctio</span> <span class='ocrx_word' id='word_1_151' title='bbox 1074 2027 1151 2087; x_wconf 91' lang='lat' dir='ltr'>diem</span> <span class='ocrx_word' id='word_1_152' title='bbox 1176 2028 1381 2106; x_wconf 87' lang='lat' dir='ltr'>praefinivisse</span> <span class='ocrx_word' id='word_1_153' title='bbox 1404 2025 1621 2107; x_wconf 90' lang='lat' dir='ltr'>Hipparchum,</span> <span class='ocrx_word' id='word_1_154' title='bbox 1654 2044 1711 2105; x_wconf 89' lang='lat' dir='ltr'>qno</span> <span class='ocrx_word' id='word_1_155' title='bbox 1736 2024 1784 2085; x_wconf 91' lang='lat' dir='ltr'>die</span> <span class='ocrx_word' id='word_1_156' title='bbox 1804 2022 1861 2085; x_wconf 98' lang='grc'>801</span> <span class='ocrx_word' id='word_1_157' title='bbox 1884 2024 1913 2084; x_wconf 88' lang='grc'>10</span> 
     </span>
     <span class='ocr_line' id='line_1_17' title="bbox 487 2111 1912 2195; baseline 0.001 -22"><span class='ocrx_word' id='word_1_158' title='bbox 487 2182 490 2186; x_wconf 42' lang='grc'>,</span> <span class='ocrx_word' id='word_1_159' title='bbox 562 2111 714 2174; x_wconf 86' lang='lat' dir='ltr'>horizonte</span> <span class='ocrx_word' id='word_1_160' title='bbox 739 2113 849 2175; x_wconf 89' lang='lat' dir='ltr'>visibili</span> <span class='ocrx_word' id='word_1_161' title='bbox 874 2114 945 2175; x_wconf 91' lang='lat' dir='ltr'>bina</span> <span class='ocrx_word' id='word_1_162' title='bbox 968 2133 984 2173; x_wconf 87' lang='grc'>0</span> <span class='ocrx_word' id='word_1_163' title='bbox 1008 2114 1156 2177; x_wconf 89' lang='lat' dir='ltr'>diametro</span> <span class='ocrx_word' id='word_1_164' title='bbox 1180 2116 1320 2194; x_wconf 89' lang='lat' dir='ltr'>opposita</span> <span class='ocrx_word' id='word_1_165' title='bbox 1343 2117 1439 2195; x_wconf 91' lang='lat' dir='ltr'>sigua,</span> <span class='ocrx_word' id='word_1_166' title='bbox 1474 2117 1602 2176; x_wconf 91' lang='lat' dir='ltr'>alterum</span> <span class='ocrx_word' id='word_1_167' title='bbox 1625 2113 1748 2176; x_wconf 89' lang='lat' dir='ltr'>oriendo</span> <span class='ocrx_word' id='word_1_168' title='bbox 1781 2113 1912 2174; x_wconf 86' lang='lat' dir='ltr'>alterum</span> 
     </span>
     <span class='ocr_line' id='line_1_18' title="bbox 559 2200 1915 2284; baseline -0.001 -21"><span class='ocrx_word' id='word_1_169' title='bbox 559 2200 721 2263; x_wconf 90' lang='lat' dir='ltr'>occidendo</span> <span class='ocrx_word' id='word_1_170' title='bbox 746 2201 929 2282; x_wconf 89' lang='lat' dir='ltr'>attingeret:</span> <span class='ocrx_word' id='word_1_171' title='bbox 954 2222 1048 2281; x_wconf 89' lang='lat' dir='ltr'>eaque</span> <span class='ocrx_word' id='word_1_172' title='bbox 1072 2204 1161 2282; x_wconf 88' lang='lat' dir='ltr'>signa</span> <span class='ocrx_word' id='word_1_173' title='bbox 1184 2204 1276 2266; x_wconf 90' lang='lat' dir='ltr'>semel</span> <span class='ocrx_word' id='word_1_174' title='bbox 1300 2206 1466 2266; x_wconf 87' lang='lat' dir='ltr'>constituta</span> <span class='ocrx_word' id='word_1_175' title='bbox 1489 2224 1542 2284; x_wconf 90' lang='lat' dir='ltr'>per</span> <span class='ocrx_word' id='word_1_176' title='bbox 1570 2203 1812 2264; x_wconf 87' lang='lat' dir='ltr'>observationem</span> <span class='ocrx_word' id='word_1_177' title='bbox 1842 2210 1915 2281; x_wconf 89' lang='lat' dir='ltr'>post</span> 
     </span>
     <span class='ocr_line' id='line_1_19' title="bbox 559 2288 1912 2371; baseline 0.001 -21"><span class='ocrx_word' id='word_1_178' title='bbox 559 2288 589 2350; x_wconf 89' lang='lat' dir='ltr'>in</span> <span class='ocrx_word' id='word_1_179' title='bbox 612 2298 789 2371; x_wconf 91' lang='lat' dir='ltr'>perpetuum</span> <span class='ocrx_word' id='word_1_180' title='bbox 812 2310 867 2371; x_wconf 91' lang='lat' dir='ltr'>pro</span> <span class='ocrx_word' id='word_1_181' title='bbox 891 2291 979 2353; x_wconf 91' lang='lat' dir='ltr'>metis</span> <span class='ocrx_word' id='word_1_182' title='bbox 1003 2292 1256 2371; x_wconf 88' lang='lat' dir='ltr'>aequinoctiorum</span> <span class='ocrx_word' id='word_1_183' title='bbox 1280 2294 1431 2369; x_wconf 90' lang='lat' dir='ltr'>habuisse,</span> <span class='ocrx_word' id='word_1_184' title='bbox 1457 2293 1536 2354; x_wconf 90' lang='lat' dir='ltr'>siin</span> <span class='ocrx_word' id='word_1_185' title='bbox 1561 2292 1665 2352; x_wconf 92' lang='lat' dir='ltr'>eodem</span> <span class='ocrx_word' id='word_1_186' title='bbox 1684 2292 1750 2352; x_wconf 90' lang='lat' dir='ltr'>loco</span> <span class='ocrx_word' id='word_1_187' title='bbox 1765 2297 1912 2353; x_wconf 89' lang='lat' dir='ltr'>maneret.</span> 
     </span>
     <span class='ocr_line' id='line_1_20' title="bbox 559 2378 1913 2461; baseline -0.001 -20"><span class='ocrx_word' id='word_1_188' title='bbox 559 2378 593 2441; x_wconf 88' lang='lat' dir='ltr'>Si</span> <span class='ocrx_word' id='word_1_189' title='bbox 617 2387 698 2440; x_wconf 89' lang='lat' dir='ltr'>recte</span> <span class='ocrx_word' id='word_1_190' title='bbox 722 2378 771 2440; x_wconf 91' lang='lat' dir='ltr'>hic</span> <span class='ocrx_word' id='word_1_191' title='bbox 794 2380 917 2461; x_wconf 90' lang='lat' dir='ltr'>conjeci,</span> <span class='ocrx_word' id='word_1_192' title='bbox 942 2398 1000 2442; x_wconf 94' lang='lat' dir='ltr'>uon</span> <span class='ocrx_word' id='word_1_193' title='bbox 1025 2380 1186 2443; x_wconf 84' lang='lat' dir='ltr'>difficulter</span> <span class='ocrx_word' id='word_1_194' title='bbox 1215 2382 1384 2460; x_wconf 82' lang='lat' dir='ltr'>impetrabo</span> <span class='ocrx_word' id='word_1_195' title='bbox 1407 2391 1518 2444; x_wconf 89' lang='lat' dir='ltr'>cetera.</span> <span class='ocrx_word' id='word_1_196' title='bbox 1564 2381 1643 2442; x_wconf 90' lang='lat' dir='ltr'>Nam</span> <span class='ocrx_word' id='word_1_197' title='bbox 1672 2380 1770 2460; x_wconf 89' lang='lat' dir='ltr'>quoad</span> <span class='ocrx_word' id='word_1_198' title='bbox 1795 2378 1850 2441; x_wconf 92' lang='grc'>801</span> <span class='ocrx_word' id='word_1_199' title='bbox 1883 2378 1913 2440; x_wconf 93' lang='grc'>10</span> 
     </span>
     <span class='ocr_line' id='line_1_21' title="bbox 558 2467 1913 2551; baseline 0 -22"><span class='ocrx_word' id='word_1_200' title='bbox 558 2467 745 2529; x_wconf 87' lang='lat' dir='ltr'>meridionali</span> <span class='ocrx_word' id='word_1_201' title='bbox 783 2469 897 2531; x_wconf 88' lang='lat' dir='ltr'>zodiaci</span> <span class='ocrx_word' id='word_1_202' title='bbox 929 2468 1115 2531; x_wconf 89' lang='lat' dir='ltr'>semicirculo</span> <span class='ocrx_word' id='word_1_203' title='bbox 1145 2478 1203 2546; x_wconf 91' lang='lat' dir='ltr'>est,</span> <span class='ocrx_word' id='word_1_204' title='bbox 1237 2490 1295 2532; x_wconf 95' lang='lat' dir='ltr'>non</span> <span class='ocrx_word' id='word_1_205' title='bbox 1325 2479 1436 2551; x_wconf 90' lang='lat' dir='ltr'>potest,</span> <span class='ocrx_word' id='word_1_206' title='bbox 1472 2470 1549 2550; x_wconf 92' lang='lat' dir='ltr'>quud</span> <span class='ocrx_word' id='word_1_207' title='bbox 1576 2469 1642 2549; x_wconf 89' lang='lat' dir='ltr'>jam</span> <span class='ocrx_word' id='word_1_208' title='bbox 1670 2475 1843 2548; x_wconf 87' lang='lat' dir='ltr'>spectatum</span> <span class='ocrx_word' id='word_1_209' title='bbox 1874 2467 1913 2529; x_wconf 89' lang='lat' dir='ltr'>ab</span> 
     </span>
     <span class='ocr_line' id='line_1_22' title="bbox 558 2555 1914 2637; baseline 0.001 -20"><span class='ocrx_word' id='word_1_210' title='bbox 558 2555 732 2636; x_wconf 90' lang='lat' dir='ltr'>Hipparcho</span> <span class='ocrx_word' id='word_1_211' title='bbox 765 2557 901 2634; x_wconf 82' lang='lat' dir='ltr'>diximus,</span> <span class='ocrx_word' id='word_1_212' title='bbox 939 2567 1105 2637; x_wconf 86' lang='lat' dir='ltr'>praestare,</span> <span class='ocrx_word' id='word_1_213' title='bbox 1143 2567 1177 2621; x_wconf 92' lang='lat' dir='ltr'>ut</span> <span class='ocrx_word' id='word_1_214' title='bbox 1213 2560 1312 2621; x_wconf 89' lang='lat' dir='ltr'>oriens</span> <span class='ocrx_word' id='word_1_215' title='bbox 1349 2560 1531 2622; x_wconf 90' lang='lat' dir='ltr'>contrarium</span> <span class='ocrx_word' id='word_1_216' title='bbox 1569 2557 1733 2621; x_wconf 89' lang='lat' dir='ltr'>horizontis</span> <span class='ocrx_word' id='word_1_217' title='bbox 1769 2563 1914 2636; x_wconf 92' lang='lat' dir='ltr'>punctum</span> 
     </span>
     <span class='ocr_line' id='line_1_23' title="bbox 559 2644 1913 2728; baseline -0.001 -21"><span class='ocrx_word' id='word_1_218' title='bbox 559 2644 691 2724; x_wconf 87' lang='lat' dir='ltr'>attingat</span> <span class='ocrx_word' id='word_1_219' title='bbox 714 2665 730 2705; x_wconf 94' lang='grc'>0</span> <span class='ocrx_word' id='word_1_220' title='bbox 754 2646 900 2709; x_wconf 91' lang='lat' dir='ltr'>diametro</span> <span class='ocrx_word' id='word_1_221' title='bbox 929 2645 957 2709; x_wconf 90' lang='lat' dir='ltr'>ei</span> <span class='ocrx_word' id='word_1_222' title='bbox 987 2648 1064 2728; x_wconf 91' lang='lat' dir='ltr'>quod</span> <span class='ocrx_word' id='word_1_223' title='bbox 1089 2648 1229 2710; x_wconf 89' lang='lat' dir='ltr'>occidens</span> <span class='ocrx_word' id='word_1_224' title='bbox 1253 2649 1392 2727; x_wconf 91' lang='lat' dir='ltr'>attingit:</span> <span class='ocrx_word' id='word_1_225' title='bbox 1418 2657 1575 2727; x_wconf 87' lang='lat' dir='ltr'>utrumque</span> <span class='ocrx_word' id='word_1_226' title='bbox 1599 2647 1678 2708; x_wconf 90' lang='lat' dir='ltr'>enim</span> <span class='ocrx_word' id='word_1_227' title='bbox 1701 2645 1800 2726; x_wconf 87' lang='lat' dir='ltr'>vergit</span> <span class='ocrx_word' id='word_1_228' title='bbox 1813 2646 1913 2707; x_wconf 87' lang='lat' dir='ltr'>adhuc</span> 
     </span>
     <span class='ocr_line' id='line_1_24' title="bbox 559 2734 1912 2819; baseline 0 -24"><span class='ocrx_word' id='word_1_229' title='bbox 559 2734 588 2795; x_wconf 93' lang='lat' dir='ltr'>iu</span> <span class='ocrx_word' id='word_1_230' title='bbox 612 2734 783 2796; x_wconf 89' lang='lat' dir='ltr'>meridiem:</span> <span class='ocrx_word' id='word_1_231' title='bbox 808 2736 900 2815; x_wconf 91' lang='lat' dir='ltr'>igitur</span> <span class='ocrx_word' id='word_1_232' title='bbox 924 2736 951 2796; x_wconf 91' lang='lat' dir='ltr'>in</span> <span class='ocrx_word' id='word_1_233' title='bbox 976 2736 1140 2809; x_wconf 88' lang='lat' dir='ltr'>horizonte,</span> <span class='ocrx_word' id='word_1_234' title='bbox 1166 2738 1194 2798; x_wconf 94' lang='lat' dir='ltr'>in</span> <span class='ocrx_word' id='word_1_235' title='bbox 1220 2758 1277 2818; x_wconf 86' lang='lat' dir='ltr'>quo</span> <span class='ocrx_word' id='word_1_236' title='bbox 1292 2736 1560 2819; x_wconf 90' lang='lat' dir='ltr'>praesupponimus</span> <span class='ocrx_word' id='word_1_237' title='bbox 1580 2734 1821 2798; x_wconf 89' lang='lat' dir='ltr'>observationem</span> <span class='ocrx_word' id='word_1_238' title='bbox 1837 2734 1912 2809; x_wconf 88' lang='lat' dir='ltr'>fieri,</span> 
     </span>
     <span class='ocr_line' id='line_1_25' title="bbox 558 2821 1911 2906; baseline -0.001 -21"><span class='ocrx_word' id='word_1_239' title='bbox 558 2821 613 2885; x_wconf 87' lang='lat' dir='ltr'>Sol</span> <span class='ocrx_word' id='word_1_240' title='bbox 636 2823 727 2885; x_wconf 88' lang='lat' dir='ltr'>altior</span> <span class='ocrx_word' id='word_1_241' title='bbox 744 2824 828 2904; x_wconf 90' lang='lat' dir='ltr'>justo</span> <span class='ocrx_word' id='word_1_242' title='bbox 852 2844 999 2905; x_wconf 88' lang='lat' dir='ltr'>apparens</span> <span class='ocrx_word' id='word_1_243' title='bbox 1024 2824 1061 2884; x_wconf 94' lang='lat' dir='ltr'>ob</span> <span class='ocrx_word' id='word_1_244' title='bbox 1085 2825 1292 2901; x_wconf 79' lang='lat' dir='ltr'>retractiones,</span> <span class='ocrx_word' id='word_1_245' title='bbox 1318 2846 1387 2888; x_wconf 92' lang='lat' dir='ltr'>vere</span> <span class='ocrx_word' id='word_1_246' title='bbox 1406 2827 1492 2906; x_wconf 89' lang='grc'>10010</span> <span class='ocrx_word' id='word_1_247' title='bbox 1517 2825 1603 2887; x_wconf 87' lang='grc'>011100</span> <span class='ocrx_word' id='word_1_248' title='bbox 1628 2825 1780 2904; x_wconf 91' lang='lat' dir='ltr'>ingressus</span> <span class='ocrx_word' id='word_1_249' title='bbox 1795 2842 1911 2903; x_wconf 87' lang='lat' dir='ltr'>aequa·</span> 
     </span>
     <span class='ocr_line' id='line_1_26' title="bbox 558 2912 1912 2993; baseline 0 -21"><span class='ocrx_word' id='word_1_250' title='bbox 558 2919 663 2985; x_wconf 89' lang='lat' dir='ltr'>torem,</span> <span class='ocrx_word' id='word_1_251' title='bbox 688 2921 829 2975; x_wconf 90' lang='lat' dir='ltr'>autumno</span> <span class='ocrx_word' id='word_1_252' title='bbox 854 2916 949 2976; x_wconf 90' lang='lat' dir='ltr'>serius</span> <span class='ocrx_word' id='word_1_253' title='bbox 968 2916 1052 2993; x_wconf 92' lang='lat' dir='ltr'>justo</span> <span class='ocrx_word' id='word_1_254' title='bbox 1077 2915 1106 2976; x_wconf 94' lang='lat' dir='ltr'>in</span> <span class='ocrx_word' id='word_1_255' title='bbox 1131 2934 1198 2977; x_wconf 92' lang='lat' dir='ltr'>eum</span> <span class='ocrx_word' id='word_1_256' title='bbox 1223 2917 1380 2977; x_wconf 89' lang='lat' dir='ltr'>devolutus</span> <span class='ocrx_word' id='word_1_257' title='bbox 1404 2913 1564 2977; x_wconf 90' lang='lat' dir='ltr'>videbitur.</span> <span class='ocrx_word' id='word_1_258' title='bbox 1607 2912 1785 2975; x_wconf 89' lang='lat' dir='ltr'>Productius</span> <span class='ocrx_word' id='word_1_259' title='bbox 1809 2912 1912 2992; x_wconf 89' lang='lat' dir='ltr'>itaque</span> 
     </span>
     <span class='ocr_line' id='line_1_27' title="bbox 557 2999 1913 3084; baseline 0.002 -25"><span class='ocrx_word' id='word_1_260' title='bbox 557 3000 707 3062; x_wconf 89' lang='lat' dir='ltr'>videbitur</span> <span class='ocrx_word' id='word_1_261' title='bbox 731 3009 849 3083; x_wconf 91' lang='lat' dir='ltr'>tempus</span> <span class='ocrx_word' id='word_1_262' title='bbox 874 3003 983 3065; x_wconf 88' lang='lat' dir='ltr'>aestivi</span> <span class='ocrx_word' id='word_1_263' title='bbox 1007 3004 1197 3078; x_wconf 91' lang='lat' dir='ltr'>semicirculi,</span> <span class='ocrx_word' id='word_1_264' title='bbox 1222 3006 1340 3083; x_wconf 91' lang='lat' dir='ltr'>prolato</span> <span class='ocrx_word' id='word_1_265' title='bbox 1364 3013 1489 3084; x_wconf 87' lang='lat' dir='ltr'>utroque</span> <span class='ocrx_word' id='word_1_266' title='bbox 1515 3002 1662 3064; x_wconf 87' lang='lat' dir='ltr'>termino:</span> <span class='ocrx_word' id='word_1_267' title='bbox 1696 3000 1796 3081; x_wconf 88' lang='lat' dir='ltr'>major</span> <span class='ocrx_word' id='word_1_268' title='bbox 1818 2999 1913 3081; x_wconf 89' lang='lat' dir='ltr'>igitur</span> 
     </span>
     <span class='ocr_line' id='line_1_28' title="bbox 557 3090 1914 3173; baseline 0.001 -24"><span class='ocrx_word' id='word_1_269' title='bbox 557 3090 769 3152; x_wconf 86' lang='lat' dir='ltr'>eccentricitas</span> <span class='ocrx_word' id='word_1_270' title='bbox 789 3092 882 3170; x_wconf 88' lang='lat' dir='ltr'>justa.</span> <span class='ocrx_word' id='word_1_271' title='bbox 931 3094 1039 3171; x_wconf 87' lang='lat' dir='ltr'>Itaque</span> <span class='ocrx_word' id='word_1_272' title='bbox 1064 3094 1113 3172; x_wconf 93' lang='lat' dir='ltr'>qui</span> <span class='ocrx_word' id='word_1_273' title='bbox 1137 3112 1232 3173; x_wconf 90' lang='lat' dir='ltr'>aequo</span> <span class='ocrx_word' id='word_1_274' title='bbox 1257 3094 1355 3155; x_wconf 90' lang='lat' dir='ltr'>animo</span> <span class='ocrx_word' id='word_1_275' title='bbox 1384 3094 1505 3156; x_wconf 86' lang='lat' dir='ltr'>credere</span> <span class='ocrx_word' id='word_1_276' title='bbox 1529 3092 1602 3165; x_wconf 88' lang='lat' dir='ltr'>vult,</span> <span class='ocrx_word' id='word_1_277' title='bbox 1637 3092 1762 3152; x_wconf 91' lang='lat' dir='ltr'>eandem</span> <span class='ocrx_word' id='word_1_278' title='bbox 1787 3108 1856 3151; x_wconf 88' lang='lat' dir='ltr'>esse</span> <span class='ocrx_word' id='word_1_279' title='bbox 1881 3096 1914 3151; x_wconf 93' lang='lat' dir='ltr'>et</span> 
     </span>
    </p>
   </div>
   <div class='ocr_carea' id='block_1_6' title="bbox 452 3176 1911 3260">
    <p class='ocr_par' dir='ltr' id='par_1_6' title="bbox 452 3176 1911 3260">
     <span class='ocr_line' id='line_1_29' title="bbox 452 3176 1911 3260; baseline 0.001 -21"><span class='ocrx_word' id='word_1_280' title='bbox 452 3176 458 3203; x_wconf 66' lang='lat'>⁸</span> <span class='ocrx_word' id='word_1_281' title='bbox 557 3178 627 3240; x_wconf 91' lang='lat' dir='ltr'>olim</span> <span class='ocrx_word' id='word_1_282' title='bbox 652 3185 682 3239; x_wconf 90' lang='lat' dir='ltr'>et</span> <span class='ocrx_word' id='word_1_283' title='bbox 707 3178 795 3241; x_wconf 90' lang='lat' dir='ltr'>hodie</span> <span class='ocrx_word' id='word_1_284' title='bbox 820 3179 902 3242; x_wconf 89' lang='lat' dir='ltr'>Solis</span> <span class='ocrx_word' id='word_1_285' title='bbox 930 3181 1198 3254; x_wconf 87' lang='lat' dir='ltr'>eccentricitatem,</span> <span class='ocrx_word' id='word_1_286' title='bbox 1228 3182 1322 3244; x_wconf 89' lang='lat' dir='ltr'>habet</span> <span class='ocrx_word' id='word_1_287' title='bbox 1349 3182 1375 3243; x_wconf 93' lang='lat' dir='ltr'>is</span> <span class='ocrx_word' id='word_1_288' title='bbox 1403 3182 1527 3243; x_wconf 90' lang='lat' dir='ltr'>evidens</span> <span class='ocrx_word' id='word_1_289' title='bbox 1555 3187 1763 3260; x_wconf 84' lang='lat' dir='ltr'>argumentum</span> <span class='ocrx_word' id='word_1_290' title='bbox 1793 3178 1911 3241; x_wconf 79' lang='lat' dir='ltr'>retrac-</span> 
     </span>
    </p>
   </div>
   <div class='ocr_carea' id='block_1_7' title="bbox 490 3267 1916 5122">
    <p class='ocr_par' dir='ltr' id='par_1_7' title="bbox 556 3267 1190 3348">
     <span class='ocr_line' id='line_1_30' title="bbox 556 3267 1190 3348; baseline 0.006 -19"><span class='ocrx_word' id='word_1_291' title='bbox 556 3267 671 3329; x_wconf 92' lang='lat' dir='ltr'>tionum</span> <span class='ocrx_word' id='word_1_292' title='bbox 695 3268 733 3329; x_wconf 89' lang='lat' dir='ltr'>ab</span> <span class='ocrx_word' id='word_1_293' title='bbox 757 3269 929 3348; x_wconf 88' lang='lat' dir='ltr'>Hipparcho</span> <span class='ocrx_word' id='word_1_294' title='bbox 953 3269 1190 3333; x_wconf 90' lang='lat' dir='ltr'>observatarum.</span> 
     </span>
    </p>

    <p class='ocr_par' dir='ltr' id='par_1_8' title="bbox 490 3355 1916 5122">
     <span class='ocr_line' id='line_1_31' title="bbox 645 3355 1911 3439; baseline 0.002 -23"><span class='ocrx_word' id='word_1_295' title='bbox 645 3357 710 3417; x_wconf 91' lang='lat' dir='ltr'>Huc</span> <span class='ocrx_word' id='word_1_296' title='bbox 734 3377 792 3419; x_wconf 94' lang='lat' dir='ltr'>non</span> <span class='ocrx_word' id='word_1_297' title='bbox 816 3359 952 3437; x_wconf 91' lang='lat' dir='ltr'>equidem</span> <span class='ocrx_word' id='word_1_298' title='bbox 975 3360 1063 3439; x_wconf 89' lang='lat' dir='ltr'>plane</span> <span class='ocrx_word' id='word_1_299' title='bbox 1088 3360 1211 3421; x_wconf 89' lang='lat' dir='ltr'>ridicule</span> <span class='ocrx_word' id='word_1_300' title='bbox 1234 3360 1349 3420; x_wconf 87' lang='lat' dir='ltr'>referas</span> <span class='ocrx_word' id='word_1_301' title='bbox 1373 3369 1405 3421; x_wconf 89' lang='lat' dir='ltr'>et</span> <span class='ocrx_word' id='word_1_302' title='bbox 1427 3359 1510 3432; x_wconf 89' lang='lat' dir='ltr'>illud,</span> <span class='ocrx_word' id='word_1_303' title='bbox 1545 3358 1623 3437; x_wconf 93' lang='lat' dir='ltr'>quod</span> <span class='ocrx_word' id='word_1_304' title='bbox 1647 3356 1772 3418; x_wconf 90' lang='lat' dir='ltr'>Proclus</span> <span class='ocrx_word' id='word_1_305' title='bbox 1796 3355 1911 3436; x_wconf 90' lang='lat' dir='ltr'>Lycius</span> 
     </span>
     <span class='ocr_line' id='line_1_32' title="bbox 557 3442 1910 3527; baseline -0.001 -21"><span class='ocrx_word' id='word_1_306' title='bbox 557 3445 587 3506; x_wconf 94' lang='lat' dir='ltr'>in</span> <span class='ocrx_word' id='word_1_307' title='bbox 611 3442 750 3522; x_wconf 88' lang='lat' dir='ltr'>Sphaera</span> <span class='ocrx_word' id='word_1_308' title='bbox 774 3446 876 3520; x_wconf 88' lang='lat' dir='ltr'>tradit,</span> <span class='ocrx_word' id='word_1_309' title='bbox 903 3447 951 3508; x_wconf 92' lang='lat' dir='ltr'>ubi</span> <span class='ocrx_word' id='word_1_310' title='bbox 971 3448 1156 3509; x_wconf 84' lang='lat' dir='ltr'>antarcticus</span> <span class='ocrx_word' id='word_1_311' title='bbox 1177 3449 1286 3527; x_wconf 88' lang='lat' dir='ltr'>apede</span> <span class='ocrx_word' id='word_1_312' title='bbox 1302 3449 1451 3510; x_wconf 87' lang='lat' dir='ltr'>anteriore</span> <span class='ocrx_word' id='word_1_313' title='bbox 1468 3448 1566 3509; x_wconf 89' lang='lat' dir='ltr'>Ursae</span> <span class='ocrx_word' id='word_1_314' title='bbox 1581 3445 1703 3525; x_wconf 91' lang='lat' dir='ltr'>majoris</span> <span class='ocrx_word' id='word_1_315' title='bbox 1719 3444 1910 3513; x_wconf 87' lang='lat' dir='ltr'>describitur,</span> 
     </span>
     <span class='ocr_line' id='line_1_33' title="bbox 557 3532 1909 3617; baseline 0.001 -24"><span class='ocrx_word' id='word_1_316' title='bbox 557 3532 614 3594; x_wconf 91' lang='lat' dir='ltr'>hoc</span> <span class='ocrx_word' id='word_1_317' title='bbox 637 3541 694 3604; x_wconf 86' lang='lat' dir='ltr'>est,</span> <span class='ocrx_word' id='word_1_318' title='bbox 718 3534 766 3595; x_wconf 91' lang='lat' dir='ltr'>ubi</span> <span class='ocrx_word' id='word_1_319' title='bbox 790 3535 881 3596; x_wconf 87' lang='lat' dir='ltr'>stella</span> <span class='ocrx_word' id='word_1_320' title='bbox 905 3536 932 3596; x_wconf 92' lang='lat' dir='ltr'>in</span> <span class='ocrx_word' id='word_1_321' title='bbox 956 3536 1031 3615; x_wconf 89' lang='lat' dir='ltr'>pede</span> <span class='ocrx_word' id='word_1_322' title='bbox 1056 3537 1107 3597; x_wconf 95' lang='grc'>1110</span> <span class='ocrx_word' id='word_1_323' title='bbox 1131 3535 1264 3617; x_wconf 90' lang='lat' dir='ltr'>quotidie</span> <span class='ocrx_word' id='word_1_324' title='bbox 1288 3538 1460 3617; x_wconf 86' lang='lat' dir='ltr'>contingere</span> <span class='ocrx_word' id='word_1_325' title='bbox 1485 3536 1603 3596; x_wconf 92' lang='lat' dir='ltr'>videtur</span> <span class='ocrx_word' id='word_1_326' title='bbox 1622 3534 1823 3607; x_wconf 84' lang='lat' dir='ltr'>horizontem3</span> <span class='ocrx_word' id='word_1_327' title='bbox 1848 3533 1909 3595; x_wconf 90' lang='lat' dir='ltr'>ibi-</span> 
     </span>
     <span class='ocr_line' id='line_1_34' title="bbox 557 3621 1911 3703; baseline 0 -20"><span class='ocrx_word' id='word_1_328' title='bbox 557 3622 624 3683; x_wconf 88' lang='lat' dir='ltr'>dem</span> <span class='ocrx_word' id='word_1_329' title='bbox 648 3623 797 3684; x_wconf 90' lang='lat' dir='ltr'>aestivnm</span> <span class='ocrx_word' id='word_1_330' title='bbox 822 3625 966 3703; x_wconf 91' lang='lat' dir='ltr'>tropicum</span> <span class='ocrx_word' id='word_1_331' title='bbox 991 3624 1029 3685; x_wconf 91' lang='lat' dir='ltr'>ab</span> <span class='ocrx_word' id='word_1_332' title='bbox 1053 3625 1208 3686; x_wconf 89' lang='lat' dir='ltr'>horizonte</span> <span class='ocrx_word' id='word_1_333' title='bbox 1232 3625 1329 3687; x_wconf 89' lang='lat' dir='ltr'>secari</span> <span class='ocrx_word' id='word_1_334' title='bbox 1353 3626 1382 3686; x_wconf 92' lang='lat' dir='ltr'>in</span> <span class='ocrx_word' id='word_1_335' title='bbox 1407 3623 1425 3687; x_wconf 87' lang='grc'>5</span> <span class='ocrx_word' id='word_1_336' title='bbox 1451 3632 1482 3686; x_wconf 89' lang='grc'>01</span> <span class='ocrx_word' id='word_1_337' title='bbox 1506 3621 1537 3686; x_wconf 87' lang='lat'>3.</span> <span class='ocrx_word' id='word_1_338' title='bbox 1552 3621 1593 3696; x_wconf 70' lang='grc' dir='ltr'>ῃ1</span> <span class='ocrx_word' id='word_1_339' title='bbox 1638 3623 1705 3684; x_wconf 87' lang='grc' dir='ltr'>Ηο0</span> <span class='ocrx_word' id='word_1_340' title='bbox 1730 3623 1818 3684; x_wconf 85' lang='lat' dir='ltr'>binae</span> <span class='ocrx_word' id='word_1_341' title='bbox 1843 3631 1911 3684; x_wconf 92' lang='lat' dir='ltr'>tra-</span> 
     </span>
     <span class='ocr_line' id='line_1_35' title="bbox 556 3710 1911 3793; baseline 0 -21"><span class='ocrx_word' id='word_1_342' title='bbox 556 3711 685 3773; x_wconf 91' lang='lat' dir='ltr'>ditiones</span> <span class='ocrx_word' id='word_1_343' title='bbox 711 3711 789 3774; x_wconf 88' lang='lat' dir='ltr'>inter</span> <span class='ocrx_word' id='word_1_344' title='bbox 812 3734 844 3774; x_wconf 90' lang='lat' dir='ltr'>se</span> <span class='ocrx_word' id='word_1_345' title='bbox 869 3733 926 3774; x_wconf 92' lang='lat' dir='ltr'>non</span> <span class='ocrx_word' id='word_1_346' title='bbox 950 3714 1148 3776; x_wconf 88' lang='lat' dir='ltr'>conveniunt:</span> <span class='ocrx_word' id='word_1_347' title='bbox 1174 3714 1303 3793; x_wconf 90' lang='lat' dir='ltr'>suspicio</span> <span class='ocrx_word' id='word_1_348' title='bbox 1317 3713 1519 3792; x_wconf 89' lang='lat' dir='ltr'>plausibiliter</span> <span class='ocrx_word' id='word_1_349' title='bbox 1539 3713 1567 3773; x_wconf 90' lang='lat' dir='ltr'>iu</span> <span class='ocrx_word' id='word_1_350' title='bbox 1588 3711 1786 3773; x_wconf 74' lang='lat' dir='ltr'>retractiones</span> <span class='ocrx_word' id='word_1_351' title='bbox 1802 3710 1911 3791; x_wconf 90' lang='lat' dir='ltr'>conjici</span> 
     </span>
     <span class='ocr_line' id='line_1_36' title="bbox 555 3802 1910 3883; baseline -0.001 -23"><span class='ocrx_word' id='word_1_352' title='bbox 555 3807 668 3879; x_wconf 89' lang='lat' dir='ltr'>potest,</span> <span class='ocrx_word' id='word_1_353' title='bbox 697 3802 775 3880; x_wconf 89' lang='lat' dir='ltr'>qnod</span> <span class='ocrx_word' id='word_1_354' title='bbox 799 3810 851 3863; x_wconf 90' lang='lat' dir='ltr'>aut</span> <span class='ocrx_word' id='word_1_355' title='bbox 874 3822 927 3883; x_wconf 89' lang='lat' dir='ltr'>pes</span> <span class='ocrx_word' id='word_1_356' title='bbox 952 3804 1048 3865; x_wconf 89' lang='lat' dir='ltr'>Ursae</span> <span class='ocrx_word' id='word_1_357' title='bbox 1074 3810 1199 3882; x_wconf 89' lang='lat' dir='ltr'>tangere</span> <span class='ocrx_word' id='word_1_358' title='bbox 1223 3803 1362 3863; x_wconf 87' lang='lat' dir='ltr'>videatur</span> <span class='ocrx_word' id='word_1_359' title='bbox 1390 3802 1601 3875; x_wconf 81' lang='lat' dir='ltr'>horizontem,¹</span> <span class='ocrx_word' id='word_1_360' title='bbox 1625 3819 1712 3880; x_wconf 89' lang='lat' dir='ltr'>quem</span> <span class='ocrx_word' id='word_1_361' title='bbox 1744 3809 1846 3861; x_wconf 91' lang='lat' dir='ltr'>tamen</span> <span class='ocrx_word' id='word_1_362' title='bbox 1879 3819 1910 3862; x_wconf 92' lang='lat' dir='ltr'>re</span> 
     </span>
     <span class='ocr_line' id='line_1_37' title="bbox 490 3888 1911 3971; baseline -0.001 -22"><span class='ocrx_word' id='word_1_363' title='bbox 490 3911 496 3921; x_wconf 92' lang='lat'><strong>·</strong></span> <span class='ocrx_word' id='word_1_364' title='bbox 556 3907 630 3951; x_wconf 90' lang='lat' dir='ltr'>vera</span> <span class='ocrx_word' id='word_1_365' title='bbox 653 3889 743 3964; x_wconf 89' lang='lat' dir='ltr'>subit,</span> <span class='ocrx_word' id='word_1_366' title='bbox 769 3900 822 3953; x_wconf 91' lang='lat' dir='ltr'>aut</span> <span class='ocrx_word' id='word_1_367' title='bbox 845 3892 922 3971; x_wconf 89' lang='lat' dir='ltr'>quod</span> <span class='ocrx_word' id='word_1_368' title='bbox 938 3890 992 3953; x_wconf 91' lang='grc'>801</span> <span class='ocrx_word' id='word_1_369' title='bbox 1015 3891 1102 3952; x_wconf 90' lang='lat' dir='ltr'>citius</span> <span class='ocrx_word' id='word_1_370' title='bbox 1123 3892 1208 3970; x_wconf 90' lang='lat' dir='ltr'>justo</span> <span class='ocrx_word' id='word_1_371' title='bbox 1224 3891 1332 3966; x_wconf 89' lang='lat' dir='ltr'>oriens,</span> <span class='ocrx_word' id='word_1_372' title='bbox 1357 3891 1453 3952; x_wconf 88' lang='lat' dir='ltr'>serius</span> <span class='ocrx_word' id='word_1_373' title='bbox 1464 3891 1547 3969; x_wconf 92' lang='lat' dir='ltr'>justo</span> <span class='ocrx_word' id='word_1_374' title='bbox 1563 3888 1712 3957; x_wconf 88' lang='lat' dir='ltr'>occidens,</span> <span class='ocrx_word' id='word_1_375' title='bbox 1735 3888 1911 3969; x_wconf 91' lang='lat' dir='ltr'>productius</span> 
     </span>
     <span class='ocr_line' id='line_1_38' title="bbox 556 3975 1910 4060; baseline -0.001 -21"><span class='ocrx_word' id='word_1_376' title='bbox 556 3978 586 4039; x_wconf 93' lang='lat' dir='ltr'>in</span> <span class='ocrx_word' id='word_1_377' title='bbox 607 3979 768 4060; x_wconf 87' lang='lat' dir='ltr'>clepsydra</span> <span class='ocrx_word' id='word_1_378' title='bbox 791 3981 922 4060; x_wconf 89' lang='lat' dir='ltr'>spatium</span> <span class='ocrx_word' id='word_1_379' title='bbox 947 3981 1082 4041; x_wconf 91' lang='lat' dir='ltr'>diurnum</span> <span class='ocrx_word' id='word_1_380' title='bbox 1111 3987 1201 4041; x_wconf 89' lang='lat' dir='ltr'>notat</span> <span class='ocrx_word' id='word_1_381' title='bbox 1223 3998 1311 4059; x_wconf 85' lang='lat' dir='ltr'>quam</span> <span class='ocrx_word' id='word_1_382' title='bbox 1336 3987 1397 4054; x_wconf 91' lang='grc'>001,</span> <span class='ocrx_word' id='word_1_383' title='bbox 1424 3979 1500 4040; x_wconf 88' lang='lat' dir='ltr'>unde</span> <span class='ocrx_word' id='word_1_384' title='bbox 1524 3978 1620 4056; x_wconf 90' lang='lat' dir='ltr'>major</span> <span class='ocrx_word' id='word_1_385' title='bbox 1638 3978 1724 4057; x_wconf 89' lang='lat' dir='ltr'>justo</span> <span class='ocrx_word' id='word_1_386' title='bbox 1748 3975 1849 4056; x_wconf 87' lang='lat' dir='ltr'>portio</span> <span class='ocrx_word' id='word_1_387' title='bbox 1873 3977 1910 4038; x_wconf 88' lang='lat' dir='ltr'>de</span> 
     </span>
     <span class='ocr_line' id='line_1_39' title="bbox 558 4065 1910 4148; baseline -0.001 -21"><span class='ocrx_word' id='word_1_388' title='bbox 558 4068 673 4145; x_wconf 91' lang='lat' dir='ltr'>tropico</span> <span class='ocrx_word' id='word_1_389' title='bbox 696 4077 801 4129; x_wconf 79' lang='lat' dir='ltr'>extare</span> <span class='ocrx_word' id='word_1_390' title='bbox 826 4067 1013 4147; x_wconf 88' lang='lat' dir='ltr'>altitudoqne</span> <span class='ocrx_word' id='word_1_391' title='bbox 1037 4068 1097 4147; x_wconf 93' lang='lat' dir='ltr'>poli</span> <span class='ocrx_word' id='word_1_392' title='bbox 1122 4069 1219 4147; x_wconf 88' lang='lat' dir='ltr'>major</span> <span class='ocrx_word' id='word_1_393' title='bbox 1237 4069 1320 4147; x_wconf 89' lang='lat' dir='ltr'>justo</span> <span class='ocrx_word' id='word_1_394' title='bbox 1344 4066 1507 4148; x_wconf 88' lang='lat' dir='ltr'>putabitur.</span> <span class='ocrx_word' id='word_1_395' title='bbox 1538 4066 1617 4139; x_wconf 89' lang='grc'>8010,</span> <span class='ocrx_word' id='word_1_396' title='bbox 1643 4085 1702 4128; x_wconf 88' lang='grc'>000</span> <span class='ocrx_word' id='word_1_397' title='bbox 1726 4065 1802 4127; x_wconf 91' lang='lat' dir='ltr'>adeo</span> <span class='ocrx_word' id='word_1_398' title='bbox 1817 4084 1910 4128; x_wconf 90' lang='lat' dir='ltr'>accu-</span> 
     </span>
     <span class='ocr_line' id='line_1_40' title="bbox 556 4154 1910 4236; baseline -0.001 -21"><span class='ocrx_word' id='word_1_399' title='bbox 556 4162 622 4216; x_wconf 88' lang='lat' dir='ltr'>rate</span> <span class='ocrx_word' id='word_1_400' title='bbox 646 4157 776 4235; x_wconf 90' lang='lat' dir='ltr'>scriptas</span> <span class='ocrx_word' id='word_1_401' title='bbox 800 4157 869 4218; x_wconf 90' lang='lat' dir='ltr'>illas</span> <span class='ocrx_word' id='word_1_402' title='bbox 892 4157 1071 4218; x_wconf 87' lang='lat' dir='ltr'>traditiones</span> <span class='ocrx_word' id='word_1_403' title='bbox 1096 4165 1127 4218; x_wconf 89' lang='grc'>01</span> <span class='ocrx_word' id='word_1_404' title='bbox 1151 4157 1283 4217; x_wconf 88' lang='lat' dir='ltr'>crassius</span> <span class='ocrx_word' id='word_1_405' title='bbox 1307 4157 1383 4217; x_wconf 89' lang='lat' dir='ltr'>sumi</span> <span class='ocrx_word' id='word_1_406' title='bbox 1406 4174 1506 4236; x_wconf 91' lang='lat' dir='ltr'>posse.</span> <span class='ocrx_word' id='word_1_407' title='bbox 1553 4154 1616 4216; x_wconf 92' lang='lat' dir='ltr'>Sed</span> <span class='ocrx_word' id='word_1_408' title='bbox 1640 4175 1707 4216; x_wconf 89' lang='lat' dir='ltr'>cum</span> <span class='ocrx_word' id='word_1_409' title='bbox 1730 4154 1779 4215; x_wconf 92' lang='lat' dir='ltr'>hic</span> <span class='ocrx_word' id='word_1_410' title='bbox 1802 4154 1910 4215; x_wconf 91' lang='lat' dir='ltr'>modus</span> 
     </span>
     <span class='ocr_line' id='line_1_41' title="bbox 557 4240 1911 4324; baseline -0.001 -21"><span class='ocrx_word' id='word_1_411' title='bbox 557 4242 746 4305; x_wconf 90' lang='lat' dir='ltr'>altitudinem</span> <span class='ocrx_word' id='word_1_412' title='bbox 769 4247 829 4324; x_wconf 89' lang='lat' dir='ltr'>poli</span> <span class='ocrx_word' id='word_1_413' title='bbox 855 4246 1018 4307; x_wconf 92' lang='lat' dir='ltr'>annotandi</span> <span class='ocrx_word' id='word_1_414' title='bbox 1042 4246 1202 4306; x_wconf 92' lang='lat' dir='ltr'>admodum</span> <span class='ocrx_word' id='word_1_415' title='bbox 1226 4246 1268 4306; x_wconf 91' lang='lat' dir='ltr'>sit</span> <span class='ocrx_word' id='word_1_416' title='bbox 1290 4246 1399 4320; x_wconf 86' lang='lat' dir='ltr'>facilis,</span> <span class='ocrx_word' id='word_1_417' title='bbox 1433 4262 1555 4306; x_wconf 87' lang='lat' dir='ltr'>mouere</span> <span class='ocrx_word' id='word_1_418' title='bbox 1579 4244 1685 4305; x_wconf 92' lang='lat' dir='ltr'>doctos</span> <span class='ocrx_word' id='word_1_419' title='bbox 1708 4242 1800 4316; x_wconf 93' lang='lat' dir='ltr'>volui,</span> <span class='ocrx_word' id='word_1_420' title='bbox 1833 4240 1911 4323; x_wconf 92' lang='lat' dir='ltr'>quod</span> 
     </span>
     <span class='ocr_line' id='line_1_42' title="bbox 557 4330 1912 4415; baseline -0.001 -23"><span class='ocrx_word' id='word_1_421' title='bbox 557 4340 591 4392; x_wconf 89' lang='lat' dir='ltr'>et</span> <span class='ocrx_word' id='word_1_422' title='bbox 613 4331 715 4411; x_wconf 89' lang='lat' dir='ltr'>Tycho</span> <span class='ocrx_word' id='word_1_423' title='bbox 750 4334 799 4395; x_wconf 90' lang='grc'>101.</span> <span class='ocrx_word' id='word_1_424' title='bbox 824 4331 875 4397; x_wconf 85' lang='grc'>95.</span> <span class='ocrx_word' id='word_1_425' title='bbox 900 4335 1202 4415; x_wconf 90' lang='lat' dir='ltr'>Progymnasmatnm</span> <span class='ocrx_word' id='word_1_426' title='bbox 1226 4334 1313 4407; x_wconf 91' lang='grc'>10011,</span> <span class='ocrx_word' id='word_1_427' title='bbox 1352 4334 1592 4407; x_wconf 89' lang='lat' dir='ltr'>considerarent,</span> <span class='ocrx_word' id='word_1_428' title='bbox 1626 4330 1804 4411; x_wconf 90' lang='lat' dir='ltr'>quibusnam</span> <span class='ocrx_word' id='word_1_429' title='bbox 1838 4331 1912 4393; x_wconf 91' lang='grc'>10010</span> 
     </span>
     <span class='ocr_line' id='line_1_43' title="bbox 557 4419 1912 4502; baseline 0.001 -23"><span class='ocrx_word' id='word_1_430' title='bbox 557 4419 713 4482; x_wconf 89' lang='lat' dir='ltr'>Terrarum</span> <span class='ocrx_word' id='word_1_431' title='bbox 737 4423 929 4485; x_wconf 90' lang='lat' dir='ltr'>Ptolemaeus</span> <span class='ocrx_word' id='word_1_432' title='bbox 953 4422 1142 4484; x_wconf 86' lang='lat' dir='ltr'>altitudinem</span> <span class='ocrx_word' id='word_1_433' title='bbox 1165 4422 1227 4502; x_wconf 93' lang='lat' dir='ltr'>poli</span> <span class='ocrx_word' id='word_1_434' title='bbox 1251 4442 1287 4483; x_wconf 79' lang='lat' dir='ltr'>ex</span> <span class='ocrx_word' id='word_1_435' title='bbox 1311 4423 1368 4484; x_wconf 89' lang='lat' dir='ltr'>hac</span> <span class='ocrx_word' id='word_1_436' title='bbox 1393 4420 1584 4499; x_wconf 85' lang='lat' dir='ltr'>longissimae</span> <span class='ocrx_word' id='word_1_437' title='bbox 1618 4420 1677 4481; x_wconf 91' lang='lat' dir='ltr'>diei</span> <span class='ocrx_word' id='word_1_438' title='bbox 1701 4419 1912 4481; x_wconf 89' lang='lat' dir='ltr'>observatione</span> 
     </span>
     <span class='ocr_line' id='line_1_44' title="bbox 557 4507 1913 4591; baseline 0.001 -23"><span class='ocrx_word' id='word_1_439' title='bbox 557 4509 757 4571; x_wconf 87' lang='lat' dir='ltr'>constituerit.</span> <span class='ocrx_word' id='word_1_440' title='bbox 804 4513 920 4574; x_wconf 90' lang='lat' dir='ltr'>Forsan</span> <span class='ocrx_word' id='word_1_441' title='bbox 945 4511 1023 4572; x_wconf 92' lang='lat' dir='ltr'>enim</span> <span class='ocrx_word' id='word_1_442' title='bbox 1048 4510 1116 4572; x_wconf 92' lang='lat' dir='ltr'>hinc</span> <span class='ocrx_word' id='word_1_443' title='bbox 1139 4520 1197 4583; x_wconf 92' lang='grc'>001,</span> <span class='ocrx_word' id='word_1_444' title='bbox 1221 4512 1299 4591; x_wconf 89' lang='lat' dir='ltr'>quod</span> <span class='ocrx_word' id='word_1_445' title='bbox 1323 4518 1393 4571; x_wconf 91' lang='lat' dir='ltr'>ante</span> <span class='ocrx_word' id='word_1_446' title='bbox 1423 4508 1484 4573; x_wconf 84' lang='lat'>100</span> <span class='ocrx_word' id='word_1_447' title='bbox 1508 4527 1603 4570; x_wconf 89' lang='lat' dir='ltr'>annos</span> <span class='ocrx_word' id='word_1_448' title='bbox 1627 4507 1778 4569; x_wconf 88' lang='lat' dir='ltr'>Antonius</span> <span class='ocrx_word' id='word_1_449' title='bbox 1801 4508 1913 4581; x_wconf 86' lang='lat' dir='ltr'>Maria,</span> 
     </span>
     <span class='ocr_line' id='line_1_45' title="bbox 558 4596 1913 4679; baseline -0.002 -20"><span class='ocrx_word' id='word_1_450' title='bbox 558 4597 718 4677; x_wconf 81' lang='lat' dir='ltr'>(lopernici</span> <span class='ocrx_word' id='word_1_451' title='bbox 733 4607 922 4679; x_wconf 89' lang='lat' dir='ltr'>praeceptor,</span> <span class='ocrx_word' id='word_1_452' title='bbox 932 4598 972 4673; x_wconf 76' lang='lat'>³³)</span> <span class='ocrx_word' id='word_1_453' title='bbox 997 4599 1193 4674; x_wconf 86' lang='lat' dir='ltr'>existimavit,</span> <span class='ocrx_word' id='word_1_454' title='bbox 1220 4600 1397 4661; x_wconf 89' lang='lat' dir='ltr'>altitudines</span> <span class='ocrx_word' id='word_1_455' title='bbox 1420 4598 1481 4678; x_wconf 95' lang='lat' dir='ltr'>poli</span> <span class='ocrx_word' id='word_1_456' title='bbox 1505 4598 1535 4659; x_wconf 95' lang='lat' dir='ltr'>in</span> <span class='ocrx_word' id='word_1_457' title='bbox 1550 4596 1685 4658; x_wconf 90' lang='lat' dir='ltr'>omnibus</span> <span class='ocrx_word' id='word_1_458' title='bbox 1702 4596 1812 4658; x_wconf 89' lang='lat' dir='ltr'>ltaliae</span> <span class='ocrx_word' id='word_1_459' title='bbox 1837 4596 1913 4659; x_wconf 89' lang='lat' dir='ltr'>locis</span> 
     </span>
     <span class='ocr_line' id='line_1_46' title="bbox 557 4683 1913 4769; baseline 0.001 -23"><span class='ocrx_word' id='word_1_460' title='bbox 557 4687 744 4749; x_wconf 89' lang='lat' dir='ltr'>decrevisse:</span> <span class='ocrx_word' id='word_1_461' title='bbox 770 4708 876 4769; x_wconf 91' lang='lat' dir='ltr'>nempe</span> <span class='ocrx_word' id='word_1_462' title='bbox 901 4689 926 4749; x_wconf 91' lang='lat' dir='ltr'>si</span> <span class='ocrx_word' id='word_1_463' title='bbox 950 4707 1074 4768; x_wconf 88' lang='lat' dir='ltr'>quorum</span> <span class='ocrx_word' id='word_1_464' title='bbox 1098 4689 1231 4750; x_wconf 91' lang='lat' dir='ltr'>locorum</span> <span class='ocrx_word' id='word_1_465' title='bbox 1248 4688 1441 4749; x_wconf 90' lang='lat' dir='ltr'>Ptolemaeus</span> <span class='ocrx_word' id='word_1_466' title='bbox 1465 4686 1536 4747; x_wconf 93' lang='lat' dir='ltr'>olim</span> <span class='ocrx_word' id='word_1_467' title='bbox 1560 4693 1642 4747; x_wconf 85' lang='lat' dir='ltr'>recte</span> <span class='ocrx_word' id='word_1_468' title='bbox 1667 4683 1820 4747; x_wconf 86' lang='lat' dir='ltr'>notaverit</span> <span class='ocrx_word' id='word_1_469' title='bbox 1838 4686 1913 4747; x_wconf 88' lang='lat' dir='ltr'>lati-</span> 
     </span>
     <span class='ocr_line' id='line_1_47' title="bbox 556 4772 1914 4857; baseline -0.001 -21"><span class='ocrx_word' id='word_1_470' title='bbox 556 4775 685 4851; x_wconf 89' lang='lat' dir='ltr'>tudines,</span> <span class='ocrx_word' id='word_1_471' title='bbox 710 4795 764 4838; x_wconf 92' lang='lat' dir='ltr'>eae</span> <span class='ocrx_word' id='word_1_472' title='bbox 779 4777 995 4855; x_wconf 88' lang='lat' dir='ltr'>posterioribus</span> <span class='ocrx_word' id='word_1_473' title='bbox 1012 4777 1195 4857; x_wconf 89' lang='lat' dir='ltr'>temporibus</span> <span class='ocrx_word' id='word_1_474' title='bbox 1217 4796 1254 4836; x_wconf 84' lang='lat' dir='ltr'>ex</span> <span class='ocrx_word' id='word_1_475' title='bbox 1274 4776 1485 4837; x_wconf 90' lang='lat' dir='ltr'>aestimatione</span> <span class='ocrx_word' id='word_1_476' title='bbox 1505 4774 1699 4853; x_wconf 89' lang='lat' dir='ltr'>longissimae</span> <span class='ocrx_word' id='word_1_477' title='bbox 1715 4772 1775 4836; x_wconf 91' lang='lat' dir='ltr'>diei</span> <span class='ocrx_word' id='word_1_478' title='bbox 1788 4780 1914 4853; x_wconf 88' lang='lat' dir='ltr'>propter</span> 
     </span>
     <span class='ocr_line' id='line_1_48' title="bbox 556 4859 1916 4934; baseline -0.001 -8"><span class='ocrx_word' id='word_1_479' title='bbox 556 4864 754 4927; x_wconf 80' lang='grc' dir='ltr'>1011001100οε</span> <span class='ocrx_word' id='word_1_480' title='bbox 778 4866 898 4927; x_wconf 89' lang='lat' dir='ltr'>modum</span> <span class='ocrx_word' id='word_1_481' title='bbox 927 4865 1109 4927; x_wconf 84' lang='lat' dir='ltr'>excedentes</span> <span class='ocrx_word' id='word_1_482' title='bbox 1139 4863 1230 4925; x_wconf 92' lang='lat' dir='ltr'>nimio</span> <span class='ocrx_word' id='word_1_483' title='bbox 1262 4863 1372 4925; x_wconf 88' lang='grc'>1001101</span> <span class='ocrx_word' id='word_1_484' title='bbox 1404 4871 1532 4925; x_wconf 87' lang='lat' dir='ltr'>auctae:</span> <span class='ocrx_word' id='word_1_485' title='bbox 1571 4863 1621 4924; x_wconf 90' lang='lat' dir='ltr'>vel</span> <span class='ocrx_word' id='word_1_486' title='bbox 1644 4882 1660 4923; x_wconf 91' lang='lat' dir='ltr'>e</span> <span class='ocrx_word' id='word_1_487' title='bbox 1684 4859 1848 4934; x_wconf 89' lang='lat' dir='ltr'>contrariu,</span> <span class='ocrx_word' id='word_1_488' title='bbox 1880 4868 1916 4924; x_wconf 87' lang='lat' dir='ltr'>ut</span> 
     </span>
     <span class='ocr_line' id='line_1_49' title="bbox 558 4949 1915 5033; baseline -0.002 -19"><span class='ocrx_word' id='word_1_489' title='bbox 558 4952 751 5016; x_wconf 87' lang='lat' dir='ltr'>Ptolemaeus</span> <span class='ocrx_word' id='word_1_490' title='bbox 776 4972 829 5014; x_wconf 89' lang='lat' dir='ltr'>eas</span> <span class='ocrx_word' id='word_1_491' title='bbox 852 4954 1083 5033; x_wconf 88' lang='lat' dir='ltr'>investigaverit</span> <span class='ocrx_word' id='word_1_492' title='bbox 1115 4972 1154 5014; x_wconf 85' lang='lat' dir='ltr'>ex</span> <span class='ocrx_word' id='word_1_493' title='bbox 1177 4951 1388 5014; x_wconf 87' lang='lat' dir='ltr'>observatione</span> <span class='ocrx_word' id='word_1_494' title='bbox 1416 4950 1612 5013; x_wconf 78' lang='lat' dir='ltr'>brevissimae</span> <span class='ocrx_word' id='word_1_495' title='bbox 1637 4949 1706 5025; x_wconf 92' lang='lat' dir='ltr'>diei,</span> <span class='ocrx_word' id='word_1_496' title='bbox 1737 4968 1815 5030; x_wconf 89' lang='lat' dir='ltr'>quae</span> <span class='ocrx_word' id='word_1_497' title='bbox 1846 4968 1915 5012; x_wconf 92' lang='lat' dir='ltr'>cum</span> 
     </span>
     <span class='ocr_line' id='line_1_50' title="bbox 558 5036 1916 5122; baseline -0.001 -21"><span class='ocrx_word' id='word_1_498' title='bbox 558 5041 655 5119; x_wconf 89' lang='lat' dir='ltr'>major</span> <span class='ocrx_word' id='word_1_499' title='bbox 675 5043 760 5122; x_wconf 87' lang='lat' dir='ltr'>justo</span> <span class='ocrx_word' id='word_1_500' title='bbox 785 5042 826 5104; x_wconf 89' lang='lat' dir='ltr'>sit</span> <span class='ocrx_word' id='word_1_501' title='bbox 848 5043 886 5104; x_wconf 93' lang='lat' dir='ltr'>ob</span> <span class='ocrx_word' id='word_1_502' title='bbox 910 5041 1119 5115; x_wconf 77' lang='lat' dir='ltr'>retractiones,</span> <span class='ocrx_word' id='word_1_503' title='bbox 1145 5038 1339 5120; x_wconf 88' lang='lat' dir='ltr'>phantasiam</span> <span class='ocrx_word' id='word_1_504' title='bbox 1362 5041 1438 5103; x_wconf 88' lang='grc'>10011</span> <span class='ocrx_word' id='word_1_505' title='bbox 1459 5039 1606 5120; x_wconf 89' lang='lat' dir='ltr'>portionis</span> <span class='ocrx_word' id='word_1_506' title='bbox 1630 5039 1754 5119; x_wconf 89' lang='lat' dir='ltr'>majoris</span> <span class='ocrx_word' id='word_1_507' title='bbox 1777 5036 1916 5101; x_wconf 76' lang='lat' dir='ltr'>extemis</span> 
     </span>
    </p>
   </div>
   <div class='ocr_carea' id='block_1_8' title="bbox 558 5125 1915 5213">
    <p class='ocr_par' dir='ltr' id='par_1_9' title="bbox 558 5125 1915 5213">
     <span class='ocr_line' id='line_1_51' title="bbox 558 5125 1915 5213; baseline -0.001 -22"><span class='ocrx_word' id='word_1_508' title='bbox 558 5146 652 5210; x_wconf 84' lang='lat' dir='ltr'>supra</span> <span class='ocrx_word' id='word_1_509' title='bbox 674 5130 859 5195; x_wconf 81' lang='grc' dir='ltr'>1101110010οι</span> <span class='ocrx_word' id='word_1_510' title='bbox 881 5139 913 5195; x_wconf 90' lang='grc'>01</span> <span class='ocrx_word' id='word_1_511' title='bbox 936 5128 1141 5213; x_wconf 85' lang='lat' dir='ltr'>depressionis</span> <span class='ocrx_word' id='word_1_512' title='bbox 1164 5129 1324 5209; x_wconf 86' lang='lat' dir='ltr'>sphaerae.</span> <span class='ocrx_word' id='word_1_513' title='bbox 1369 5129 1490 5192; x_wconf 86' lang='lat' dir='ltr'>Monuit</span> <span class='ocrx_word' id='word_1_514' title='bbox 1515 5129 1592 5191; x_wconf 88' lang='lat' dir='ltr'>haec</span> <span class='ocrx_word' id='word_1_515' title='bbox 1619 5128 1727 5192; x_wconf 85' lang='lat' dir='ltr'>eadem</span> <span class='ocrx_word' id='word_1_516' title='bbox 1755 5125 1915 5193; x_wconf 85' lang='lat' dir='ltr'>Gilbertus</span> 
     </span>
    </p>
   </div>
   <div class='ocr_carea' id='block_1_9' title="bbox 0 0 2296 6192">
    <p class='ocr_par' dir='ltr' id='par_1_10' title="bbox 0 0 2296 6192">
     <span class='ocr_line' id='line_1_52' title="bbox 0 0 2296 6192; baseline 0 1"><span class='ocrx_word' id='word_1_517' title='bbox 0 0 2296 6192; x_wconf 95' lang='lat' dir='ltr'> </span> 
     </span>
    </p>
   </div>
  </div>
 </body>
</html>
