4584 6192
1002 553 1083 621 cant
1101 555 1124 642 1²
1264 522 1269 531 '
1676 539 1739 622 tae

468 728 558 809 Prop.
586 730 672 791 VIII.
720 730 835 793 Lucis
860 733 989 796 radius
1018 734 1108 794 nihil
1134 742 1192 793 est
1219 734 1260 793 de
1284 734 1367 793 luce
1392 733 1476 812 ipsa
1506 734 1737 812 egrediente.

383 822 457 883 natu
481 820 584 879 radius
609 838 663 899 per
687 813 714 879 4.
748 820 820 883 nihil
854 822 934 883 alind
958 831 1005 884 est
1038 822 1094 884 nisi
1127 824 1192 901 ipse
1224 830 1322 883 ructus
1353 822 1438 883 lucis.
1487 822 1568 883 Sane
1592 831 1624 883 nt
1649 832 1681 884 et
1706 824 1734 886 in

383 919 459 971 tnotn
484 909 610 990 physico
634 919 734 975 motus
758 910 852 986 ipsius
874 920 921 972 est
940 921 1025 971 recta
1046 912 1134 984 linea,
1151 911 1308 991 physicum
1330 931 1400 972 vero
1419 912 1528 972 mobile
1547 920 1596 971 est
1611 930 1733 989 corpus:

384 1000 421 1059 ita
443 998 475 1058 in
501 997 567 1059 lnce
592 1006 691 1058 motus
715 998 780 1076 ipse
804 1008 852 1059 est
874 1010 958 1061 recta
990 1000 1093 1062 itidem
1125 1000 1220 1072 linea,
1253 1000 1363 1060 mobile
1386 1019 1458 1060 vero
1483 1008 1531 1061 est
1561 1002 1734 1078 superficies

381 1086 537 1167 ‹poaedam
583 1086 626 1147 Et
650 1096 683 1147 nt
704 1087 766 1148 illic
798 1096 882 1149 recta
914 1098 1013 1149 motus
1042 1109 1098 1150 non
1132 1090 1263 1167 pertinet
1287 1089 1325 1149 ad
1355 1108 1477 1168 corpus,
1512 1089 1555 1148 sic
1579 1088 1626 1152 bic
1651 1096 1735 1150 recta

381 1184 477 1237 rnotus
501 1193 561 1235 non
586 1176 718 1253 pertinet
741 1177 779 1237 ad
805 1178 1001 1257 superficiem.

465 1263 557 1343 Prop.
584 1264 639 1324 IX.
688 1262 799 1326 Sicut
829 1286 868 1327 se
899 1266 1034 1327 babent
1067 1266 1289 1344 sphaericae
1322 1265 1567 1342 superficies,
1602 1266 1734 1345 quibus

379 1353 479 1431 origo
514 1352 613 1413 lucis
647 1372 710 1432 pro
745 1362 872 1415 ceretro
907 1364 976 1428 est,
1016 1355 1180 1433 amplior
1213 1355 1255 1414 ad
1293 1354 1572 1431 angustiorem:
1613 1356 1665 1415 ita
1697 1375 1734 1415 se

380 1442 488 1504 babet
512 1442 703 1502 fortitudo
733 1462 794 1502 seu
827 1444 998 1504 densitas
1031 1443 1126 1504 lucis
1159 1441 1405 1522 radiornmin
1436 1444 1649 1521 angustiori
1690 1444 1733 1503 ad
1800 1446 1805 1453 “

380 1532 482 1593 illam
507 1531 543 1591 ln
568 1530 708 1591 laxiori
733 1532 933 1610 sphaerica
965 1532 1187 1611 superficie,
1213 1532 1280 1592 hoc
1304 1539 1361 1591 est
1389 1532 1607 1592 conversim.
1655 1532 1733 1593 Nam

379 1639 427 1699 pet
450 1617 483 1681 6.
506 1620 537 1681 7.
561 1620 737 1681 tantundem
763 1621 836 1681 lucis
860 1623 959 1682 estin
984 1621 1150 1700 angustiori
1174 1620 1332 1698 sphaerica
1355 1619 1510 1698 superficie
1534 1627 1677 1697 quantum
1702 1620 1732 1680 in

380 1709 502 1782 fusiore,
541 1716 628 1768 tanto
650 1728 728 1787 ‘ergo
763 1710 823 1770 illic
857 1710 997 1790 stipatior
1021 1720 1051 1771 et
1083 1710 1205 1769 densior
1237 1727 1325 1787 quarn
1349 1708 1407 1770 hic.
1455 1706 1488 1768 Si
1523 1718 1622 1769 autem
1656 1709 1732 1769 radii

381 1798 497 1859 linearis
521 1797 586 1858 alia
609 1808 699 1877 atque
724 1799 785 1858 alia
813 1809 896 1859 esset
926 1799 1061 1860 densitas
1084 1817 1137 1877 pro
1162 1799 1222 1858 situ
1247 1798 1284 1857 ad
1316 1805 1449 1858 centrum
1475 1796 1567 1875 (quod
1591 1816 1676 1875 prop.
1701 1796 1732 1857 7.
1772 1853 1782 1874 ,

380 1894 518 1965 negatum
545 1889 619 1958 est),
643 1905 692 1947 res
716 1887 805 1948 aliter
828 1908 861 1947 se
886 1888 1021 1949 haberet.

462 1975 555 2052 Prop.
582 1973 620 2036 X.
668 1976 748 2035 Lux
772 1995 839 2036 non
864 1976 1060 2056 impeditur
1090 1976 1293 2036 soliditate
1327 1992 1519 2052 corporum
1548 1982 1734 2054 quatenns

380 2064 513 2136 solida,
540 2082 607 2142 qno
632 2064 746 2124 minus
771 2083 832 2143 per
856 2084 898 2125 ea
921 2065 1089 2126 transire
1114 2064 1246 2143 possit.
1287 2060 1434 2141 Quicquid
1460 2063 1537 2123 enim
1561 2062 1731 2141 impeditur,

381 2153 470 2213 abeo
496 2152 658 2231 impeditur
683 2161 735 2214 aut
768 2154 942 2232 expellitur,
976 2154 1053 2234 quod
1085 2163 1193 2213 estex
1227 2153 1332 2212 codem
1364 2170 1490 2228 genere,
1526 2158 1558 2211 nt
1581 2169 1733 2231 corpusa

381 2260 506 2321 corpore.
556 2237 663 2302 Solida
687 2242 797 2303 liabent
823 2252 884 2303 tres
914 2243 1114 2304 dimensiones
1143 2251 1290 2321 qnatenus
1315 2239 1423 2300 solida.
1470 2239 1545 2300 Luci
1569 2257 1623 2318 per
1646 2236 1677 2301 b.
1702 2250 1733 2300 et

382 2328 406 2390 I.
436 2339 557 2392 tanturn
592 2329 669 2390 duae
700 2339 874 2409 competunt
906 2332 1116 2392 dimensiones.
1172 2330 1253 2408 Ergo
1287 2329 1337 2390 lux
1371 2328 1418 2388 vel
1453 2328 1518 2406 ejus
1551 2328 1626 2388 radii
1660 2328 1732 2390 nibil

382 2420 527 2497 patiuntur
548 2417 689 2480 aeolidis
712 2432 858 2499 qnatenus
878 2420 985 2494 solida,
1006 2440 1060 2480 nec
1081 2440 1113 2479 se
1136 2428 1238 2480 mutuo
1262 2418 1396 2478 afficiunt
1412 2417 1510 2495 quoad
1535 2417 1730 2478 soliditatem.

461 2507 554 2587 Prop.
580 2506 637 2569 XI.
684 2509 915 2570 Pellucidum
941 2528 1074 2587 corpus
1106 2527 1209 2568 unum
1233 2516 1305 2578 est,
1338 2506 1443 2584 cujus
1475 2505 1733 2566 consistentia

385 2598 606 2674 geometrica
629 2616 691 2657 sen
715 2598 874 2675 partium
897 2599 1124 2659 internarum
1144 2597 1253 2669 situs,
1279 2614 1380 2674 quem
1399 2593 1588 2668 obtinent,
1614 2594 1732 2655 fluore

386 2685 500 2765 aliquo
535 2686 770 2747 constitutus
803 2699 868 2747 est.
925 2688 1004 2749 Nam
1038 2686 1150 2747 humidi
1184 2685 1318 2745 delinitio
1356 2683 1538 2762 geometrica
1572 2692 1620 2744 est
1652 2683 1731 2762 apud

385 2773 572 2836 Aristotelem
583 2792 593 2846 3
629 2774 658 2834 id
691 2795 797 2855 nempe
831 2776 939 2836 dicitur
972 2776 1141 2847 humidum,
1176 2773 1254 2853 quod
1286 2792 1344 2833 non
1383 2772 1560 2833 terminatur
1592 2792 1624 2833 se
1655 2771 1731 2851 ipso.

388 2859 477 2931 Quare
500 2872 607 2942 partes
633 2881 735 2923 omnes
769 2864 910 2926 minimae
935 2885 953 2924 a
977 2884 1009 2924 se
1035 2873 1135 2924 mutuo
1168 2862 1384 2935 terminantur,
1418 2868 1573 2940 totumque
1595 2861 1733 2941 partibus

388 2950 501 3013 internis
525 2953 617 3030 plane
642 2952 751 3025 unitur,
783 2954 872 3014 nullis
896 2953 1108 3032 superficiebus
1140 2962 1210 3012 actu
1243 2950 1444 3029 distinguitur.
1490 2949 1559 3009 Jarn
1584 2967 1655 3011 vero
1678 2967 1733 3028 per
1772 2945 1783 2958 '

391 3037 429 3101 tt.
452 3040 594 3101 soliditas
619 3051 766 3119 qnatenus
792 3043 929 3102 soliditas
954 3061 1011 3102 nou
1036 3042 1160 3120 impedit
1184 3041 1278 3101 lucem
1302 3041 1331 3100 in
1357 3038 1497 3100 transitu.
1539 3038 1621 3117 Ergo
1646 3038 1732 3118 quic·

390 3129 558 3205 caldunum
583 3139 642 3201 est,
667 3125 846 3208 pellucidum
872 3142 928 3191 est.
968 3133 1013 3192 At
1036 3130 1060 3190 si
1086 3150 1143 3209 qua
1167 3129 1275 3208 partim
1300 3128 1507 3208 liquescebant
1530 3127 1639 3205 partim
1663 3145 1731 3200 non,

390 3216 429 3277 illa
441 3219 483 3279 sic
498 3218 595 3279 mixta
611 3238 699 3279 nnurn
714 3221 892 3298 pellucidum
914 3239 970 3280 non
992 3220 1189 3280 constituunt.
1202 3216 1235 3289 ⁴¹)
1269 3217 1415 3278 Extendit
1435 3225 1535 3277 autem
1550 3235 1582 3276 se
1599 3216 1732 3277 definitio

391 3304 450 3367 baec
472 3326 526 3386 per
551 3306 652 3388 omnia
676 3327 802 3387 corpora
825 3311 976 3370 naturalia
999 3308 1206 3387 aliquatenus:
1232 3307 1310 3386 quod
1334 3306 1423 3385 plane
1447 3304 1632 3366 Aristoteles
1657 3304 1734 3366 libro

391 3393 418 3451 de
437 3395 603 3457 Sensilibns
628 3399 816 3475 approbavit.
864 3397 942 3458 Sunt
967 3406 1065 3458 autem
1097 3396 1247 3476 pellucido
1271 3395 1346 3457 dura
1375 3395 1480 3456 cadem
1506 3402 1537 3454 et
1560 3392 1731 3455 tinnientia.

393 3480 443 3545 Nec
465 3484 592 3563 impedit
614 3485 751 3547 colorata
775 3506 853 3560 esse,
879 3506 954 3566 quae
979 3485 1090 3546 debent
1113 3505 1181 3545 esse
1205 3483 1364 3564 pellucido,
1389 3491 1421 3544 nt
1445 3483 1533 3545 infra.

462 3574 552 3652 Prop.
577 3573 651 3634 XII.
699 3576 774 3635 Lux
805 3576 976 3637 afficitur
1000 3597 1017 3634 a
1045 3573 1322 3654 superficiebus
1351 3571 1618 3634 occurrentium
1649 3590 1734 3650 quo·

464 3759 490 3821 ⁸)
508 3760 561 3811 Sub
579 3760 654 3809 finem
673 3761 727 3810 libri
747 3761 870 3825 Keplerus
890 3762 985 3811 addidit
1015 3761 1113 3812 ,notas
1141 3754 1267 3822 aliquas,
1294 3751 1392 3821 quibus
1415 3750 1575 3803 obscuriora
1601 3750 1734 3802 nonnulla

394 3830 440 3885 locs
457 3850 527 3905 quae
549 3834 622 3887 inter
642 3836 821 3904 relegendum
844 3836 1028 3889 occurrebant
1049 3834 1236 3887 illustrantur.
1280 3833 1328 3892 Tu,
1351 3832 1451 3892 lector,
1476 3830 1554 3898 cujus
1576 3831 1628 3882 hoe
1648 3844 1734 3881 causa

394 3908 439 3975 fed,
458 3914 518 3967 boni
540 3930 644 3983 quaeso
666 3916 805 3968 consule.“
845 3922 913 3981 Quas
927 3923 1101 3971 annotationes
1119 3936 1163 3969 nos
1178 3924 1245 3982 justo
1258 3921 1311 3968 loco
1327 3918 1482 3980 apposuimus
1494 3918 1607 3981 signatas
1619 3911 1733 3980 signo').

394 3984 449 4046 Qun
464 4008 519 4041 vero
538 4007 583 4041 nos
603 3992 745 4054 adjicienda
764 3995 912 4048 censuimus,
932 3995 977 4042 sub
991 3994 1064 4042 finem
1079 3992 1184 4056 Opticae
1204 3992 1326 4041 continuis
1347 3990 1454 4037 numeris
1473 3987 1621 4037 addidimus.
1651 3987 1736 4037 Pn'ma

394 4073 510 4125 nasutio,
530 4086 596 4135 quae
615 4072 647 4121 ad
667 4074 765 4121 verbum
786 4074 967 4137 ,pellucidum“
987 4076 1102 4137 pertinet,
1122 4073 1186 4120 haec
1206 4078 1260 4120 est:
1297 4061 1461 4116 Consecutio
1492 4068 1536 4113 est
1567 4060 1593 4112 in
1627 4059 1734 4133 origine

393 4143 643 4215 anteponendum.
686 4147 871 4216 Excipiuntur
893 4155 985 4200 autem
1007 4147 1088 4217 nigra
1111 4146 1137 4198 in
1159 4162 1262 4197 summo
1284 4145 1389 4213 gradu,
1421 4158 1491 4212 quae
1512 4140 1565 4193 etsi
1587 4157 1652 4203 una,
1674 4143 1734 4211 pel·

393 4219 465 4277 lucida
493 4234 586 4279 tamen
610 4243 664 4278 non
686 4233 763 4288 sunt,
796 4235 910 4296 propter
941 4228 1066 4280 accidens
1090 4224 1184 4279 summi
1217 4224 1350 4295 nigroris,
1383 4229 1415 4274 ut
1436 4220 1561 4290 sequitur
1582 4238 1662 4289 prop.
1690 4222 1733 4274 l'l.

393 4299 489 4358 Etcum
518 4306 571 4357 Irae
603 4306 767 4359 limitatione
797 4309 890 4376 accipe
917 4325 1008 4360 rocem
1041 4307 1212 4366 ,colorata“,
1245 4303 1290 4355 ubi
1320 4302 1402 4355 etiam
1428 4301 1503 4353 color
1530 4318 1632 4354 summe
1654 4302 1735 4354 albus

393 4383 527 4452 excipitur,
560 4403 613 4437 non
635 4394 773 4455 quatenus
796 4388 887 4447 color,
920 4390 967 4440 sed
996 4404 1045 4455 per
1071 4386 1214 4446 accidens,
1248 4390 1383 4453 quatenus
1413 4382 1435 4434 is
1466 4380 1573 4434 nonnisi
1601 4398 1652 4450 per
1672 4398 1735 4434 con·

394 4459 488 4533 fragosa
521 4482 639 4534 corpora
674 4461 760 4535 (quac
796 4468 935 4536 pellucida
970 4484 1022 4520 non
1052 4467 1127 4525 sunt)
1165 4462 1369 4534 repraesentari
1405 4467 1508 4531 potest.
1565 4462 1642 4523 Quod
1669 4477 1735 4513 vero

394 4538 426 4592 bic
448 4553 476 4598 et
510 4562 590 4614 prop.
625 4546 669 4599 l'l.
704 4546 849 4599 Aristoteli
886 4548 978 4599 tribuo
1016 4548 1087 4599 lianc
1117 4546 1300 4604 sententiam,
1340 4558 1425 4594 causa
1452 4548 1496 4593 eat
1524 4543 1595 4610 quod
1624 4541 1646 4593 is
1676 4541 1735 4592 loco

394 4619 460 4675 citata
490 4633 636 4695 postquam
667 4625 784 4678 dixisset
805 4629 837 4679 dc
864 4644 952 4697 aqua,
985 4633 1051 4679 adro
1073 4633 1101 4678 et
1124 4626 1145 4677 si
1169 4642 1224 4695 qua
1245 4624 1303 4676 alia
1330 4622 1368 4673 sic
1398 4624 1554 4674 dicerentur
1584 4618 1736 4689 (pellucido

395 4701 482 4772 tempe)
504 4704 665 4775 subjungit:
688 4706 837 4767 ἔντουτοις
850 4709 881 4761 de
894 4708 951 4774 f3n,
973 4726 1017 4759 και
1032 4704 1127 4767 ἄλλοις
1146 4721 1277 4777 capacia
1297 4703 1458 4775 ἐνυπαρχει.
1478 4719 1535 4761 τοις
1553 4720 1608 4771 μιν
1619 4702 1736 4770 μαλλον,

395 4795 438 4842 ¹⁰¹5
453 4786 483 4840 de
501 4782 591 4853 ἦττον,
631 4786 785 4838 Videbatur
805 4788 903 4848 dicere,
926 4795 1040 4856 praeter
1061 4803 1096 4837 ea
1115 4803 1187 4854 quae
1209 4782 1386 4837 communiter
1407 4780 1547 4851 pellucida
1568 4780 1733 4838 dicerentur,

395 4860 486 4933 reliquls
507 4865 591 4919 etiarn
616 4866 777 4934 corporibus
798 4866 887 4919 inesse
909 4862 986 4920 hauc
1003 4875 1129 4919 naturam
1153 4866 1299 4917 secundnm
1325 4863 1413 4932 magis
1436 4867 1466 4913 et
1494 4860 1589 4913 minus.
1633 4856 1735 4921 Quodsi

395 4943 416 4988 lc
441 4944 574 4997 distinctio
609 4946 700 4998 verior
735 4946 818 4998 aliter
846 4949 940 5009 docet,
977 4964 1050 4999 exue
1084 4947 1155 4998 lianc
1184 4942 1350 4997 sententiam
1380 4939 1548 4994 auctoritate
1575 4936 1734 5008 philosophi

395 5018 492 5093 nibiqne
521 5026 619 5077 nudatn
649 5024 769 5080 remitte.
816 5032 952 5095 (Compara
970 5048 1025 5081 eum
1045 5032 1082 5079 his
1102 5046 1149 5086 ea,
1169 5045 1233 5096 qnae
1252 5029 1374 5093 Keplerns
1395 5028 1482 5077 eadem
1497 5026 1529 5075 de
1548 5041 1574 5077 re
1593 5023 1735 5090 perscripsit

394 5094 516 5166 Bmggero
535 5118 558 5166 p.
580 5099 614 5148 50
631 5116 665 5150 ss.
684 5102 847 5167 praemissis.)
