4584 6192
465 586 531 658 soe
944 586 1340 655 mssa-remmus

465 768 551 832 wlus
579 785 651 828 vero
680 768 835 830 flammeus
863 775 961 829 atrum
992 766 1109 828 discum
1137 766 1327 830 circumdans
1358 766 1547 847 intelligatur
1574 785 1632 849 per
1663 763 1735 845 Cea,
1758 766 1820 843 kat.

465 857 562 939 Igitur
583 855 622 917 cb
645 855 702 917 hac
724 855 808 919 Solis
829 855 967 937 portione
989 857 1037 934 yll,
1067 874 1143 936 quae
1166 856 1323 936 superfuit,
1350 864 1433 918 totus
1455 864 1525 933 aer,
1553 876 1615 920 nou
1637 857 1667 920 is
1691 866 1821 934 tautum

466 947 517 1030 qui
539 945 621 1008 circa
642 944 759 1008 Lunam
782 945 811 1006 iu
835 942 878 1021 ζο,
902 944 956 1006 sed
978 952 1011 1005 et
1032 945 1070 1017 is,
1093 945 1143 1025 qui
1166 943 1246 1006 inter
1264 946 1380 1007 Lunam
1404 954 1437 1007 et
1458 946 1558 1009 risum
1580 946 1612 1008 in
1635 946 1742 1028 spatio
1758 945 1822 1027 ζμ,

465 1033 675 1099 illustrabatur
689 1052 727 1096 ex
742 1053 846 1115 aequo.
883 1034 1080 1115 Nequaquam
1094 1034 1188 1113 igitur
1204 1033 1235 1096 iu
1251 1035 1332 1096 aeris
1353 1034 1491 1115 portione
1505 1038 1541 1097 sl
1555 1035 1678 1117 species
1693 1039 1823 1101 rutunda

466 1124 609 1188 deficiens
631 1122 792 1204 splendore
814 1123 995 1186 circumfuso
1017 1122 1242 1203 repraesentari
1264 1123 1372 1202 potuit

409 1211 411 1215 ’
554 1211 644 1275 Adde
673 1212 752 1293 quod
780 1213 886 1275 umbra
907 1212 1012 1274 Lunae
1039 1234 1082 1285 ss,
1112 1230 1188 1293 quae
1218 1235 1238 1273 s
1262 1212 1438 1276 Flaudriam
1465 1231 1526 1274 uon
1560 1214 1824 1295 complectebatur

467 1308 554 1385 (pars
576 1300 684 1382 quippe
706 1300 790 1364 Solis
812 1302 847 1381 γβ
868 1301 910 1364 ibi
934 1300 1099 1374 exstabat),
1123 1301 1219 1363 multo
1241 1302 1339 1364 adhuc
1368 1301 1488 1381 lougius
1510 1312 1712 1382 procurreret
1734 1306 1823 1368 men-

330 1386 335 1396 ’
467 1390 580 1456 diondi
610 1389 745 1452 lateres
774 1411 881 1453 versus
909 1390 1076 1471 Hispaniae
1115 1390 1188 1451 litus
1229 1390 1499 1464 mediterraneum,
1529 1392 1610 1472 quod
1637 1392 1709 1472 jam
1739 1394 1824 1457 subs

466 1480 673 1559 intelligatur:
704 1479 805 1561 itaque
836 1479 967 1542 circulus
1002 1478 1174 1558 hujusmodi
1202 1488 1268 1542 ater
1302 1478 1463 1562 splendore
1493 1478 1705 1544 circumdatus
1737 1483 1823 1565 plane

466 1588 526 1633 non
557 1567 836 1648 comprehendisset
856 1568 961 1632 Solem
993 1576 1025 1628 et
1046 1569 1179 1643 Lunam,
1209 1569 1265 1631 sed
1290 1570 1329 1631 ad
1361 1568 1518 1631 meridiem
1547 1570 1695 1634 stetisset
1722 1581 1822 1636 totus:

466 1658 551 1722 visus
573 1675 646 1718 vero
667 1676 764 1737 parva
786 1658 833 1720 sui
854 1665 951 1737 parte,
974 1656 1136 1737 potissima
1157 1666 1228 1737 post
1249 1667 1368 1721 montes
1390 1658 1530 1720 abiisset
1575 1658 1727 1724 circulus
1749 1663 1824 1724 enin

466 1769 514 1819 n,
536 1746 587 1828 qui
609 1746 869 1827 comprehenditur
896 1745 1003 1808 umbra
1024 1754 1057 1807 et
1077 1746 1202 1826 proinde
1225 1756 1292 1810 ater
1322 1754 1467 1828 apparet,
1499 1748 1631 1811 amictas
1661 1750 1824 1830 splendore

467 1835 718 1900 circumsistentis
748 1836 829 1899 seris
851 1838 890 1911 lp
917 1843 1005 1897 extra
1034 1836 1202 1911 versantis,
1233 1836 1302 1913 hic,
1325 1837 1461 1917 inquam,
1493 1837 1644 1912 circulus,
1670 1848 1709 1902 ut
1731 1840 1823 1915 rides,

467 1933 551 1989 tctus
573 1924 657 1987 cadit
678 1924 758 1987 iufra
779 1924 890 1987 lineam
912 1930 959 2000 sd,
982 1924 1013 1986 iu
1037 1944 1096 2005 qua
1118 1925 1195 1987 imus
1217 1926 1322 1989 Lunae
1345 1944 1450 2006 margo
1473 1945 1512 1987 ex
1534 1949 1554 1987 s
1575 1930 1727 1993 cernitur.

556 2012 747 2094 Quapropter
767 2014 926 2076 materiam
951 2013 1042 2075 sliam
1061 2014 1156 2076 multo
1179 2014 1383 2078 sublimiorem
1408 2023 1478 2079 aere
1492 2016 1659 2080 Flaudn'co
1676 2021 1714 2081 tr
1734 2019 1825 2082 fuisse

468 2111 603 2186 oportet,
631 2103 663 2165 iu
692 2122 751 2184 qua
781 2104 899 2183 species
928 2103 1065 2164 flammae
1095 2103 1211 2166 discum
1236 2105 1342 2167 Lunae
1371 2113 1470 2167 atrum
1499 2104 1671 2185 cingentis,
1704 2129 1726 2170 a
1754 2108 1824 2172 Sole

466 2194 643 2274 impressae,
666 2192 967 2272 repraesentabatur:
991 2200 1024 2254 et
1041 2192 1274 2255 illustrationem
1297 2194 1417 2274 quidem
1440 2193 1506 2272 ejus
1528 2194 1607 2256 adeo
1630 2197 1762 2272 fortem,
1785 2204 1823 2271 ut,

468 2282 529 2345 etsi
550 2281 601 2344 hic
621 2300 737 2363 quoque
755 2289 809 2344 aer
821 2283 856 2344 st
877 2301 896 2343 a
914 2281 1064 2362 particula
1079 2281 1162 2346 Solis
1177 2284 1212 2361 νβ
1234 2283 1424 2346 qulendria
1442 2290 1526 2345 totus
1548 2292 1617 2346 erat
1639 2285 1822 2359 illustratus,

468 2371 522 2434 ille
544 2379 646 2433 umen
669 2369 813 2452 splendor
834 2389 882 2433 ex.
894 2369 930 2443 ξό
944 2370 992 2432 vel
1008 2393 1058 2449 pu,
1081 2372 1160 2435 huuc
1177 2390 1216 2433 ex
1230 2373 1264 2451 γβ
1281 2371 1354 2434 Sole
1377 2372 1513 2435 vinceret
1527 2381 1560 2435 et
1574 2373 1615 2435 ab
1637 2374 1702 2438 bac
1724 2385 1825 2438 nostra

470 2460 551 2524 aeris
573 2463 610 2523 sl
629 2459 833 2524 illustratione
864 2479 924 2522 nou
956 2460 1113 2536 confusus,
1145 2480 1206 2523 non
1236 2479 1416 2542 oppressus,
1448 2461 1593 2524 distincte
1620 2463 1654 2526 in
1678 2489 1700 2528 s
1726 2464 1825 2528 oeulos

437 2589 442 2600 -
470 2550 697 2613 observatomm
719 2549 925 2612 descenderet.

556 2639 689 2702 Rmsum
711 2639 790 2701 idem
811 2637 997 2718 probabitur,
1021 2637 1048 2700 si
1071 2637 1156 2700 locus
1179 2648 1315 2719 uterque,
1337 2637 1485 2719 Neapolis
1507 2646 1541 2699 et
1560 2639 1733 2718 leodium,
1756 2662 1823 2705 ccu-

468 2727 642 2810 jungantur.
687 2729 756 2791 Non
786 2737 835 2791 est
863 2726 1044 2801 verisimile,
1076 2727 1214 2790 omnibus
1243 2727 1320 2789 locis
1350 2727 1476 2791 eandem
1509 2747 1579 2790 esse
1610 2733 1697 2794 aeris
1730 2731 1821 2794 nostri

349 2864 354 2874 .
470 2816 710 2882 crassitudinem.
754 2817 942 2881 Aristoteles
964 2817 1063 2878 Ponto
1086 2816 1229 2897 pinguem
1251 2824 1282 2878 et
1304 2815 1510 2880 albescentem
1533 2818 1701 2898 splendore
1725 2820 1824 2883 tribuit

471 2915 582 2982 aerem,
605 2906 724 2989 qualem
744 2906 875 2970 Athenis
898 2925 957 2968 non
980 2904 1066 2967 vidit
1111 2906 1155 2969 Et
1176 2925 1253 2989 quae
1275 2905 1405 2968 historia
1427 2906 1485 2968 hoc
1507 2926 1567 2969 non
1590 2908 1753 2973 inculcat?
1785 2912 1823 2973 At

399 3067 403 3074 ‚
473 2996 700 3077 phaenomenon
728 2997 799 3072 hoc,
833 2995 912 3077 quod
933 2995 1002 3076 quis
1030 2994 1111 3057 seris
1143 2994 1296 3057 crassitiei
1326 2994 1459 3057 tribuere
1487 2995 1581 3069 velit,
1610 2996 1697 3061 idem
1721 3000 1822 3062 luitis

473 3084 550 3148 locis
574 3085 800 3148 diversissimis.
847 3083 925 3158 Quis
949 3083 1028 3146 euim
1050 3085 1167 3147 coelum
1190 3084 1338 3148 celticum
1362 3103 1428 3146 cum
1451 3084 1559 3147 Italico
1583 3087 1823 3169 comparaverit?

472 3173 571 3256 Igitur
591 3193 651 3237 non
680 3181 733 3237 aer
761 3174 850 3238 nobis
881 3173 1073 3253 superfusus,
1106 3175 1161 3237 sed
1191 3173 1346 3236 sublimior
1374 3174 1475 3254 aliqua
1504 3174 1658 3258 planeque
1687 3177 1823 3242 coelestis

472 3263 600 3327 materia
622 3263 813 3345 splendorem
836 3264 914 3326 huuc
937 3283 956 3324 a
978 3262 1050 3326 Sole
1074 3271 1232 3344 exceptum
1253 3264 1358 3325 Lunae
1381 3264 1574 3343 circumiecit

560 3351 709 3424 Quorsum
739 3354 829 3423 haec,
861 3351 975 3433 inquis,
1009 3358 1062 3413 aut
1085 3353 1155 3433 quid
1182 3353 1239 3415 hoc
1266 3352 1306 3414 sd
1329 3351 1445 3427 thema,
1470 3372 1528 3433 quo
1551 3356 1728 3432 contendis,
1758 3354 1822 3420 ccci

473 3443 630 3507 materiam
656 3463 723 3506 esse
747 3440 954 3505 alterabilem?
1000 3439 1107 3511 Quidsi
1130 3460 1257 3521 namque
1281 3450 1423 3504 constans
1447 3441 1489 3503 sit
1515 3442 1563 3505 hic
1586 3444 1739 3525 splendor
1760 3443 1822 3507 coeli

474 3534 556 3596 circa
578 3532 680 3596 Solem
713 3541 767 3594 aut
793 3534 925 3604 Lunam,
960 3531 1077 3610 quoties
1109 3532 1230 3610 eclipsis
1263 3531 1364 3611 aliqua
1395 3530 1477 3593 Solis
1509 3533 1579 3594 est?
1626 3534 1750 3616 Nempe
1777 3536 1822 3596 hoc

473 3624 570 3705 ipsum
593 3622 725 3703 pertinet
748 3622 787 3684 ad
811 3621 1015 3700 iutegritatem
1039 3621 1220 3700 argumenti,
1240 3620 1304 3699 jam
1328 3639 1415 3700 porro
1439 3620 1558 3683 diversa
1581 3623 1737 3705 planeque
1761 3643 1820 3687 eon·

473 3711 567 3776 traria
591 3712 748 3774 ostendere
772 3711 919 3791 exempla,
943 3717 978 3772 ut
996 3720 1151 3789 appareat,
1177 3710 1253 3771 huuc
1272 3710 1460 3790 splendorem
1483 3710 1513 3772 iu
1529 3710 1711 3790 eclipsibus,
1735 3716 1822 3793 itaque

473 3811 505 3865 et
528 3803 604 3863 hauc
626 3801 771 3863 materiae
796 3798 937 3862 coelestis
961 3800 1128 3863 crassitiem
1152 3819 1210 3861 non
1234 3819 1301 3861 esse
1324 3799 1508 3879 perpetuam.
1552 3798 1742 3884 Quanquam
1764 3800 1820 3884 quid

473 3891 616 3970 exemplis
640 3909 724 3971 opus,
748 3910 825 3970 quae
848 3888 976 3970 plurima
999 3908 1054 3968 ego
1078 3889 1106 3950 in
1131 3888 1250 3967 Opticis
1274 3888 1372 3951 retuli.
1418 3888 1547 3951 Tantum
1572 3890 1602 3951 iu
1632 3894 1743 3955 ultimo
1766 3912 1820 3955 me

472 3999 596 4043 neamus
620 3980 690 4042 anni
718 3975 822 4051 1560,
845 3979 929 4058 cujus
953 3977 1023 4039 anui
1047 3979 1207 4060 deliquium
1231 3978 1396 4059 stupendas
1410 3978 1528 4040 induxit
1540 3979 1728 4045 Lusitaniae
1747 3993 1820 4045 teue-

472 4069 553 4132 bras.
590 4077 650 4138 (vid
670 4075 728 4142 ope
745 4092 770 4142 p.
783 4073 858 4138 ³15.)
902 4067 970 4129 Etsi
993 4066 1084 4146 igitur
1107 4068 1194 4129 Luna
1218 4069 1245 4130 in
1270 4067 1411 4147 perigaeo
1441 4067 1513 4140 snit,
1545 4088 1583 4129 ue
1617 4078 1726 4135 tamen
1749 4071 1819 4133 exis·

472 4158 576 4231 times,
608 4159 682 4221 solis
714 4157 922 4220 astronomicis
950 4156 1182 4219 circumstantiis
1212 4168 1318 4219 auctas
1341 4157 1409 4219 illas
1432 4158 1589 4233 tenebras,
1625 4161 1700 4240 quin
1732 4160 1820 4243 potius

473 4248 529 4311 hoc
552 4256 687 4323 statuas,
721 4249 840 4310 delectu
872 4246 1017 4309 materiae
1045 4246 1186 4309 coelestis
1214 4246 1402 4326 splendorem
1436 4247 1497 4309 late
1520 4247 1710 4327 perferentis
1733 4250 1820 4330 potis-

354 4374 357 4380 ·
473 4337 580 4401 simam
609 4337 670 4399 illis
699 4336 829 4399 tenebris
861 4337 974 4398 factam
1002 4336 1214 4398 accessionem.
1261 4335 1391 4416 Accipe,
1425 4356 1501 4417 quae
1530 4356 1625 4418 nuper
1656 4360 1674 4400 e
1700 4337 1820 4403 Treviris

473 4428 512 4490 ad
534 4447 581 4489 me
603 4427 772 4508 perscripta
794 4436 863 4488 suut
893 4445 930 4487 ex
958 4445 1009 4487 ore
1037 4426 1193 4505 cujusdam
1220 4425 1300 4488 senis
1328 4423 1469 4502 ἀξιοπιςε,
1503 4445 1597 4505 opera
1628 4429 1691 4491 viri
1723 4430 1819 4493 litera·

472 4516 581 4580 tissimi
603 4517 780 4596 minimeque
804 4515 889 4578 vani:
914 4514 963 4577 illo
988 4515 1068 4577 Solis
1091 4516 1210 4577 deiectu
1235 4514 1304 4576 anni
1331 4510 1425 4577 1560.
1456 4515 1537 4579 circa
1567 4516 1727 4581 meridiem
1751 4518 1819 4579 Tre·

472 4606 544 4669 viris
569 4626 682 4688 quoque
705 4614 820 4667 tantam
845 4604 902 4665 diei
927 4605 1019 4666 fuisse
1043 4605 1276 4678 obscuritatem,
1310 4612 1344 4665 nt
1366 4605 1421 4665 sub
1448 4613 1531 4667 tecto
1565 4606 1708 4670 homines
1739 4605 1819 4688 paulo

474 4697 624 4758 distantes
648 4695 686 4756 ab
719 4694 845 4756 invicem
874 4713 906 4755 se
935 4714 993 4756 uon
1021 4694 1200 4776 agnoverint
1230 4693 1435 4775 plurimaeque
1469 4694 1579 4756 stellae
1611 4697 1819 4779 apparuerint:

474 4785 533 4847 etsi
556 4786 690 4845 defectus
714 4784 756 4846 ibi
779 4783 837 4846 loci
859 4805 878 4844 a
900 4784 989 4846 totali
1018 4784 1144 4847 multum
1175 4782 1313 4845 abfuerit
1358 4784 1405 4845 At
1434 4784 1588 4864 superiore
1618 4806 1703 4850 auno
1736 4782 1819 4850 1605.

471 4882 594 4955 praeter
617 4893 705 4936 unum
728 4872 897 4953 chirurgum
920 4872 950 4934 in
973 4874 1156 4947 Brabautia,
1181 4874 1316 4955 lynceum
1344 4872 1466 4952 opinor,
1489 4873 1605 4936 nullum
1637 4877 1760 4951 audivi,
1781 4875 1820 4937 cui

475 4964 583 5025 stellae
607 4962 669 5025 sint
691 4971 888 5042 conspectae;
912 4964 1048 5042 quamvis
1071 4971 1103 5024 et
1116 4963 1204 5024 Luna
1226 4981 1320 5043 prope
1342 4962 1516 5042 perigacum
1540 4971 1574 5024 et
1586 4965 1725 5047 Neapoli
1747 4974 1820 5029 totus

475 5050 531 5118 Sol
553 5060 651 5116 tectus
674 5051 773 5115 fuerit
821 5051 901 5124 Quid
924 5050 993 5114 hinc
1016 5051 1097 5114 aliud
1125 5051 1278 5131 colligitur
1300 5052 1359 5113 uisi
1387 5052 1458 5129 hoc,
1487 5054 1568 5136 quod
1597 5059 1732 5120 materia
1753 5052 1820 5118 coeli
