4584 6192
2083 598 2249 667 caput
2285 594 2373 653 Χῖ.
3455 577 3589 669 ’5ζῆ

873 766 1137 832 circulus
1179 767 1393 843 Dim,
1453 790 1673 852 corpus
1718 774 1928 836 Lunae
1972 794 2183 839 verum
2229 781 2716 856 repraesentans.
2807 774 3081 839 Eundem
3129 777 3187 840 in
3234 777 3473 842 modum
3509 775 3601 843 ‘ab

871 854 1009 949 AG*
1042 858 1358 921 anferatur
1404 858 1521 922 GE
1580 863 2026 927 semidiameter
2089 866 2394 928 fenestrae
2442 870 2509 927 et
2562 871 2769 927 centro
2816 866 2878 926 A
2937 865 3234 929 distantia
3276 867 3390 930 ΔΕ
3437 865 3596 931 scri-

872 945 1056 1010 batur
1101 947 1359 1011 circulus
1403 947 1593 1027 DEC,
1642 950 1848 1015 Solem
1894 961 2381 1034 repraesentans.
2474 953 2670 1034 Igitur
2713 951 2945 1017 DEOA
3001 974 3147 1019 vera
3192 956 3311 1019 erit
3363 953 3601 1040 species

870 1032 1041 1099 Solis
1103 1036 1435 1101 deficientis
1498 1056 1610 1120 per
1669 1039 1770 1105 10.
1830 1040 1929 1105 11.
1985 1041 2084 1107 12.
2154 1043 2400 1107 secundi
2466 1043 2706 1123 capitis.
2800 1042 3125 1107 Rationem
3185 1042 3403 1107 calculi
3440 1035 3597 1116 ,vids

871 1124 1036 1188 infra
1080 1125 1147 1188 in
1195 1127 1506 1207 exemplis.
3461 1159 3466 1165 ·
3555 1140 3570 1156 ·“

1050 1214 1453 1278 Problema
1497 1217 1582 1279 X.
1676 1218 1810 1279 Per
1855 1219 2445 1282 transversalem
2504 1221 2838 1301 regulam
2897 1221 3381 1286 instrumenti
3427 1220 3600 1286 de'x‘-

871 1303 1117 1368 terius
1161 1305 1517 1385 excipere
1562 1307 1881 1386 speciem
1928 1309 2423 1371 instrumenti.
2502 1306 2662 1380 Quia
2700 1310 3025 1374 difficultas
3063 1311 3247 1374 estin
3287 1306 3603 1393 signandis

872 1393 1117 1475 punctis
1145 1401 1214 1455 ut
1258 1393 1482 1456 dictum
1512 1403 1626 1471 est,
1676 1402 1741 1457 et
1782 1397 1922 1476 quia
1967 1399 2157 1460 multa
2202 1398 2379 1460 simul
2426 1398 2687 1460 admini-
3005 1454 3062 1503 Fi
3157 1451 3259 1503 ¹¹3
3505 1401 3516 1422 ³
3551 1395 3582 1434 ‘⁴

873 1483 1134 1547 stranda
1179 1491 1356 1558 sunt,
1422 1484 1781 1563 praesertim
1836 1486 1886 1547 si
1953 1488 2308 1549 observator
2366 1487 2529 1549 solus
2578 1487 2679 1560 sit,
3063 1469 3116 1520 Β·
3162 1554 3170 1556 λ

877 1571 1146 1652 cogitavi
1192 1572 1268 1634 de
1315 1572 1439 1635 alia
1497 1574 1754 1636 faciliori
1801 1576 2052 1638 ratione.
2147 1575 2348 1656 Supra
2399 1576 2679 1651 rotulam,
2746 1653 2750 1657 Ι
3276 1570 3278 1572 ’

875 1663 955 1725 de
980 1660 1181 1743 quain
1210 1660 1614 1742 descriptione
1642 1663 2042 1739 instrumenti,
2065 1658 2411 1727 statuebam
2427 1665 2683 1727 indicem
2744 1690 2750 1701 ··
2782 1711 2786 1719 .

875 1751 1207 1814 solidarum
1267 1751 1526 1829 partium
1543 1798 1561 1825 ,
1626 1752 1839 1831 quibus
1900 1773 2084 1835 supra
2142 1754 2388 1834 planum
2448 1756 2685 1818 rotulae
2746 1821 2750 1825 ,

876 1858 1260 1921 papyraceae
1303 1840 1611 1919 paulisper
1654 1850 1914 1917 extaret,
1960 1844 2052 1905 ita
2095 1851 2299 1906 tamen
2336 1851 2404 1906 ut
2449 1844 2686 1906 diame-
2914 1897 2918 1901 .
3114 1861 3118 1865 ’

877 1939 1040 1993 trum
1085 1929 1147 1990 in
1195 1928 1417 2009 digitos
1483 1929 1832 1992 distinctam
1877 1951 1994 1994 non
2042 1940 2310 2012 tegeret,
2377 1933 2485 1994 sed
2532 1930 2687 1994 binis
3138 1929 3166 1957 ’ἒ

875 2018 1096 2100 tigillis
1114 2017 1412 2080 diametro
1442 2018 1986 2098 aequidistantibus
2005 2022 2171 2084 illam
2199 2021 2684 2101 amplecteretur.
2754 2045 2758 2049 ·

878 2106 1082 2189 Super
1107 2106 1223 2168 hoc
1251 2106 1445 2169 solido
1484 2107 1679 2169 indice
1707 2110 1986 2173 volvatur
2022 2111 2450 2173 transversalis
2479 2109 2691 2190 regula

875 2196 1063 2260 indici
1106 2196 1620 2277 perpendicularis
1668 2206 1730 2260 et
1775 2198 2068 2262 diametro
2129 2200 2440 2279 signatae,
2485 2198 2687 2277 longi-

878 2286 1092 2350 tudine
1152 2285 1448 2348 diametri.
1553 2286 1786 2367 Nempe
1856 2289 2032 2368 hujus
2106 2289 2349 2369 regulae
2420 2288 2689 2349 alveolus

875 2374 1295 2457 profunditate
1324 2394 1438 2436 sua
1468 2376 1809 2438 crassitiem
1855 2377 2183 2458 tigillorum
2222 2377 2435 2440 indicis
2474 2384 2693 2456 aequet

878 2474 949 2529 et
988 2483 1198 2527 morsu
1256 2463 1658 2526 adhaerescat
1712 2465 1953 2547 tigillis,
2014 2467 2106 2529 uti
2151 2467 2284 2547 quis
2330 2466 2498 2527 illam
2542 2483 2690 2545 pro-

881 2553 1163 2618 moverit.
1254 2553 1343 2615 Et
1393 2554 1604 2633 regula
1659 2553 1885 2617 habeat
1946 2556 2156 2618 aciem.
2247 2554 2413 2635 Ergo
2457 2554 2692 2635 pariete
2798 2591 2799 2596 κ

881 2654 947 2708 et
990 2644 1265 2705 fenestra
1311 2642 1390 2703 ad
1437 2641 1642 2705 Solem
1686 2651 1852 2706 recte
1898 2645 2259 2707 habentibus
2306 2645 2587 2706 volvatur
2630 2650 2693 2703 et

880 2735 1069 2798 index
1113 2750 1248 2793 cum
1309 2731 1512 2794 rotula
1570 2732 1731 2794 circa
1794 2733 2091 2795 axiculum
2138 2742 2203 2795 et
2262 2731 2692 2796 transversalis

883 2841 1068 2904 super
1112 2820 1309 2882 indice
1354 2838 1575 2901 susque
1623 2821 1840 2902 deque,
1905 2823 2094 2884 donec
2150 2822 2359 2883 veniat
2403 2821 2568 2883 acies
2615 2821 2695 2882 ad
2764 2816 2770 2817 ⁷

885 2912 1200 2991 utriusque
1247 2928 1431 2973 cornu
1478 2909 1680 2972 obtusi
1728 2920 2091 2975 contactum.
2167 2911 2252 2973 Et
2299 2920 2441 2973 tunc
2489 2916 2731 2972 notetur
2775 2916 3078 2992 punctum,
3126 2909 3186 2971 in
3235 2928 3349 2991 quo
3395 2911 3614 2986 treus,-

886 3001 1150 3065 versalis
1195 3000 1362 3062 acies
1409 3007 1584 3060 secat
1629 2999 1934 3079 signatam
1985 3001 2381 3063 diametrum:
2433 3006 2678 3062 notetur
2722 3007 2788 3062 et
2832 3006 3144 3080 punctum,
3195 3016 3309 3080 quo
3358 2998 3612 3061 eandem

888 3092 1250 3154 diametrum
1310 3097 1485 3151 secat
1548 3087 1800 3150 interior
1859 3090 2015 3151 radii
2077 3088 2563 3152 circumferentia
2622 3108 2729 3152 seu
2787 3088 3000 3151 umbra
3043 3089 3272 3150 Lunae.
3368 3085 3439 3150 Si
3496 3086 3613 3149 bo'e

890 3189 1058 3244 recte
1087 3178 1272 3240 fuerit
1312 3177 1819 3246 administratum,
1864 3179 2207 3257 signatione
2235 3186 2590 3259 punctorum
2621 3197 2738 3240 non
2767 3178 2886 3240 erit
2913 3196 3083 3259 opus.
3142 3175 3429 3258 Sequitur
3456 3174 3616 3238 enim

1067 3267 1467 3330 Problema
1513 3267 1625 3329 XI.
1719 3266 1826 3328 Ex
1891 3268 2407 3332 transversali
2470 3268 2739 3349 regula
2800 3285 3046 3330 veram
3114 3266 3434 3350 speciem
3496 3263 3621 3327 de-

893 3361 1137 3421 fectus
1200 3375 1535 3436 arguere.
1629 3354 1731 3418 Sit
1781 3355 2001 3419 CDEF
2047 3358 2282 3437 species
2333 3357 2487 3419 radii
2554 3356 2920 3433 deficientis,
2983 3357 3155 3438 cujus
3216 3362 3490 3419 centrum
3537 3350 3619 3430 G,

893 3450 1190 3511 diameter
1252 3446 1499 3525 signata
1553 3445 1665 3506 DF
1729 3453 1792 3506 et
1852 3466 1986 3508 cum
2052 3466 2127 3508 ea
2189 3446 2354 3508 linea
2416 3446 2633 3510 indicis
2684 3447 2853 3509 IDH.
2950 3445 3164 3529 Sitque
3225 3445 3387 3507 linea
3452 3440 3622 3508 cm:

892 3537 1251 3618 contingens
1297 3554 1524 3598 cornua
1570 3532 1641 3606 C,
1686 3533 1741 3594 E
1789 3535 2026 3610 obtusa,
2077 3543 2138 3597 et
2185 3555 2403 3598 secans
2450 3536 2758 3616 signatam
2809 3537 3169 3599 diametrum
3215 3535 3276 3597 in
3307 3534 3369 3596 Η
3415 3538 3621 3596 secet-

892 3646 1006 3709 que
1075 3627 1334 3688 eandem
1399 3623 1558 3686 CFE
1617 3631 1992 3703 segmentum
2058 3624 2118 3685 in
2166 3626 2236 3686 F.
2330 3625 2527 3705 Igitur
2591 3626 2653 3688 in
2715 3625 3011 3688 diametro
3075 3625 3195 3687 DH
3260 3620 3626 3685 extendatur

896 3716 1343 3780 semidiameter
1390 3715 1712 3787 fenestrae,
1765 3732 1917 3794 quae
1967 3714 2048 3775 sit
2091 3714 2224 3789 DL,
2277 3734 2314 3775 a
2359 3715 2417 3776 D
2454 3714 2513 3775 in
2554 3716 2627 3792 L,
2677 3723 2745 3776 ut
2790 3723 2853 3777 et
2900 3714 2976 3776 ab
3024 3714 3073 3775 F
3119 3713 3178 3775 in
3226 3713 3296 3775 M
3342 3718 3405 3773 et
3449 3709 3526 3773 ab
3563 3704 3625 3771 Η

894 3808 959 3869 in
1005 3807 1076 3882 P,
1127 3813 1194 3867 et
1254 3811 1473 3884 agatur
1517 3822 1626 3883 per
1675 3803 1726 3864 P
1786 3810 1956 3863 recta
2001 3801 2171 3864 NPO
2236 3822 2501 3884 perpen-

895 3896 1183 3959 dicularis
1212 3894 1290 3957 ad
1322 3894 1674 3955 diametrum
1698 3898 1762 3952 et
1780 3891 2196 3970 aequidistans
2228 3892 2491 3973 regulae.

893 3982 1051 4048 Dein
1112 3991 1321 4047 centro
1370 3981 1431 4044 G
1497 3980 1790 4043 distantia
1839 3979 1954 4042 GL
2015 3981 2316 4044 scribatur
2370 3983 2494 4043 cir-

894 4076 1068 4137 culus
1113 4072 1319 4149 NLO,
1368 4070 1469 4152 qui
1515 4069 2004 4151 repraesentabit
2057 4069 2281 4149 justam
2331 4068 2496 4132 Solis

893 4164 1181 4246 speciem,
1229 4169 1301 4224 ut
1342 4162 1400 4223 in
1451 4157 1512 4225 9.
1562 4159 1757 4239 hujus.
1851 4157 2104 4221 Secabit
2155 4160 2210 4221 is
2276 4160 2496 4222 lineam

892 4252 1101 4323 NPO;
1150 4261 1320 4315 secet
1360 4250 1422 4312 in
1458 4249 1538 4319 N,
1572 4247 1648 4310 O.
1723 4248 1846 4309 Per
1878 4248 1996 4310 tria
2041 4248 2228 4329 igitur
2269 4256 2499 4330 puncta

893 4343 975 4419 N,
1021 4343 1113 4419 M,
1163 4341 1219 4404 Ο
1267 4339 1645 4405 describatur
1692 4336 1965 4413 circulus,
2016 4337 2185 4417 cujus
2225 4346 2495 4400 centrum

895 4433 981 4495 sit
1036 4432 1122 4495 K.
1232 4430 1385 4493 Dico
1449 4426 1696 4491 NLOM
1761 4444 1897 4486 esse
1960 4445 2167 4488 veram
2230 4428 2497 4507 speciem

896 4521 1064 4585 Solis
1113 4519 1467 4583 deficientis.
1560 4516 1845 4595 Agantur
1892 4516 2049 4578 enim
2093 4517 2495 4596 perpendicu-

894 4615 1060 4677 lares
1123 4610 1277 4686 NG,
1328 4607 1461 4671 OE.
1556 4604 1708 4668 Cum
1774 4623 1917 4685 ergo
1980 4602 2132 4679 Nc,
2195 4602 2308 4667 ΟΕ
2371 4605 2499 4666 sint
2655 4665 2658 4672 ,

898 4705 1093 4768 eidem
1178 4698 1285 4763 ΟΕ
1367 4694 1932 4780 perpendiculares,
2026 4701 2200 4756 erunt
2282 4694 2494 4774 aequi·
2625 4725 2640 4737 ι

899 4800 1225 4864 distantes.
1297 4792 1384 4854 Et
1416 4789 1557 4870 quia
1586 4793 1649 4847 et
1674 4783 1815 4856 DK,
1863 4784 1973 4845 hoc
2012 4790 2111 4845 est
2144 4783 2257 4845 PH
2303 4783 2498 4845 eidem

901 4888 1009 4953 GE
1054 4879 1570 4969 perpendicularis
1632 4892 1710 4935 ex
1773 4871 2006 4933 fabrica
2069 4870 2496 4935 instrumenti:

901 4985 1076 5042 erunt
1118 4973 1308 5054 igitur
1354 4967 1640 5050 aequales
1685 4958 1820 5037 NG,
1853 4961 1981 5037 ΡΗ,
2016 4959 2147 5022 ΟΕ.
2225 4961 2351 5024 Sed
2388 4959 2501 5022 PH

903 5074 1000 5130 est
1043 5056 1492 5129 semidiameter
1537 5058 1861 5126 fenestrae,
1913 5068 2057 5130 9130
2097 5058 2160 5113 et
2194 5049 2329 5126 NG,
2363 5048 2497 5112 ΟΕ·

903 5154 1056 5221 Cum
1129 5158 1335 5217 autem
1406 5148 1499 5225 (ΙΙ
1516 5192 1536 5222 ,
1615 5137 1750 5213 10.)
1826 5139 2126 5204 orbiculus
2200 5140 2510 5203 fenestrae

2927 3854 3037 3919 rig.
3081 3850 3196 3901 11⁴.
