4584 6192
942 597 973 648 de
992 597 1072 650 Stella
1089 597 1169 651 Nova.
1476 669 1478 673 ι
1670 606 1744 677 593·

378 775 563 840 reddendum
593 774 665 837 nihil
698 775 855 837 confemnt
885 783 946 837 tres
980 783 1104 855 quartae
1136 778 1274 839 residuae
1302 777 1333 839 in
1363 779 1492 853 circulo;
1529 801 1603 846 sane
1636 805 1673 846 ne
1702 787 1732 849 in

378 868 502 928 musica
516 864 634 945 quidem
658 864 724 925 ideo
753 862 764 923 l
793 884 858 925 cum
881 861 902 926 4
926 874 1083 938 consonat,
1117 866 1187 946 quia
1215 867 1384 928 differentia
1407 876 1456 929 est
1478 866 1514 943 3,
1540 872 1595 932 sed
1618 873 1684 934 ideo
1710 872 1731 937 3

379 975 446 1017 cum
469 951 490 1017 d
514 961 667 1026 consonat,
693 952 796 1030 quial
821 950 921 1014 cum3
946 960 1036 1017 antea
1060 956 1245 1015 consonavit.
1284 956 1335 1016 Ita
1357 956 1442 1018 vides
1462 964 1492 1018 et
1515 963 1730 1024 consonantias

380 1046 407 1106 iu
439 1043 555 1104 musica
582 1050 614 1101 et
647 1050 788 1119 aspectus
821 1042 849 1101 in
884 1042 1049 1120 astrologia
1082 1062 1120 1103 ex
1153 1044 1257 1103 eodem
1289 1043 1406 1122 quidem
1438 1046 1519 1106 fonte
1552 1051 1734 1127 geometrico

382 1131 539 1195 divisionis
564 1130 665 1192 circuli
691 1129 780 1201 oriri,
805 1131 859 1191 sed
882 1130 1026 1191 musicam
1050 1140 1158 1209 postea
1190 1132 1329 1211 progredi
1355 1133 1489 1210 lougius,
1521 1155 1556 1195 eo
1580 1138 1658 1216 quod
1680 1158 1735 1218 pro

380 1222 491 1283 circulo
515 1227 599 1280 recta
623 1218 735 1278 chorda
758 1217 860 1290 utitur,
886 1226 916 1279 et
932 1219 1030 1279 facere
1050 1220 1146 1296 trigas
1170 1221 1432 1282 consonantiarum
1449 1222 1478 1282 in
1493 1241 1552 1283 una
1575 1225 1732 1303 divisione,

379 1311 458 1390 quod
483 1309 510 1369 io
536 1307 721 1368 astronomia
752 1306 863 1367 imitari
897 1326 953 1366 non
987 1326 1157 1386 possumus.
1204 1309 1283 1369 Nam
1307 1308 1336 1370 iu
1367 1310 1481 1370 musica
1511 1310 1628 1389 quidem
1658 1334 1732 1375 con-

378 1396 549 1459 sonantiam
582 1396 684 1456 turbat
714 1395 917 1464 dissonantia,
937 1405 982 1455 ut
1008 1396 1033 1455 si
1061 1396 1088 1467 1,
1118 1395 1150 1456 ll
1179 1406 1211 1456 et
1239 1404 1334 1457 totum
1361 1395 1414 1471 12,
1446 1398 1505 1458 tria
1538 1399 1612 1462 haec
1645 1402 1733 1465 simul

377 1487 543 1565 pulsentur,
565 1484 623 1545 etsi
644 1477 693 1563 ¹l„
718 1493 765 1544 est
784 1484 989 1557 consonantia,
1015 1491 1115 1544 tamen
1136 1478 1185 1565 Ἃ,
1207 1493 1238 1546 et
1258 1478 1323 1567 ¹¹l„
1349 1486 1554 1547 dissonantiae
1574 1489 1733 1556 destruunt

378 1576 471 1636 illam.
518 1574 563 1633 At
585 1574 613 1633 in
639 1573 805 1651 astrologia
827 1572 992 1632 efficaciam
1015 1573 1101 1633 unius
1125 1592 1183 1633 nou
1208 1573 1337 1634 destruit
1360 1575 1468 1634 inertia
1491 1576 1630 1646 alterius,
1656 1597 1732 1658 quae

377 1683 411 1724 se
427 1662 521 1723 habet
539 1662 745 1722 tantummodo
769 1661 914 1739 privative
929 1678 983 1738 pro
999 1680 1031 1721 se
1047 1662 1132 1739 ipsa:
1158 1669 1191 1721 ut
1206 1662 1276 1741 quia
1295 1662 1471 1723 duodecima
1486 1662 1559 1726 facit
1577 1676 1732 1744 aspectum

378 1753 542 1823 efficacem,
568 1750 813 1810 undecimavero
837 1750 949 1810 nullum
969 1749 1061 1822 facit;
1086 1750 1143 1810 etsi
1160 1769 1248 1811 unum
1272 1751 1391 1828 signum
1414 1760 1462 1811 est
1478 1771 1550 1831 pars
1574 1754 1732 1816 undecima

377 1842 415 1901 de
440 1839 535 1917 siguis
560 1838 697 1899 undecim
721 1838 869 1909 residuis,
904 1846 1087 1898 nontamen
1118 1839 1238 1900 sistitur
1267 1839 1402 1919 operatio
1437 1840 1638 1919 proportionis
1667 1838 1731 1921 Ἰὼ

377 1935 501 2007 propter
528 1927 814 2004 uon-operationem
839 1926 1038 2005 proportionis
1068 1919 1130 2008 ¹l„.

465 2033 542 2094 Puto
565 2051 612 2092 me
636 2032 748 2093 clarum
782 2031 908 2105 fecisse,
944 2033 1090 2111 quomodo
1124 2031 1239 2091 musica
1268 2039 1391 2109 propter
1423 2031 1631 2095 rectitudinem
1659 2053 1731 2097 suae

374 2122 506 2183 chordae
530 2129 636 2181 assuat
659 2119 770 2200 aliquid
795 2121 833 2179 ad
857 2119 1003 2198 principia
1026 2120 1209 2199 geometrica
1239 2119 1412 2197 aspectibus
1437 2121 1612 2185 communia
1660 2123 1731 2185 Jam

374 2210 535 2271 ostendam
558 2210 658 2280 etiam,
685 2227 836 2287 quousque
858 2230 889 2269 se
905 2210 1050 2269 extendat
1069 2207 1248 2287 propagatio
1268 2217 1442 2284 aspectuum
1457 2227 1549 2269 causa
1563 2210 1730 2272 divisionis.

376 2300 457 2359 Nam
487 2291 534 2379 Ἃ,
565 2291 597 2373 ¹l,
624 2306 694 2356 sunt
718 2297 856 2357 efficaces
881 2317 933 2375 per
957 2317 999 2364 se,
1024 2308 1145 2377 propter
1175 2295 1374 2356 resectionem
1405 2298 1636 2375 geometricam
1665 2299 1731 2378 jam

381 2380 429 2465 7„
465 2379 498 2468 ¹s,
536 2394 606 2445 sunt
639 2386 731 2444 etiam
764 2384 963 2462 geometricae
995 2386 1195 2457 resectiones‚
1230 2402 1300 2443 narn
1332 2384 1484 2445 bisecatur
1516 2387 1612 2448 omnis
1643 2406 1731 2449 arcus

372 2484 464 2535 notus
495 2474 686 2552 geometrice.
732 2474 777 2533 At
809 2493 866 2536 non
900 2474 966 2533 ideo
996 2467 1027 2556 ¹l,
1062 2483 1093 2533 et
1127 2466 1288 2555 ¹s0‘aeque
1316 2480 1387 2532 sunt
1418 2473 1575 2549 efficaces,
1608 2484 1732 2556 propter

372 2564 452 2623 hauc
476 2562 593 2640 quidem
618 2562 812 2621 bisectiouem
829 2581 924 2622 arcus.
964 2560 1051 2632 Quod
1067 2562 1144 2622 enim
1171 2556 1202 2641 ¹),
1232 2560 1455 2621 efficacissimus
1475 2572 1531 2635 est,
1556 2564 1589 2623 fit
1607 2572 1731 2644 propter

373 2651 575 2711 adventitium
608 2649 735 2728 aliquid,
769 2651 838 2729 quia
870 2670 975 2730 nempe
1009 2651 1118 2711 accidit
1146 2650 1212 2709 huic
1242 2649 1379 2709 divisioni
1410 2641 1439 2730 Ἰ,
1470 2649 1499 2709 in
1529 2643 1575 2732 is,
1600 2661 1633 2712 ut
1656 2653 1730 2713 sub-

373 2750 463 2800 tensa
484 2732 514 2819 ¹1,
535 2740 576 2798 sit
600 2738 734 2815 aequalis
758 2739 851 2799 radio.
892 2737 978 2808 Quod
1000 2750 1100 2799 auteur
1126 2733 1159 2818 Ἲς
1182 2741 1301 2810 attinet,
1327 2738 1488 2799 subteusae
1508 2739 1574 2817 ejus
1589 2741 1729 2820 aequatio

373 2830 468 2908 (quae
497 2835 641 2906 quantum
671 2828 763 2887 habet
790 2826 1033 2906 pulchritudiuis,
1059 2835 1175 2888 tantum
1205 2835 1346 2903 aspectus
1370 2826 1420 2886 ille
1444 2826 1538 2887 habet
1560 2828 1729 2903 efficaciae)

373 2926 424 2977 est
448 2914 567 2993 ἄλογος.
614 2916 678 2975 Nec
702 2916 779 2975 euim
804 2916 895 2975 aliter-
923 2917 1044 2977 deliuire
1077 2933 1199 2994 possum
1233 2916 1412 2992 quadratum
1435 2915 1523 2994 hujus
1554 2917 1726 2991 subteusae,

373 3024 463 3085 quam
487 3024 540 3084 per
564 3004 746 3064 ablationem
771 3004 910 3081 quadrati
935 2999 1025 3084 ῥητου
1049 3023 1114 3064 curn
1143 3002 1372 3081 complementis
1395 3001 1512 3081 ἁλογοις
1536 3005 1626 3083 (quae
1649 3028 1729 3081 uana

370 3092 578 3173 appellantur)
616 3112 634 3151 a
667 3093 812 3170 quadrato
846 3088 930 3169 ῥητῳ.
977 3093 1057 3155 Nam
1090 3092 1193 3152 ablato
1227 3090 1335 3168 α’λογῳ,
1373 3092 1450 3170 quod
1482 3115 1575 3167 pauor
1609 3094 1726 3168 dicitur,

372 3203 392 3241 a
415 3177 507 3259 ῥητφ,
542 3179 718 3259 relinquitur
749 3179 856 3257 ἄλογον
885 3182 988 3242 itidem
1016 3203 1119 3257 peoor.
1166 3182 1216 3241 lta
1239 3180 1415 3260 quadratum
1440 3181 1602 3242 subteusae
1626 3182 1663 3242 de
1691 3176 1725 3264 Ἰ,

372 3279 421 3329 est
453 3268 573 3348 ἄλογον,
606 3288 671 3329 cum
705 3269 824 3347 quidem
848 3269 885 3329 de
916 3265 949 3350 Ἀ
976 3270 1017 3331 sit
1046 3265 1147 3349 p‘qroo,
1185 3268 1292 3347 quippe
1326 3268 1479 3329 dimidium
1510 3270 1547 3330 de
1580 3270 1727 3349 quadrato

371 3357 522 3418 diametri.

461 3462 526 3511 Huic
544 3460 647 3522 Kepleri
666 3462 868 3510 demonstrationi
893 3475 975 3523 pauca
1002 3461 1118 3510 addenda
1144 3475 1287 3520 censemus,
1316 3467 1450 3525 autequam
1477 3463 1607 3526 sequentia
1624 3462 1728 3526 Kepleri

371 3534 448 3583 verba
466 3546 640 3595 proponamus,
660 3533 745 3595 quibus
765 3533 811 3579 illis
824 3534 952 3589 lectorum,
972 3534 1050 3595 quiin
1068 3539 1178 3581 veterum
1197 3533 1434 3581 denominationibus
1452 3534 1532 3582 minus
1550 3535 1642 3582 versati
1659 3539 1725 3590 sunt,

370 3620 410 3654 res
430 3605 510 3667 magis
533 3604 664 3666 perspicua
689 3602 813 3651 reddatur.
851 3602 939 3652 Verbis
959 3599 1038 3670 ῥητος
1057 3610 1082 3652 et
1100 3593 1204 3665 ἄλογος
1227 3603 1314 3651 eadem
1333 3605 1476 3667 signantur,
1496 3606 1629 3667 quaejam
1647 3604 1726 3652 verbis

370 3675 505 3725 rationalia
523 3681 549 3723 et
566 3673 721 3723 irrationalia
738 3673 896 3723 definiuntur.
936 3675 974 3725 Sit
993 3688 1009 3723 a
1027 3675 1092 3723 latus
1111 3673 1225 3737 quadrati
1244 3674 1269 3720 in
1289 3675 1404 3722 circulum
1429 3676 1553 3738 inscripti,
1575 3674 1658 3723 radius
1676 3674 1724 3723 cir·

370 3745 420 3796 cnli
439 3761 475 3795 τε
488 3761 513 3803 r,
540 3746 587 3794 erit
612 3741 689 3792 a²=
703 3740 745 3792 21³
764 3743 917 3805 (rationale).
956 3744 1018 3793 Cum
1046 3752 1130 3793 autem
1158 3746 1191 3791 sit
1216 3744 1364 3808 quadratum
1390 3743 1475 3793 lateris
1503 3746 1617 3809 octogoni
1645 3743 1725 3794 eidem

370 3860 462 3911 circulo
481 3860 591 3923 inscripti
609 3875 636 3897 =
656 3810 690 3951 ff}
712 3854 744 3923 ‹i-
763 3809 980 3950 [gr—{qk
997 3856 1022 3909 r2
1041 3856 1070 3920 (2
1083 3884 1117 3891 -
1129 3853 1202 3919 Ὦ),
1230 3858 1377 3922 quadratum
1401 3858 1477 3923 igitur
1501 3858 1615 3923 octogoni
1639 3858 1725 3908 lateris

369 3976 494 4024 iuvenitur
512 3973 677 4023 subtrahendo
696 3975 763 4023 facto
782 3989 813 4022 ex
831 3971 855 4023 r²
875 3971 970 4042 (ῥητῳ)
990 3989 1045 4024 cum
1063 3969 1107 4027 vt
1127 3963 1241 4038 (diqur.
1253 3971 1343 4041 μεσῳ)
1363 3988 1379 4023 a
1397 3969 1439 4023 21⁸
1452 3968 1556 4040 (ρητῳ).
1585 3972 1631 4023 nu
1648 3973 1725 4023 inter·

367 4046 456 4110 positis
475 4044 508 4094 ad
525 4044 627 4108 Kepleri
645 4046 720 4094 rerba
737 4045 851 4095 redimus.

460 4133 566 4213 Igitur,
590 4143 679 4205 pergit,
699 4134 758 4193 etsi
782 4133 968 4213 relinquatur
991 4132 1048 4213 ipsi
1079 4125 1111 4213 Ἰ,
1140 4132 1242 4212 aliqua
1261 4133 1405 4201 efficacia,
1430 4141 1530 4193 tamen
1554 4131 1607 4193 illa
1630 4131 1726 4211 gradu

370 4222 474 4284 differt
497 4223 535 4282 ab
560 4221 696 4282 efficacia
719 4221 813 4300 ipsius
840 4216 895 4305 ¹s,;
921 4232 1010 4300 atque
1030 4222 1083 4295 ita,
1109 4240 1175 4281 oum
1197 4222 1339 4303 planetae
1364 4222 1480 4283 distant
1494 4216 1565 4293 45⁰,
1589 4220 1724 4300 operatio

369 4310 492 4391 quidem
517 4319 565 4370 est
588 4309 689 4388 aliqua
722 4310 908 4386 stimulatio,
939 4310 1073 4371 invalida
1107 4310 1259 4370 tamenin
1284 4308 1510 4388 comparatione
1546 4316 1725 4385 ceterarum,

367 4399 496 4477 ideoque
520 4398 567 4457 vel
593 4418 611 4457 a
634 4397 721 4457 nobis
745 4398 794 4459 vel
818 4400 855 4459 ab
880 4400 947 4479 ipsa
970 4398 1060 4458 etiam
1086 4398 1232 4459 facultate
1255 4399 1383 4460 Telluris
1407 4395 1590 4459 insensibilis
1612 4415 1725 4476 prope-

366 4486 500 4548 modum.
539 4474 661 4546 ‘Positis
684 4484 732 4546 his
756 4505 810 4547 ceu
835 4487 1037 4549 fundamentis
1061 4486 1150 4547 facile
1179 4486 1351 4559 ostendam,
1376 4506 1428 4548 cur
1459 4478 1507 4567 Ἃ,
1540 4484 1582 4546 sit
1604 4484 1723 4559 efficax,

366 4576 424 4638 sed
448 4573 493 4635 ita
515 4582 550 4634 ut
573 4574 680 4634 eadem
703 4584 800 4652 porta,
826 4594 885 4653 qua
906 4571 954 4654 7„
983 4575 1104 4655 recipio,
1130 4574 1248 4653 ejiciam
1277 4568 1310 4657 Ἰ,
1334 4575 1398 4654 jam
1420 4573 1537 4654 pridem
1558 4579 1723 4650 receptum.

366 4662 451 4735 Quia
474 4661 553 4722 enim
577 4656 628 4744 ¹l„
653 4670 701 4722 est
724 4662 878 4724 dimidium
905 4666 941 4725 de
972 4656 1018 4746 ¹l„
1041 4663 1168 4743 ideoque
1188 4664 1252 4743 ejus
1275 4663 1422 4724 subteusa
1444 4661 1564 4742 quidem
1588 4659 1726 4726 similiter

364 4761 417 4814 est
450 4748 556 4828 oiloyor
579 4760 610 4811 et
633 4772 744 4826 panor,
778 4759 811 4811 ut
833 4752 915 4830 prius
946 4744 1000 4828 ’ἧς
1032 4752 1086 4811 sed
1109 4760 1143 4811 ut
1165 4751 1196 4812 in
1227 4749 1391 4811 bisectione
1423 4749 1518 4829 ipsius
1547 4741 1577 4832 Ἰ,
1608 4748 1731 4831 aliquid

364 4839 554 4901 extrinsecus
586 4838 723 4912 advenit,
753 4841 829 4919 quod
854 4841 1006 4901 meliorem
1034 4839 1134 4900 reddit
1161 4839 1339 4912 sectionem,
1363 4839 1394 4900 id
1416 4856 1521 4918 nempe
1546 4833 1625 4917 quod
1646 4837 1722 4908 sub·¹

363 4939 458 4992 tensa
487 4922 519 5009 Ἰ,
548 4926 648 4988 evasit
679 4945 751 5006 para
776 4928 934 5001 diametri,
964 4929 1008 4989 sic
1031 4927 1123 4988 etiam
1146 4928 1210 4997 hic,
1235 4944 1302 4987 cum
1325 4926 1470 4990 subteusa
1493 4926 1530 4986 de
1559 4919 1610 5009 Ἃ,
1638 4932 1739 4996 esset¹

362 5017 485 5095 ἄλογος,
509 5015 622 5094 aliquid
647 5015 833 5078 extrinsecus
858 5017 988 5089 accedit,
1014 5015 1092 5097 quod
1120 5009 1172 5098 Ἃ,
1199 5015 1403 5089 commendat,
1432 5032 1538 5093 nempe
1561 5016 1618 5077 hoc
1641 5010 1723 5096 quod

360 5108 463 5185 figura
485 5102 632 5181 regularis
660 5099 699 5165 12
723 5104 850 5167 laterum
877 5104 1010 5185 spatium
1038 5104 1231 5199 amplectitur
1253 5098 1358 5186 ῥητον,
1381 5099 1490 5184 quippe
1520 5098 1556 5190 Ἰ,
1582 5104 1619 5168 de
1642 5119 1720 5184 qua-

441 5208 532 5258 rapteri
547 5209 622 5259 opera
638 5209 664 5249 11.
1475 5202 1510 5257 38
