4584 6192
893 616 933 668 ue
951 615 1073 667 saltere
1092 616 1186 683 cygno.
1469 563 1471 572 Ι
1648 612 1710 683 701

454 790 539 854 Haec
563 789 628 855 cnm
652 793 696 856 sie
719 802 840 857 essent:
870 794 944 857 nihil
968 803 1034 857 eret
1057 794 1135 876 quod
1158 795 1258 875 potins
1282 794 1427 868 iacerem,
1452 813 1541 875 quam
1563 800 1597 856 ut
1620 794 1712 869 illum,
1818 847 1820 856 .

366 878 417 962 qui
442 880 557 961 primus
580 904 599 943 a
621 889 717 946 morte
740 884 891 965 Tychonis
918 893 989 946 tnnc
1016 883 1087 946 mihi
1120 884 1239 946 libellus
1271 883 1474 964 nascebatur,
1506 884 1578 946 Tuo
1591 841 1715 947 Nemini

366 968 518 1045 dicarem;
540 979 575 1034 ut
597 973 636 1034 ad
660 990 733 1053 quos
757 973 871 1036 Tuae
861 993 893 1033 ιι
919 972 1085 1077 juvanda'
1077 992 1109 1034 re
1132 974 1335 1036 astronomica
1363 973 1571 1076 providentiae
1599 972 1714 1035 fructus
1780 1010 1781 1013 =
1808 1033 1812 1040 ,
1841 987 1843 994 ·

367 1066 453 1121 esset
481 1069 698 1140 perventums,
732 1063 892 1124 eorundem
924 1062 1058 1124 vicissim
1080 1069 1113 1124 et
1141 1062 1173 1124 in
1195 1063 1317 1126 illustre
1349 1047 1433 1125 tuuiu
1450 1057 1571 1125 Nomen
1603 1062 1716 1125 redun-

368 1148 477 1211 darent
497 1150 668 1230 praeconia.
1540 1184 1544 1192 ·
1722 1199 1737 1234 ,

455 1236 536 1311 Quid
566 1258 676 1302 causae
702 1257 775 1302 vero
798 1239 872 1314 luit,
897 1259 949 1304 cur
970 1240 1001 1303 id
1025 1240 1104 1321 quod
1131 1245 1199 1302 erat
1228 1238 1411 1302 destinatum
1441 1238 1716 1306 intermitteretur?

368 1324 468 1398 Quam
492 1330 717 1391 excusationem
745 1327 823 1391 satis
853 1330 1039 1408 probabilem
1070 1331 1177 1392 afferre
1201 1328 1268 1390 Tibi
1296 1328 1425 1408 potero?
1456 1328 1604 1408 Nimimm
1627 1330 1716 1406 ιιιιιι

368 1426 547 1523 exspectare
571 1417 708 1480 volebam
727 1436 796 1480 nom
787 1418 1025 1498 'phaenomeni3
1048 1420 1222 1500 intereaque
1241 1418 1279 1480 ad
1293 1418 1486 1504 praecipuos
1486 1418 1716 1482 mathematicos

365 1506 488 1586 scripsi,
512 1506 724 1571 collecturus
715 1521 848 1588 ipsorum
870 1509 1022 1588 suffragia.

459 1595 535 1661 con
554 1588 655 1659 autem
673 1616 769 1677 neque
788 1598 880 1659 stella
895 1598 1133 1677 exstingueretur
1147 1615 1202 1658 nec
1217 1615 1253 1657 ea
1271 1592 1486 1676 promtitndiue
1495 1596 1718 1680 responderent

368 1685 587 1757 mathematici,
610 1705 697 1766 quarn
721 1686 890 1766 sperabam,
913 1695 1032 1767 tempus
1057 1688 1177 1749 interea
1195 1686 1312 1766 lapsum
1331 1693 1397 1759 est;
1421 1685 1516 1762 donec
1533 1692 1606 1766 post
1627 1685 1715 1747 bien-

368 1775 450 1837 nium
464 1774 668 1855 etamplius
659 1794 765 1855 mgens
783 1776 837 1838 illa
851 1794 930 1838 nova
943 1776 1043 1850 steila,
1067 1776 1181 1857 quade
1196 1775 1252 1837 boc
1267 1779 1423 1848 (pnenduo)
1439 1751 1540 1836 libello
1554 1774 1612 1854 egi,
1610 1774 1720 1837 efful-·
1830 1788 1833 1795 ’

368 1872 458 1944 geret
475 1864 505 1925 in
526 1866 603 1943 pede
617 1863 820 1944 Serpeutarii:
844 1866 928 1944 cujus
946 1866 1081 1928 miraculi
1100 1864 1274 1944 magnitudo
1295 1882 1361 1926 eum
1380 1864 1561 1942 luculentam
1584 1863 1717 1944 aliquam
1814 1864 1817 1871 '

369 1945 607 2032 disputationem
630 1971 754 2034 poscere
782 1954 944 2029 videretur,
974 1974 1099 2034 aequem
1123 1954 1297 2029 videbatur,
1329 1962 1362 2014 ιι
1387 1972 1482 2032 parva
1505 1951 1603 2035 Cygni
1624 1954 1717 2016 stelle

371 2042 519 2104 novitatis
542 2062 602 2104 uon
625 2043 701 2104 adeo
725 2043 897 2117 confessae,
929 2044 1017 2105 sicuti
1045 2045 1186 2106 claritate
1208 2042 1337 2106 cedebat
1363 2061 1494 2123 nuperae
1517 2043 1561 2104 illi
1584 2042 1615 2105 in
1636 2040 1716 2106 Ser-

369 2131 523 2212 pentario,
552 2132 595 2193 sic
623 2133 720 2193 locum
748 2132 839 2193 etiam
862 2132 890 2193 ei
911 2133 1038 2212 primum
1060 2134 1090 2194 in
1106 2133 1189 2195 libro
1217 2132 1487 2213 disputationisque
1515 2130 1626 2212 eapite
1640 2150 1715 2195 con·

370 2220 513 2296 cederet,
537 2220 606 2300 ipsa
620 2221 646 2284 si
665 2220 734 2301 qnid
752 2220 879 2283 haberet
895 2222 1048 2301 peculiare
1071 2222 1250 2301 cognituque
1269 2220 1400 2301 dignum,
1424 2222 1488 2302 ejus
1506 2215 1717 2301 explicationis

369 2310 500 2373 lucum
492 2330 522 2371 ιιι
546 2310 613 2371 libri
635 2311 721 2376 calce
744 2310 978 2375 nancisceretur.

458 2398 528 2461 Etsi
558 2399 651 2479 igitur
682 2398 796 2461 hune
787 2420 817 2461 m
849 2400 1009 2462 modum
997 2400 1102 2481 Jejuna
1132 2399 1215 2460 facta
1245 2406 1293 2461 est
1320 2399 1395 2461 baec
1426 2399 1551 2479 scriptio
1581 2405 1614 2461 et
1638 2416 1717 2479 pene
1826 2408 1829 2414 '

369 2487 504 2567 indigua,
530 2506 607 2569 quae
626 2487 769 2569 peculiari
791 2487 985 2568 inscriptione
1004 2488 1112 2550 alibro
1131 2488 1244 2567 reliquo
1263 2498 1474 2568 separaretur:
1499 2498 1598 2552 tamen
1621 2503 1720 2570 neque·
1842 2523 1847 2532 ·

370 2578 437 2639 Tua
459 2577 488 2639 in
512 2596 559 2639 me
581 2578 690 2639 merita
713 2586 784 2639 sunt
806 2578 913 2640 viliora
940 2578 1073 2653 reddita,
1104 2585 1264 2658 postquam
1293 2578 1356 2658 jam
1389 2578 1504 2659 aliquot
1515 2596 1620 2640 annes
1643 2574 1726 2664 nihi,

370 2666 538 2729 laetissime
571 2665 768 2741 imctificant;
800 2686 895 2748 neque
925 2667 1048 2729 verbnm
1076 2687 1095 2727 a
1121 2685 1169 2727 me
1201 2666 1313 2744 dictum
1344 2668 1480 2730 revocari
1511 2667 1717 2748 indictumque
1789 2750 1791 2753 Ι
1872 2749 1875 2756 A

371 2754 437 2818 fieri
460 2765 563 2837 potest
585 2756 736 2835 multoque
759 2756 855 2818 minus
878 2757 1024 2818 iniectum
1042 2774 1203 2817 vanescere
1227 2756 1327 2817 debet.

459 2845 575 2925 Accipe
599 2845 689 2924 igitur
711 2846 845 2907 Illustris
866 2846 946 2918 Baro
970 2855 1003 2907 et
1020 2864 1073 2923 per
1096 2844 1196 2905 omnia
1218 2854 1347 2908 naturae
1367 2861 1480 2907 arcana
1501 2843 1716 2920 versatissimo,

371 2934 485 3014 accipe,
508 2933 638 3016 inquam,
663 2955 683 2995 a
697 2953 743 2996 me
762 2935 840 2996 hanc
856 2953 941 2996 meae
958 2935 988 2996 in
1003 2936 1045 2995 Te
1064 2933 1256 3013 justissimae
1274 2932 1440 2996 voluntatis
1459 2933 1717 3014 significationem,

370 3043 498 3104 eamque
530 3042 588 3086 nou
621 3022 715 3085 oeulis
744 3042 781 3084 ex
813 3043 935 3086 numero
967 3024 1171 3104 pagellarum,
1203 3023 1258 3084 sed
1287 3024 1342 3086 illa
1370 3023 1518 3086 daedalea
1547 3021 1718 3086 secretioris
1774 3049 1783 3059 ··

371 3112 590 3193 intelligentiae
623 3113 808 3191 agitatione,
843 3132 901 3193 qna
934 3122 965 3175 te
995 3131 1049 3192 per
1083 3112 1358 3192 imperscmtabiles
1393 3111 1512 3175 divinae
1550 3110 1717 3193 sapientiae

371 3204 533 3265 thesauros
556 3200 713 3264 sublimem
736 3203 839 3274 infers,
864 3222 901 3264 ex
924 3201 1017 3282 ipsius
1039 3201 1082 3262 rei
1104 3202 1253 3281 pondere,
1278 3203 1315 3265 de
1339 3221 1398 3283 qua
1420 3220 1488 3281 ago,
1513 3202 1651 3272 aestima,
1673 3234 1718 3248 -

371 3290 635 3371 conprobandum
650 3292 728 3353 enim
742 3300 790 3353 est
810 3291 1042 3366 mathematicis,
1067 3291 1282 3353 ostendendum
1302 3292 1498 3371 pbilosophis,
1516 3290 1718 3353 annotandum

371 3381 412 3444 ed
434 3380 593 3443 universae
615 3381 807 3460 posteritatis
829 3381 1021 3443 memoriam:
1045 3398 1083 3441 an
1106 3380 1164 3442 hoc
1186 3389 1320 3461 tempore
1344 3381 1434 3444 atella
1457 3382 1557 3461 aliqua
1580 3381 1609 3443 iu
1633 3379 1717 3442 coelo

371 3470 430 3543 sit,
451 3488 529 3549 quae
553 3489 618 3532 cnm
642 3469 712 3531 olim
734 3469 775 3531 ibi
798 3489 857 3532 non
879 3470 984 3543 fuerit,
1011 3470 1076 3549 jam
1100 3488 1155 3532 sex
1168 3470 1215 3554 χιιι
1239 3470 1391 3533 ιιιίιίιιιιιιι
1413 3489 1507 3532 annos
1530 3470 1571 3533 ibi
1594 3470 1720 3545 haereat

373 3559 558 3633 immobilis,
591 3558 802 3631 immutabilis,
834 3558 1105 3639 inexstinguibilis:
1138 3566 1189 3634 nt,
1218 3560 1283 3621 sive
1306 3560 1377 3621 olim
1399 3559 1556 3621 interitura
1578 3566 1626 3620 est
1648 3564 1719 3620 ante

371 3649 467 3711 totius
489 3646 591 3710 muudi
614 3648 908 3723 consummationem,
931 3647 1105 3728 intelligant
1125 3648 1261 3712 homiues
1284 3648 1428 3721 miraculi,
1452 3648 1530 3729 qued
1554 3655 1601 3709 tot
1623 3664 1718 3710 aunee

372 3736 509 3811 duravit,
543 3738 792 3816 magnitudinem,
825 3737 889 3799 sive
918 3757 985 3800 cum
1016 3736 1140 3815 reliquis
1168 3736 1236 3798 lixis
1264 3736 1460 3816 perennabit,
1492 3736 1665 3816 quantisper
1686 3734 1719 3797 id

373 3829 505 3892 futurum
542 3835 606 3894 est,
648 3844 766 3905 semper
802 3826 840 3888 ob
877 3828 980 3890 oculos
1015 3825 1149 3888 babeant
1183 3826 1220 3900 ii,
1258 3826 1363 3905 quibus
1398 3826 1486 3889 Nova
1526 3824 1718 3907 sequentibus

373 3914 560 3995 ιιιςιιιιιιιιὶι
583 3915 821 3996 persuadebitur,
845 3915 1100 3978 evidentissimum
1123 3915 1179 3976 hoc
1209 3915 1417 3980 documentum
1444 3914 1537 3978 totius
1565 3913 1665 3976 muudi
1687 3912 1718 3976 iu

371 4016 509 4085 tempore
538 4005 652 4078 creati,
685 4004 736 4086 qui
761 4024 833 4067 vero
856 4023 895 4066 ex
930 4005 999 4086 ipsa
1036 4003 1232 4066 diuturnitate
1264 4005 1373 4068 stellae
1405 4014 1510 4067 eontra
1539 4002 1722 4067 traditiones
1782 4038 1785 4044 ,

374 4104 616 4158 asmouemorum
639 4095 841 4174 argumentari
864 4101 896 4156 et
918 4113 1013 4175 nuper
1034 4101 1136 4156 uatem
1164 4111 1274 4173 negare
1300 4093 1497 4176 pertinaciter
1523 4092 1718 4174 perrexerint,

374 4203 434 4248 non
457 4183 519 4245 sint
541 4183 645 4264 ignari,
670 4191 782 4265 quanto
805 4192 967 4287 urgeantur
987 4183 1119 4264 pondere
1142 4183 1367 4247 auctoritatum.

463 4272 566 4353 Atque
590 4272 647 4334 huc
669 4282 756 4334 tauto
779 4274 875 4353 magis
898 4272 971 4334 mihi
1000 4274 1230 4352 praestandum,
1264 4273 1342 4354 quod
1373 4270 1577 4338 mathematici
1605 4265 1719 4350 passini

374 4362 407 4425 in
429 4361 657 4424 observationes
680 4363 856 4425 Eraheauas
877 4360 1055 4444 respiciunt,
1079 4380 1203 4441 quarum
1232 4363 1485 4444 inspiciendarum
1507 4363 1624 4443 copiam
1647 4357 1724 4422 mihi.

375 4470 445 4515 esse
468 4451 585 4514 sciunt:
610 4471 647 4513 ex
671 4451 775 4531 quibus
799 4471 871 4515 sane
895 4457 1072 4533 argumenta
1095 4451 1306 4533 depromuntur
1327 4452 1416 4529 talia,
1440 4454 1545 4535 quibus
1567 4446 1718 4540 penderue

374 4542 459 4605 siora
481 4540 568 4603 boe
560 4561 592 4603 rn
614 4559 723 4621 genere
745 4526 913 4604 nuliieunde
937 4540 1051 4622 sperari
1074 4550 1211 4622 possunt.

963 4749 966 4754 ¹
991 4706 1115 4744 7¹-

463 4804 512 4870 Ac
534 4804 629 4880 initio,
654 4825 720 4867 oum
742 4767 892 4889 nunquam
915 4806 1044 4869 antehae
1066 4808 1157 4872 luerit
1175 4808 1250 4870 adeo
1268 4808 1453 4889 populariter
1476 4808 1596 4870 exculta
1617 4813 1723 4872 mue

375 4895 478 4961 nomia
499 4895 530 4957 in
551 4895 722 4971 academiis,
746 4916 894 5001 nunqnam
916 4897 1017 4978 plures
1038 4907 1092 4961 aut
1111 4898 1188 4959 coeli
1210 4897 1451 4960 observantiores
1474 4897 1606 4967 naucleri
1628 4905 1719 4978 atque

375 4985 486 5051 hodie:
510 5004 596 5050 nemo
620 4994 721 5049 tamen
744 4995 792 5049 est
813 4987 844 5050 in
867 4995 933 5050 tota
953 4985 1089 5068 Europa,
1114 4987 1181 5050 imo
1196 4986 1226 5048 in
1249 4994 1315 5049 toto
1342 4987 1430 5049 orbe
1438 4988 1593 5052 Terrarum
1617 4987 1722 5068 (quam

375 5077 467 5140 hodie
492 5082 525 5137 ut
547 5074 683 5176 priuatos
707 5076 810 5140 hortos
839 5076 1037 5156 exspatiaudo
1066 5078 1299 5156 pervagantur),
1332 5076 1381 5158 qui
1403 5096 1540 5156 sparsum
1572 5095 1725 5140 rumorem

377 5168 416 5229 de
440 5166 574 5230 novitate
597 5153 684 5244 hiujus
707 5163 814 5226 stellae
838 5185 875 5227 ex
897 5165 1016 5246 propria
1038 5165 1225 5245 experientia
1251 5166 1381 5228 refutare
1410 5166 1541 5245 potuerit
1564 5166 1717 5229 hactenus.
