4584 6192
976 536 1058 603 Caput
1075 537 1133 589 vn.
1155 540 1177 592 1.

959 826 1079 924 Caput
1116 827 1195 900 VII.

906 1004 961 1064 De
983 1006 1095 1066 ambro
1120 1005 1248 1067 Terrae.

485 1162 537 1225 Ad
560 1162 718 1224 materiam
742 1161 974 1223 astronomicam
1004 1165 1041 1224 de
1073 1166 1235 1244 eclipsibus
1263 1167 1388 1228 subinde
1416 1168 1538 1247 propius
1568 1166 1755 1228 accedimus:

399 1252 533 1333 quamvis
558 1252 601 1313 ita
625 1259 707 1313 arcte
731 1252 811 1312 inter
833 1271 866 1311 se
890 1271 1042 1313 connexae
1067 1263 1137 1315 sunt
1162 1255 1381 1334 disputationes
1417 1257 1453 1316 de
1482 1257 1700 1318 illuminatione
1725 1263 1757 1316 et

399 1344 434 1402 de
462 1339 711 1402 obtenebratione
735 1340 856 1414 Lunae,
881 1349 915 1400 ut
939 1360 1029 1420 sopra
1052 1360 1119 1422 cap.
1146 1344 1202 1404 VI.
1228 1345 1293 1423 jam
1324 1346 1553 1424 depenumbra
1582 1345 1753 1418 dixerimus,

400 1432 434 1491 de
456 1429 659 1491 illustratione
684 1447 753 1490 vero
777 1429 872 1490 multa
895 1430 1060 1491 differenda
1083 1431 1195 1494 fuerint
1218 1453 1272 1494 nec
1295 1434 1384 1512 plane
1409 1433 1511 1495 decisa
1535 1434 1574 1495 sit
1593 1432 1755 1506 sententia,

400 1528 496 1581 utrum
520 1520 609 1581 Luna
631 1519 751 1599 proprio
776 1517 883 1579 lumine
906 1519 996 1601 plane
1020 1531 1133 1583 careat.

849 1660 876 1721 1.
914 1661 966 1721 De
995 1662 1117 1741 figura
1147 1613 1306 1723 umbrae.

484 1785 631 1848 Umbram
656 1785 756 1863 itaque
780 1785 890 1846 Terrae
916 1805 1021 1846 conum
1054 1800 1106 1847 seu
1138 1794 1238 1846 metae
1261 1787 1356 1863 figura
1379 1805 1456 1859 esse,
1488 1794 1650 1865 propterea
1678 1787 1757 1866 quod

401 1883 431 1936 et
459 1874 513 1937 Sol
543 1874 713 1935 illuminans
749 1874 907 1945 rotundus,
939 1882 969 1932 et
1001 1873 1111 1948 Terra,
1146 1875 1218 1934 nihil
1252 1876 1397 1953 impedita
1426 1875 1593 1948 montibus,
1627 1876 1757 1936 rotunda

402 1964 561 2043 eademque
586 1962 682 2023 minor
705 1960 777 2022 Sole
801 1964 855 2030 sit,
886 1962 963 2022 satis
997 1971 1045 2022 est
1069 1985 1086 2024 a
1109 1963 1275 2023 Vitellione
1307 1964 1433 2042 aliisque
1456 1965 1627 2042 probatum.
1676 1964 1756 2024 Vide

403 2053 449 2116 lib.
474 2053 515 2113 ll.
541 2050 717 2113 Vitellionis
745 2070 828 2131 prop.
854 2045 906 2113 26.
932 2049 983 2112 27.
1009 2049 1070 2125 28,
1104 2052 1152 2112 ubi
1177 2071 1306 2130 sequens
1331 2049 1383 2114 33.
1409 2053 1498 2131 plane
1523 2054 1684 2128 eclipsibus
1709 2060 1757 2115 est

404 2141 566 2202 destinata.
614 2139 713 2200 Docet
741 2138 817 2201 enim
846 2140 876 2200 iu
908 2140 1094 2218 oppositione
1124 2142 1249 2202 centrali
1284 2140 1472 2202 luminarium
1505 2161 1543 2202 ex
1575 2142 1669 2202 Terra
1692 2140 1755 2202 fieri

401 2230 501 2291 Lunae
527 2228 663 2307 eclipsin.
688 2226 775 2297 Quae
798 2248 869 2290 vero
891 2230 1075 2307 praemissae
1099 2238 1169 2290 sunt
1189 2227 1240 2292 31.
1258 2236 1289 2289 et
1311 2226 1363 2291 32.
1389 2230 1529 2291 videntur
1553 2229 1753 2293 aVitellione

401 2319 570 2379 destinatae
594 2318 632 2377 ad
658 2337 777 2378 causam
802 2318 969 2389 dicendam,
993 2337 1046 2379 cur
1069 2319 1156 2379 Luna
1179 2341 1319 2397 περιγειος
1342 2319 1454 2397 nigrior
1476 2320 1518 2380 sit
1541 2319 1647 2380 umbra
1664 2318 1751 2381 iuvo-

401 2408 470 2481 luta,
497 2426 585 2486 quam
610 2405 755 2484 ἀπογειος,
780 2426 869 2487 qnam
895 2407 1100 2486 quaestionem
1123 2409 1172 2468 hic
1196 2427 1233 2468 ex
1257 2408 1394 2486 professo
1418 2409 1581 2471 trademus.

400 2604 460 2674 quia
481 2601 604 2672 spatium
625 2612 743 2673 quatuor
763 2604 891 2657 horarum
914 2612 974 2657 ortu
997 2620 1150 2673 occasuque
1172 2606 1335 2675 occupabat.
1376 2606 1456 2658 Alius
1483 2605 1628 2674 splendore
1650 2606 1756 2658 caudae

400 2700 426 2737 se
446 2684 562 2753 primum
589 2684 675 2736 oculis
701 2684 855 2737 mortalium
882 2684 1030 2754 ingerebat
1057 2694 1122 2753 post
1147 2685 1219 2738 Solis
1246 2701 1385 2749 occasum,
1415 2687 1533 2739 nondum
1560 2685 1668 2738 heliace
1694 2690 1755 2739 orto

400 2764 498 2833 capite,
521 2765 592 2832 quod
614 2766 792 2833 sequentibus
813 2766 920 2817 demum
941 2764 1037 2817 diebus
1059 2766 1180 2818 emersit.

484 2844 547 2897 Jarn
567 2861 699 2897 concessa
719 2846 804 2897 semel
831 2845 1032 2897 illuminatione
1054 2861 1139 2897 aurae
1161 2845 1319 2907 aetheriae,
1343 2846 1527 2898 concedentur
1547 2853 1577 2898 et
1598 2846 1666 2898 certi
1687 2862 1751 2914 pro·

401 2923 560 2994 piuqoitatis
581 2926 685 2994 gradm
707 2941 757 2993 pro
778 2925 957 2992 dispositione
979 2925 1099 2993 corporis
1114 2926 1248 2978 cometici.
1277 2926 1319 2977 Ex
1337 2925 1434 2995 quibus
1457 2927 1566 2979 taudem
1582 2933 1612 2978 et
1631 2924 1753 2979 ceratias

399 3004 523 3073 speciem,
547 3021 600 3072 quo
621 3022 658 3057 ex
679 3021 782 3074 genere
808 3005 856 3057 ille
877 3005 942 3057 anni
965 3006 1010 3058 77.
1037 3005 1121 3057 luisse
1151 3005 1274 3067 videtur,
1302 3023 1355 3058 non
1378 3005 1471 3075 inepte
1500 3005 1674 3067 astruxeris,
1698 3022 1753 3058 non

400 3086 466 3153 quod
487 3083 557 3137 radii
578 3084 649 3137 Solis
671 3091 769 3138 contra
789 3085 857 3137 lucis
879 3093 1005 3138 naturam
1028 3093 1175 3137 curventur
1197 3085 1223 3137 in
1245 3103 1346 3146 arcum,
1368 3085 1415 3136 sed
1437 3087 1507 3153 quod
1522 3104 1559 3139 ex
1581 3085 1643 3139 aliis
1665 3092 1749 3154 atque

400 3164 458 3217 aliis
480 3164 604 3216 cometici
627 3165 748 3234 corporis
769 3165 897 3233 partibus
913 3181 961 3232 pro
983 3164 1123 3234 inaequali
1139 3181 1234 3217 earum
1256 3165 1434 3234 dispositione
1450 3165 1513 3219 hinc
1527 3166 1666 3235 longiores
1688 3165 1750 3217 inde

399 3243 537 3297 breviores
558 3244 628 3296 radii
648 3251 767 3306 exeant,
799 3244 843 3313 qui
871 3244 990 3297 universi
1014 3244 1101 3312 juxta
1122 3244 1236 3298 invicem
1264 3244 1382 3298 ordinati
1409 3245 1528 3313 speciem
1548 3245 1628 3299 unius
1650 3246 1755 3299 caudas

399 3330 530 3377 curvatae
552 3323 715 3377 exhibeant.

483 3402 578 3456 Possit
599 3405 695 3456 eadem
717 3412 746 3457 et
766 3402 957 3456 declinationis
979 3404 1057 3473 origo
1072 3420 1143 3456 esse.
1172 3403 1281 3457 Etenim
1297 3403 1362 3473 quia
1380 3403 1505 3467 diximus,
1527 3404 1639 3475 vulgari
1660 3404 1755 3474 optiea

399 3483 504 3537 ratione
526 3483 594 3545 fieri,
617 3491 648 3535 ut
668 3484 737 3536 radii
753 3483 824 3537 Solis
846 3483 998 3537 transmissi
1014 3500 1063 3552 per
1084 3485 1196 3536 densum
1218 3493 1342 3536 cometae
1357 3501 1455 3553 corpus
1479 3484 1593 3553 primum
1615 3492 1752 3555 cogantur

400 3566 535 3617 adunam
559 3562 637 3632 quasi
667 3571 812 3632 punctum,
844 3563 935 3632 ibique
966 3564 1088 3615 sectione
1119 3564 1194 3617 lacta
1220 3580 1327 3617 rursum
1359 3566 1527 3618 dilatentur:
1559 3565 1756 3618 extremitates

400 3645 490 3713 itaque
519 3645 626 3696 caudae
652 3645 786 3698 laterales
812 3643 940 3713 utrinque
972 3643 1151 3696 declinabunt
1173 3661 1191 3696 a
1210 3644 1344 3696 diametro
1370 3644 1451 3697 Solis.
1494 3645 1618 3697 Concede
1642 3644 1702 3711 jam
1723 3648 1756 3695 ut

401 3725 516 3776 alterum
538 3723 639 3791 capitis
662 3725 735 3777 latus
751 3741 799 3776 seu
820 3725 928 3794 figurae
943 3740 992 3775 seu
1014 3723 1159 3776 densitatis
1174 3723 1281 3776 ratione
1303 3724 1394 3776 radios
1409 3722 1481 3776 Solis
1497 3741 1549 3776 uon
1573 3723 1754 3784 transmittat,

400 3805 482 3874 igilur
504 3803 556 3855 illa
577 3806 681 3856 caudae
703 3820 768 3873 pars
790 3803 973 3871 praecidetur,
995 3804 1103 3871 reliqua
1117 3803 1144 3857 in
1167 3804 1241 3856 latus
1264 3805 1381 3855 alterum
1403 3803 1543 3856 declinans
1566 3805 1627 3857 sola
1648 3803 1754 3856 candae

402 3884 483 3936 totius
505 3882 622 3952 ideoque
644 3891 673 3936 et
694 3884 858 3937 declinantis
880 3883 999 3951 speciem
1020 3883 1174 3936 exhibebit.
1204 3884 1275 3944 Quin
1290 3883 1375 3936 etiam
1395 3891 1503 3936 mutata
1523 3883 1645 3952 corporis
1667 3899 1755 3935 come·

400 3964 442 4015 tici
462 3963 643 4031 dispositione
664 3964 709 4016 vel
731 3964 784 4017 situ
808 3965 841 4015 ad
863 3964 955 4018 Solem
986 3963 1127 4016 inclinatio
1150 3963 1220 4015 haec
1246 3964 1346 4016 mutari
1373 3963 1493 4032 poterit;
1525 3971 1557 4015 ut
1583 3980 1654 4015 anuo
1680 3960 1755 4014 1596

403 4045 488 4096 cauda
509 4043 627 4112 primum
649 4045 683 4096 ad
705 4046 831 4096 dextram
853 4042 1025 4105 declinabat,
1048 4043 1109 4094 inde
1130 4043 1158 4095 in
1180 4044 1269 4113 ipsam
1295 4043 1455 4096 diametrum
1477 4042 1547 4096 Solis
1570 4043 1755 4110 competebat.

401 4123 514 4193 denique
536 4123 677 4177 transibat
698 4125 732 4176 ad
755 4123 902 4176 sinistram.
938 4124 1011 4175 Idem
1032 4124 1116 4175 etde
1137 4123 1229 4192 specie
1251 4123 1378 4176 mutabili
1399 4123 1471 4175 credi
1494 4128 1605 4191 potest,
1627 4121 1755 4191 ratioque

401 4203 514 4270 patebit,
538 4218 595 4272 qua
609 4205 660 4255 sub
674 4204 857 4256 Macedonicis
879 4203 961 4256 armis
983 4204 1118 4272 quondam
1133 4203 1200 4256 hirci
1216 4203 1323 4273 effigies
1339 4203 1428 4255 Plinio
1449 4204 1589 4255 referente
1604 4203 1631 4255 in
1646 4202 1756 4255 hastam

401 4290 441 4335 est
460 4289 580 4336 mutata.
624 4283 719 4335 Solera
741 4299 857 4352 namquo
878 4284 994 4353 figuram
1023 4282 1122 4351 capitis
1144 4284 1244 4336 mutari
1272 4283 1399 4351 exemplo
1426 4283 1572 4336 eorundem
1602 4290 1757 4352 temporum

401 4370 515 4423 constat,
547 4379 608 4414 cum
639 4362 769 4416 terribilis
792 4364 841 4416 fax
868 4363 946 4433 quasi
976 4364 1103 4416 flammea
1131 4364 1219 4416 nubes
1242 4363 1269 4415 in
1297 4365 1365 4415 duas
1392 4370 1485 4431 partes
1517 4363 1657 4415 discedere
1679 4368 1709 4413 et
1729 4360 1774 4435 iu¹

402 4442 532 4496 diversum
556 4442 633 4495 abire
655 4443 716 4495 risa
736 4450 788 4496 est.

486 4523 557 4584 Quid
573 4521 595 4574 si
617 4540 682 4576 vero
703 4523 865 4576 misceamus
883 4522 1089 4575 Aristotelicam
1110 4525 1143 4574 de
1161 4525 1251 4576 cauda
1271 4522 1437 4574 sententiam
1458 4521 1613 4584 recentiori,
1635 4528 1668 4574 ut
1689 4536 1755 4572 vere

401 4602 507 4671 expiret
536 4602 631 4671 aliqua
659 4603 751 4656 lucida
778 4603 896 4655 materia
919 4620 956 4656 ex
982 4603 1074 4671 capite
1100 4609 1130 4654 et
1151 4601 1179 4654 in
1206 4604 1321 4672 plagam
1344 4602 1451 4671 quidem
1475 4617 1550 4664 eam,
1580 4602 1608 4653 in
1635 4616 1715 4670 quam
1739 4614 1758 4652 a

402 4681 467 4734 Solis
487 4682 572 4736 radiis
596 4682 674 4751 quasi
696 4683 871 4752 expellitur?
902 4682 978 4735 Tunc
1003 4682 1026 4734 si
1048 4683 1137 4735 cauda
1158 4682 1271 4736 Terram
1299 4682 1458 4751 contingat,
1488 4681 1526 4733 nil
1547 4681 1643 4734 mirum
1664 4684 1757 4733 adrem

403 4777 501 4815 ueneno
522 4762 604 4815 infici.

483 4842 631 4895 Ludicrum
652 4842 704 4895 hoc
725 4859 778 4894 nou
800 4848 828 4894 te
850 4841 947 4894 celabo
970 4841 1124 4905 lector,‚ut
1146 4842 1218 4896 scias
1240 4848 1364 4895 cometae
1385 4840 1507 4912 effigiem
1534 4846 1756 4909 repraesentare.

404 4920 429 4973 lu
449 4938 586 4976 cameram
602 4937 663 4990 cap.
682 4922 714 4974 ll.
738 4938 779 4990 pr.
798 4920 824 4975 7.
847 4921 1013 4989 descriptam
1034 4921 1210 4994 ingrediatur
1223 4921 1294 4976 Solis
1316 4921 1418 4985 radius,
1440 4921 1465 4974 ei
1488 4939 1523 4974 ex
1546 4920 1655 4973 dimidia
1675 4925 1758 4988 parte

404 5001 487 5069 objice
508 5003 623 5073 globum
650 5017 786 5071 aqueum:
814 5001 852 5053 sic
874 5007 905 5053 ut
930 5001 1021 5053 radius
1042 5000 1114 5055 Solis
1144 5002 1243 5072 partim
1265 5002 1293 5054 iu
1313 5001 1413 5054 vitrum
1440 5000 1541 5070 partim
1568 5000 1595 5053 in
1623 4999 1759 5069 parietem

404 5079 543 5152 impingat.
587 5081 729 5135 Comatam
751 5080 778 5133 in
799 5081 907 5150 pariete
929 5080 1041 5134 videbis.
1056 5076 1094 5146 υ1
