4584 6192
988 597 1069 664 crpus
1087 537 1117 649 Χ
1667 604 1732 673 647

377 785 479 840 matur
497 777 594 860 ibique
614 776 796 856 aliquamdiu
818 774 954 837 haereat.
1002 775 1167 859 comparet
1189 777 1320 840 medicus
1345 778 1452 860 aliquis
1475 784 1642 865 exemplum
1666 804 1731 848 me-

378 868 501 942 moriae,
526 888 585 948 qua
609 867 754 928 facultate
778 885 826 927 res
846 865 1028 944 praeteritae
1053 868 1095 927 sic
1111 867 1328 942 custodiuntur,
1353 888 1389 930 ac
1413 870 1438 930 si
1461 883 1605 951 perpetuo
1630 882 1734 937 essent

378 966 564 1036 praesentes.
610 956 724 1035 Magna
746 955 884 1033 utrinque
909 954 1086 1031 similitudo,
1115 975 1254 1035 maguum
1284 957 1474 1022 miraculum:
1509 961 1670 1044 diversitas
1702 964 1732 1026 in

378 1064 414 1106 eo
439 1046 518 1120 solo,
544 1046 694 1127 quadres
718 1063 794 1124 quae
818 1044 846 1104 in
870 1045 1012 1106 memoria
1036 1047 1185 1118 relucent,
1210 1046 1257 1107 vel
1277 1064 1331 1124 per
1355 1048 1481 1128 quinque
1504 1070 1610 1113 sensus
1625 1073 1644 1112 a
1659 1052 1731 1113 foris

378 1133 538 1195 introrsum
563 1135 683 1196 fuerunt
706 1142 860 1213 receptae,
886 1134 933 1193 vel
958 1155 976 1193 a
999 1134 1230 1195 ratiocinatione
1254 1137 1363 1197 actuali
1388 1135 1426 1197 ab
1450 1138 1530 1199 intra
1552 1141 1731 1218 phantasiae

377 1223 517 1285 oblatae:
541 1232 575 1284 at
598 1223 655 1284 hae
678 1223 795 1302 species
819 1240 917 1284 rerum
940 1223 1117 1285 coelestium
1145 1225 1262 1284 occulta
1286 1224 1387 1304 aliqua
1410 1226 1591 1305 percipiendi
1614 1231 1732 1291 ratione

377 1311 539 1375 introrsum
561 1313 785 1391 imprimuntur:
808 1322 1036 1392 proptereaque,
1060 1321 1094 1373 ut
1112 1331 1188 1393 quae
1208 1314 1321 1374 suntin
1336 1314 1488 1387 memoria,
1513 1336 1569 1377 uon
1595 1318 1733 1381 naturam

334 1417 340 1425 ·
377 1401 431 1462 sed
461 1403 721 1463 ratiocinationem
753 1409 955 1462 commovent:
990 1402 1033 1461 sic
1064 1402 1093 1461 hi
1122 1403 1311 1463 characteres
1339 1404 1513 1465 coelestium
1540 1416 1646 1468 contra
1674 1425 1732 1468 non
1778 1479 1780 1482 ¹

377 1490 637 1552 ratiocinationem
659 1492 712 1551 sed
736 1502 875 1551 naturam
895 1489 1033 1551 incitant.
1072 1492 1179 1569 ltaque
1203 1492 1280 1571 quod
1296 1500 1343 1552 est
1363 1492 1392 1552 iu
1411 1494 1553 1555 memoria
1576 1494 1734 1557 character

377 1580 421 1640 rei
445 1579 529 1640 visae
554 1581 601 1640 vel
626 1581 745 1640 auditae
769 1580 817 1639 rel
840 1580 1008 1656 cogitatae,
1043 1579 1098 1639 hoc
1129 1591 1177 1640 est
1206 1581 1235 1640 in
1265 1581 1410 1641 facultate
1436 1581 1491 1643 hac
1515 1584 1732 1645 animae-cha·

377 1679 479 1731 racter
501 1669 590 1742 coeli,
627 1669 676 1750 qui
699 1677 832 1748 tempore
857 1669 1027 1729 nativitatis
1051 1669 1184 1731 influxit:
1217 1669 1349 1731 vicissim
1372 1672 1450 1750 quod
1469 1681 1518 1733 est
1539 1672 1568 1732 in
1593 1672 1731 1734 reminis-

376 1758 496 1819 centiae
520 1757 641 1836 negotio
665 1768 751 1820 actus
775 1758 824 1818 ille
848 1757 1087 1818 ratiocinationis
1111 1758 1159 1817 vel
1183 1779 1277 1820 novae
1302 1759 1465 1832 sensionis,
1498 1780 1574 1843 quae
1605 1780 1660 1822 nos
1693 1762 1733 1824 ad

376 1847 625 1908 reminiscendam
649 1848 776 1928 priorem
796 1856 968 1926 permovet,
993 1848 1048 1907 hoc
1072 1848 1173 1908 estin
1197 1847 1253 1909 hac
1278 1849 1396 1910 occulta
1419 1850 1614 1929 impressione
1638 1868 1733 1912 novus

376 1935 452 1997 coeli
482 1946 579 1997 motus
612 1943 644 1997 et
670 1937 858 2017 planetarum
891 1936 1038 1997 transitus
1061 1955 1115 2014 per
1139 1938 1206 1998 loca
1230 1938 1380 2000 natalitia.
1431 1940 1541 2001 Verum
1573 1949 1606 2001 ut
1638 1940 1667 2000 in
1700 1957 1732 2001 ra

376 2024 544 2103 perdifficili
566 2034 597 2087 et
620 2025 734 2087 lubrica
757 2045 814 2086 non
839 2025 919 2085 omni
943 2026 1166 2087 asseveratione
1191 2026 1386 2101 contendam,
1410 2037 1535 2107 paratus
1554 2028 1657 2090 audire
1674 2028 1731 2090 hac

377 2114 413 2174 de
438 2132 469 2174 re
493 2114 659 2175 sententias
683 2114 970 2194 philosophantium.
1238 2176 1240 2181 .

466 2201 543 2273 Quid
568 2203 657 2282 igitur
681 2204 722 2264 sit
743 2204 905 2283 triplicitas
920 2204 1017 2282 ignea,
1043 2203 1113 2282 quid
1133 2222 1242 2281 magna
1256 2203 1435 2283 conjunctio,
1462 2205 1523 2267 dixi
1545 2224 1599 2285 per
1614 2216 1729 2267 utram-

375 2312 432 2372 que
455 2293 614 2353 scientiam
637 2293 881 2354 mathematicam
903 2302 935 2353 et
958 2292 1122 2373 physicam,
1147 2302 1290 2371 quantum
1308 2291 1378 2353 mihi
1393 2294 1567 2357 videbatur:
1591 2302 1730 2375 superest

374 2390 409 2442 ut
433 2382 589 2442 ostendam
615 2402 714 2445 verum
738 2383 816 2444 diem
840 2382 927 2461 hujus
952 2399 1078 2459 magnae
1107 2380 1335 2460 conjunctionis.

961 2625 1143 2638 Μ..-

944 2842 1063 2939 Caput
1093 2839 1162 2914 XI.

439 3020 497 3083 De
520 3026 654 3101 tempore
675 3039 810 3103 magnac
833 3020 1066 3108 conjunctionis,
1090 3039 1171 3100 quac
1193 3018 1386 3099 principium
1401 3018 1483 3101 fecit
1503 3018 1664 3084 revolutae

889 3108 1070 3191 triplicitati
1095 3109 1214 3190 r'grreac.

463 3268 657 3330 Beuefaciam
688 3258 881 3331 adversariis
902 3268 1042 3335 delectis,
1076 3275 1251 3328 ostensurus
1282 3266 1443 3347 astrologis
1477 3287 1514 3330 ex
1544 3258 1730 3332 astronomia

371 3354 537 3430 sinceriori,
561 3376 650 3437 quam
675 3359 885 3438 utplurimum
911 3359 1060 3435 ignorant,
1084 3357 1157 3416 illud
1182 3365 1373 3430 momentum,
1402 3357 1481 3437 quod
1504 3358 1621 3437 maguis
1643 3358 1728 3420 Ara-

326 3488 334 3501 .
373 3446 444 3506 bum
468 3447 699 3509 auctoritatibus
723 3448 808 3508 nobis
832 3446 1067 3508 commendatur.
1114 3445 1229 3506 anent
1251 3447 1330 3507 enirn
1352 3446 1490 3525 magistri
1505 3448 1631 3525 gradum
1645 3447 1729 3510 illum

372 3533 534 3611 diligenter
567 3536 729 3615 inspicere,
766 3537 814 3618 qui
850 3536 904 3596 sub
925 3535 1038 3614 ¹ipsum
1070 3536 1239 3612 scrupulum
1270 3554 1450 3613 congressus
1482 3535 1666 3613 superiorum
1698 3536 1729 3598 iu

372 3624 489 3683 oriente
513 3633 658 3687 versetur.
705 3631 1164 3695 (Calauiorum.inl³tol.1v,10.
1186 3628 1554 3693 Manil.ssrron.11,tt.ss.)
1606 3625 1729 3694 Verum,
1803 3650 1807 3657 ·

371 3731 389 3772 o
415 3730 477 3771 rem
501 3713 641 3775 miseram
667 3726 697 3776 et
721 3717 918 3795 deploratam,
945 3714 1112 3795 Cyprianus
1128 3712 1284 3772 Leoritius
1304 3730 1370 3771 eam
1395 3712 1488 3772 refert
1510 3711 1549 3772 ad
1574 3712 1728 3772 meridiem

370 3800 433 3861 diei
460 3798 564 3885 19129.
593 3803 678 3880 Dec,
704 3806 845 3885 Maginus
869 3824 906 3865 ex
927 3803 1095 3866 l'rutenicis
1120 3800 1158 3862 ad
1182 3800 1333 3860 meridiem
1363 3793 1561 3880 14Ι24.1)εο.
1608 3801 1726 3861 Brahe-

370 3908 449 3950 anus
481 3893 628 3969 calculus,
668 3905 809 3975 quantum
843 3895 868 3953 is
902 3894 997 3956 obiter
1030 3892 1068 3952 ab
1102 3898 1223 3952 auctore
1256 3889 1323 3950 viro
1357 3888 1510 3951 emendari
1541 3889 1654 3968 potuit,
1689 3890 1727 3952 ad

371 3974 461 4057 9119.
492 3981 583 4043 Dea:
620 3983 687 4064 Ego
720 3984 748 4044 iu
780 3983 970 4062 prognostico
1002 3981 1071 4043 anni
1107 3974 1208 4053 1603,
1241 3978 1439 4039 consideratis
1468 3976 1726 4040 observationibus

368 4066 541 4130 Braheaois
566 4080 598 4132 et
620 4073 711 4143 meis,
745 4073 783 4133 ad
812 4064 910 4155 filit,
935 4061 1199 4154 7l17.ve18l18.
1224 4067 1298 4130 Dec.
1343 4066 1422 4130 Ecce
1447 4067 1612 4129 vanitatem
1633 4085 1725 4147 prae-

370 4157 468 4235 cepti,
494 4162 571 4239 quod
595 4181 649 4221 uos
669 4162 757 4240 jubet
781 4181 818 4221 ex
851 4161 995 4239 gradibus
1025 4160 1157 4230 zodiaci,
1189 4176 1312 4238 quorum
1335 4158 1366 4218 in
1398 4176 1455 4218 uno
1489 4156 1536 4217 die
1568 4156 1727 4217 volvuntur

368 4241 447 4315 361,
471 4267 560 4311 unum
584 4268 708 4331 eumque
732 4269 833 4311 verum
857 4250 983 4328 eligere:
1009 4268 1076 4309 cum
1099 4248 1219 4309 iuterim
1240 4246 1412 4318 astronomi,
1439 4246 1577 4326 aquibus
1591 4245 1751 4325 petenda*

368 4342 423 4397 est
454 4347 584 4399 motuum
616 4340 756 4408 scientia,
790 4341 870 4400 intra
902 4336 941 4401 13
972 4345 1054 4399 totos
1083 4337 1147 4397 dies
1180 4354 1236 4395 non
1261 4337 1459 4396 consentiant.
1506 4334 1548 4395 Et
1570 4334 1725 4414 quisquam

368 4425 478 4487 credat
500 4427 567 4487 huic
591 4430 811 4508 astrologorum
833 4426 939 4490 canoni
963 4426 1048 4508 quasi
1071 4424 1259 4505 experientia
1282 4424 1457 4497 constituto,
1485 4441 1552 4484 cum
1575 4440 1724 4503 nunquam

368 4514 477 4577 melior
500 4517 590 4578 fuerit
614 4518 811 4592 astronomia,
843 4536 929 4598 quam
964 4524 1011 4576 est
1044 4515 1154 4575 hodie?
1198 4513 1287 4575 Adde
1315 4513 1394 4595 quod
1417 4531 1454 4573 ne
1477 4529 1582 4573 sensus
1605 4511 1724 4591 quidem

366 4605 435 4684 ipse
459 4607 500 4679 (si
524 4606 679 4686 contingat
701 4606 935 4685 conjunctionem
960 4604 1053 4665 oculis
1077 4602 1209 4683 adspici)
1233 4602 1371 4662 subtilius
1399 4619 1488 4682 quam
1518 4599 1555 4660 de
1580 4600 1626 4660 die
1649 4616 1724 4679 pro·

366 4693 500 4758 nunciet.
547 4696 668 4757 Etenim
692 4695 813 4756 diurnus
837 4694 961 4755 Saturni
990 4701 1087 4754 motus
1120 4693 1177 4754 fuit
1200 4690 1240 4764 7⁴,
1269 4690 1354 4751 Jovis
1382 4686 1441 4752 13‘.
1489 4688 1601 4749 Dietim
1632 4688 1725 4768 igitur

366 4783 489 4861 Jupiter
512 4784 675 4846 Saturnum
699 4784 853 4865 superavit
876 4803 934 4844 non
957 4783 1024 4863 plus
1048 4777 1095 4844 6':
1125 4792 1158 4842 at
1179 4779 1264 4840 Jovis
1288 4796 1395 4856 corpus
1418 4784 1529 4860 aequat
1551 4770 1636 4861 3¹l2‘,
1661 4774 1723 4840 Sa*

367 4873 452 4936 turni
474 4866 550 4957 2¹(2‘
574 4870 753 4948 circitsr.¹⁴)
799 4874 905 4955 Itaque
938 4890 991 4951 per
1018 4871 1170 4950 integrum
1199 4868 1275 4929 diem
1308 4866 1486 4930 videbuntur
1515 4864 1665 4929 Saturnus
1691 4872 1724 4928 et

367 4963 490 5043 Jupiter
512 4964 640 5025 invicem
663 4964 836 5042 corporibus
859 4961 1022 5029 adhaerere
1046 4958 1204 5038 conjuncti.

463 5053 669 5115 Veruntamen
692 5052 763 5133 quid
786 5050 972 5113 observando
997 5048 1053 5112 sim
1076 5055 1253 5109 consecutus
1276 5043 1396 5124 accipe:
1424 5060 1519 5128 exque
1548 5041 1586 5104 iis
1610 5040 1723 5106 crabbi

369 5141 453 5205 illius
476 5142 704 5209 observationes
726 5141 870 5214 aestima,
895 5159 968 5221 quas
991 5138 1042 5201 ille
1066 5136 1151 5218 quasi
1174 5155 1212 5198 ex
1233 5133 1385 5214 Apollinis
1410 5130 1540 5212 Tripoda
1562 5131 1722 5211 depromit,
