4584 6192
561 651 625 718 180
1031 647 1221 715 Paralipomana
1238 652 1263 699 a
1282 649 1450 700 ventuosam.

560 831 646 891 fieret
670 829 829 902 retractio,
853 846 920 888 cum
943 827 1083 906 pellucidi
1107 827 1279 907 superficies
1304 837 1374 889 sunt
1397 828 1527 907 planae;
1551 826 1637 888 utin
1668 844 1778 908 aquam
1811 826 1918 888 eadem

560 929 646 981 recta
669 920 776 980 iisdem
800 917 918 997 angulis
942 917 1063 991 incidit,
1089 917 1195 996 quibus
1220 917 1249 977 in
1275 918 1394 978 fundum
1420 934 1515 997 aquae
1543 916 1722 995 parallelum
1746 917 1785 977 ad
1809 935 1918 995 super-

560 1009 668 1071 ficiem.
711 1008 769 1067 Hic
794 1006 963 1066 differentia
986 1006 1166 1066 incidentiae
1190 1006 1283 1074 nulla,
1309 1017 1341 1067 at
1365 1026 1421 1067 nou
1446 1005 1528 1066 nulla
1550 1004 1704 1067 refractio.

649 1096 879 1175 Progrediamur
902 1096 940 1154 ad
965 1114 1016 1155 eos
1040 1097 1160 1167 modos,
1190 1095 1239 1174 qui
1264 1097 1447 1175 conjungunt
1475 1113 1598 1155 causam
1627 1103 1783 1175 utramque
1813 1091 1918 1154 densi-

562 1193 659 1248 tatem
684 1194 716 1245 et
738 1184 940 1245 incidentiam.

648 1273 765 1336 Primus
795 1292 862 1333 sese
895 1273 984 1333 offert
1007 1272 1047 1345 is,
1080 1273 1129 1351 qui
1154 1293 1172 1332 a
1195 1272 1389 1332 Rothmauuo
1424 1271 1480 1333 fuit
1512 1270 1649 1350 objectus
1677 1270 1810 1353 Tychoni
1841 1270 1919 1332 inter

560 1364 656 1425 initia.
695 1361 753 1436 Sit,
778 1362 882 1441 inquit,
908 1361 1049 1422 retractio
1074 1369 1193 1422 tautum
1208 1358 1239 1422 3⁴
1264 1362 1293 1422 in
1317 1361 1482 1431 horizonte,
1505 1359 1629 1421 habebit
1643 1360 1672 1420 in
1690 1357 1753 1423 45⁰
1775 1360 1919 1421 retractio

563 1447 647 1533 172⁴.
696 1451 810 1512 Sensus
841 1451 892 1510 fiet
925 1450 1010 1517 talis,
1045 1450 1257 1511 refractionem
1290 1450 1451 1510 maximam
1483 1449 1700 1510 horizontalem
1733 1448 1878 1510 constitui
1901 1470 1920 1509 a

561 1541 651 1603 medii
677 1541 845 1609 densitate,
875 1559 940 1599 eam
964 1539 1110 1617 paulatim
1134 1540 1237 1619 spargi
1259 1558 1314 1618 per
1338 1558 1442 1599 omnes
1471 1538 1699 1599 incidentiamm
1728 1538 1858 1617 gradus,
1886 1546 1921 1599 ut

560 1637 672 1711 quanto
696 1630 830 1690 elevetur
854 1628 951 1689 luruen
967 1628 995 1688 in
1012 1627 1140 1688 arcubus
1155 1629 1267 1699 circuli,
1292 1636 1379 1688 tanta
1397 1628 1590 1707 proportione
1609 1646 1628 1687 a
1643 1626 1776 1687 maxima
1794 1626 1919 1689 decres-

485 1736 491 1744 '
561 1728 632 1781 cant
655 1718 853 1780 retractiones
872 1718 1014 1796 reliquae,
1040 1718 1133 1777 donec
1150 1718 1178 1777 in
1194 1718 1306 1778 vertice
1329 1716 1534 1778 obliterantur.
1573 1716 1661 1776 Hunc
1676 1716 1795 1777 modum
1810 1723 1919 1795 postea

560 1818 683 1887 uterque
707 1807 809 1887 Tycha
834 1814 865 1866 et
888 1806 1096 1866 Rothmaunus
1121 1815 1309 1885 agnoverunt
1333 1806 1536 1884 experientiae
1557 1824 1735 1884 repugnare.
1782 1805 1863 1866 Nam
1888 1804 1916 1865 in

561 1896 665 1958 tabula
689 1894 863 1956 Vitellionis
887 1913 971 1974 prop.
997 1892 1027 1957 8.
1053 1894 1103 1955 lib.
1124 1892 1174 1957 10.
1201 1896 1293 1956 etiam
1312 1895 1341 1955 in
1359 1915 1438 1974 aqua
1460 1894 1698 1975 praecipitantur
1722 1894 1920 1955 retractiones

562 2004 665 2045 versus
694 1984 893 2056 horizontem,
922 2004 977 2045 nec
1005 1985 1189 2061 respondent
1218 1984 1377 2045 verticales
1407 1985 1470 2056 (vel
1500 1984 1600 2064 quasi)
1630 1983 1867 2045 horizontalibus
1890 1981 1920 2042 in

563 2075 621 2136 hac
644 2066 836 2152 proportione
861 2092 981 2133 arcuum
1006 2072 1197 2134 incidentiae.
1245 2074 1278 2133 In
1303 2080 1372 2133 aere
1398 2092 1473 2152 quae
1498 2073 1571 2133 fiunt
1594 2072 1803 2144 retractiones,
1827 2071 1920 2132 multo

561 2164 659 2241 magis
691 2181 796 2223 versus
827 2162 1010 2222 horizontem
1039 2163 1257 2239 procumbunt,
1286 2171 1318 2222 ut
1346 2162 1447 2222 videre
1472 2171 1520 2222 est
1542 2162 1571 2222 iu
1595 2161 1725 2235 tabulis,
1750 2168 1922 2240 quaesunt

493 2328 497 2339 ¹
562 2252 643 2313 inter
667 2251 937 2332 Progymnasmata
952 2250 1103 2331 Tychonis
1129 2249 1251 2314 10179.
1272 2247 1342 2312 tat.
1364 2248 1499 2323 280.²¹›
1546 2249 1686 2312 Ceterum
1710 2251 1765 2311 hoc
1790 2249 1920 2310 subitum

563 2341 778 2402 incrementum
802 2340 882 2400 circa
905 2340 1089 2400 horizontem
1113 2350 1219 2401 neuter
1242 2360 1279 2400 ex
1307 2341 1375 2417 ipsa
1405 2340 1500 2401 forma
1526 2358 1684 2401 mensurae
1712 2338 1832 2418 putavit
1855 2336 1921 2399 exi-

562 2439 659 2502 stere,
684 2429 801 2507 utrique
826 2429 987 2489 verisimile
1014 2428 1084 2494 tuit,
1119 2439 1172 2489 aut
1196 2429 1415 2509 proportionali
1449 2429 1646 2490 retractiones
1679 2426 1923 2489 inclinationibus

564 2528 617 2580 aut
641 2517 760 2578 aliunde
784 2518 964 2577 intervenire
989 2536 1098 2577 novam
1117 2537 1249 2591 causam,
1276 2536 1383 2578 norum
1409 2538 1514 2597 nempe
1538 2536 1683 2597 vaporum
1703 2536 1822 2596 corpus.
1856 2515 1923 2594 Ego

564 2625 635 2668 rero
670 2607 755 2677 dico,
786 2625 956 2667 mensuram
988 2606 1081 2667 talern
1114 2626 1182 2667 esse
1216 2608 1449 2677 instituendam,
1482 2627 1519 2667 ex
1553 2626 1611 2687 qua
1642 2607 1717 2667 haec
1750 2604 1925 2667 necessario

563 2703 729 2775 sequautur
752 2694 843 2755 nihilo
871 2694 1099 2756 interveniente.
1158 2697 1235 2756 nam
1273 2697 1349 2756 satis
1383 2705 1465 2757 tutos
1496 2714 1550 2757 nos
1583 2696 1684 2756 reddit
1716 2695 1859 2774 analogia
1886 2693 1925 2754 ab

565 2803 645 2864 aqua
667 2784 705 2844 ad
730 2790 844 2851 adrem,
869 2794 901 2843 ut
925 2792 1095 2844 statuamus
1120 2785 1236 2845 unicam
1261 2786 1340 2846 aeris
1369 2785 1555 2864 superficiem
1585 2793 1680 2845 totam
1705 2785 1782 2846 hauc
1806 2783 1926 2863 culpam

564 2873 721 2934 sustinere.
734 2866 769 2952 *)
817 2871 850 2933 Si
876 2873 953 2933 eninr
978 2873 1005 2932 in
1031 2892 1118 2952 aqua,
1143 2893 1220 2951 quae
1245 2876 1340 2935 densa
1363 2883 1412 2934 est
1435 2875 1603 2946 admodum,
1628 2873 1826 2935 retractiones
1851 2891 1925 2933 sen-

564 2962 691 3023 sibiliter
715 2962 884 3022 concedunt
909 2980 1012 3021 versus
1035 2962 1221 3023 horizontem
1251 2973 1356 3042 estque
1381 2963 1409 3023 in
1434 2963 1589 3024 horizonte
1623 2962 1767 3023 retractio
1790 2961 1926 3022 maxima

565 3051 683 3113 circiter
707 3045 776 3123 37⁰,
803 3050 935 3129 nihilque
960 3051 1007 3111 hic
1031 3052 1195 3112 intervenit
1217 3061 1339 3131 praeter
1363 3071 1459 3132 aquae
1484 3052 1680 3130 superficiem,
1706 3051 1800 3112 multo
1825 3049 1925 3129 magis

563 3149 690 3219 vergent
723 3139 920 3200 retractiones
945 3140 983 3199 ad
1015 3140 1213 3216 horizontem,
1248 3142 1297 3202 ubi
1332 3141 1468 3202 densitas
1501 3141 1611 3220 exigua
1643 3140 1748 3215 medii,
1782 3139 1927 3201 retractio

568 3228 765 3290 horizontalis
789 3228 934 3306 despecta
957 3237 988 3288 et
1011 3228 1108 3302 erilis.

655 3318 757 3396 Atque
791 3317 936 3378 hactenus
970 3326 1001 3377 et
1033 3318 1086 3377 illa
1119 3318 1225 3378 ultima
1255 3318 1406 3398 Tychonis
1434 3319 1545 3379 Brahei
1580 3317 1679 3398 opinio
1713 3317 1765 3377 fol.
1796 3312 1849 3380 95.
1874 3311 1927 3379 96.

566 3406 879 3486 Progymnasmatum‚
913 3407 1048 3485 quamvis
1072 3426 1143 3467 vero
1173 3407 1302 3467 omnium
1324 3408 1471 3485 proxima,
1495 3408 1628 3468 refutata
1651 3406 1728 3467 fuit:
1763 3425 1840 3486 quae
1865 3406 1928 3467 fere

566 3503 616 3554 est
647 3494 813 3573 ejusmodi:
848 3495 1063 3573 aprolixitate
1098 3496 1245 3556 transitus
1279 3496 1422 3557 constitui
1450 3496 1587 3557 modulos
1620 3495 1856 3570 refractionum,
1890 3494 1928 3554 de

565 3583 672 3662 quibus
696 3601 749 3661 per
778 3583 976 3662 quantitatem
1011 3584 1238 3645 inclinationum
1271 3594 1406 3645 sumatur
1432 3604 1503 3664 pars
1532 3584 1776 3665 proportionalis.
1823 3584 1929 3645 Fieret

565 3672 594 3733 in
619 3672 771 3733 horizonte
796 3691 890 3751 aquae
916 3672 1048 3745 infinita,
1078 3673 1205 3735 oriretur
1229 3693 1266 3734 ex
1290 3674 1491 3752 corpulentia,
1524 3683 1685 3754 augeretur
1709 3692 1775 3734 curu
1799 3673 1928 3751 prolun-

654 3847 684 3920 *)
706 3852 821 3919 Duplex
842 3862 887 3903 cst
912 3852 1022 3920 vaporis
1053 3854 1138 3905 omnis
1169 3853 1258 3905 ratio:
1290 3853 1429 3905 aliarum
1460 3854 1552 3924 surgit
1572 3871 1608 3905 ex
1630 3853 1733 3905 Terrae
1764 3852 1927 3910 visceribus.

566 3934 658 3986 calore
681 3934 796 4001 quodam
819 3940 929 3984 terreno
951 3934 1116 3986 subvectus:
1139 3940 1205 3985 tunc
1225 3932 1346 3985 enimet
1367 3941 1494 3986 naturam
1516 3934 1604 3986 habet
1624 3932 1791 3986 ascendendi
1812 3933 1926 3986 ebullit-

566 4030 617 4083 que
640 4030 676 4064 ex
697 4012 834 4064 montanis
856 4011 945 4065 instar
966 4012 1058 4077 fontis,
1081 4021 1110 4066 et
1132 4030 1150 4065 a
1172 4013 1285 4083 fastigio
1312 4012 1481 4066 ebullitionis
1504 4014 1530 4065 in
1552 4013 1670 4066 declivia
1695 4014 1799 4066 circulo
1828 4013 1926 4066 diffisu-

567 4092 649 4155 ditur,
672 4092 787 4160 primum
811 4098 895 4160 atque.
918 4092 1005 4162 frigus
1026 4100 1185 4145 montanum
1208 4093 1322 4162 patitur,
1346 4094 1492 4165 gignitque
1507 4093 1565 4146 fere
1582 4100 1679 4146 ventos
1694 4094 1748 4146 hoc
1765 4098 1860 4162 pacto.
1896 4094 1927 4147 ln

568 4173 621 4225 boc
643 4172 737 4241 itaque
758 4178 835 4224 statu
866 4172 1019 4241 pellucidus
1041 4181 1085 4225 est·
1113 4174 1202 4225 instar
1232 4189 1330 4243 aquae.
1372 4174 1527 4242 Propterea
1556 4174 1700 4226 stellarum
1730 4173 1836 4227 lumina
1864 4178 1929 4226 tuuc

567 4251 686 4322 grandia
708 4259 847 4319 apparent
867 4260 897 4304 et
918 4252 1072 4305 scintillant
1092 4254 1222 4305 multum:
1253 4270 1305 4322 quo
1328 4253 1424 4305 iudicio
1451 4262 1548 4307 ventos
1570 4261 1599 4307 et
1620 4254 1711 4312 hieme,
1730 4254 1928 4308 resolutionem

568 4330 679 4401 frigoris
701 4331 805 4383 instare
827 4332 919 4387 scitur.

655 4411 721 4463 Alia
741 4411 806 4464 item
836 4412 909 4465 ratio
931 4420 975 4464 est
1002 4412 1112 4480 vaporis
1144 4413 1319 4466 consistentis
1340 4421 1370 4465 et
1396 4413 1552 4483 frigescet-i,
1585 4414 1630 4484 qui
1657 4415 1757 4467 haeret
1779 4414 1853 4468 incra
1874 4430 1929 4466 uuo

567 4493 627 4544 loco
649 4491 744 4544 mistus
767 4492 847 4544 fumis
876 4492 1069 4554 crassioribus,
1101 4511 1152 4562 per
1173 4510 1251 4562 quoru
1274 4494 1418 4547 stellarum
1440 4495 1545 4547 lumina
1566 4496 1698 4552 obscura.
1721 4495 1826 4557 rubea,
1849 4501 1879 4548 et
1898 4501 1930 4546 ut

567 4571 701 4641 Virgilius
723 4572 776 4635 ait,
809 4573 970 4641 ferruginea
999 4582 1153 4641 apparent,
1186 4575 1231 4642 qui
1247 4574 1416 4642 pellucidus
1447 4590 1621 4645 nequaquam
1650 4582 1701 4628 est.
1744 4575 1819 4628 Illud
1840 4590 1929 4645 &uus

567 4668 661 4706 rarum
682 4659 711 4704 et
732 4659 968 4705 momentaneum:
998 4653 1050 4706 hoc
1070 4653 1178 4723 quidem
1207 4654 1394 4722 quotidianum
1416 4661 1446 4706 et
1465 4671 1598 4723 perenne.
1643 4656 1713 4708 lllud
1737 4654 1796 4708 lere
1821 4663 1929 4709 montes

568 4732 683 4795 obsidet,
706 4732 758 4785 hoc
779 4733 931 4800 promiscue
954 4750 1059 4786 omnem
1081 4735 1228 4786 Terrarum
1249 4734 1345 4786 faciem
1368 4734 1449 4804 tegit.

657 4813 724 4865 Cum
744 4812 838 4882 itaque
854 4830 935 4883 nego,
951 4830 1069 4881 vapores
1090 4830 1251 4866 concurrere
1266 4816 1301 4867 ad
1323 4815 1479 4867 formandas
1501 4812 1689 4877 retractiones,
1713 4814 1815 4868 dehoc
1836 4819 1929 4884 poste·

568 4893 632 4947 riori
662 4908 767 4963 genere
796 4891 941 4963 intelligo:
974 4893 1111 4961 quiahoc
1140 4910 1189 4962 pro
1219 4910 1304 4946 causa
1331 4901 1469 4963 perpetua
1500 4895 1689 4948 adducebatur
1710 4894 1747 4947 ab
1769 4893 1931 4949 auctoribus

568 4974 650 5041 hujus
683 4971 831 5040 opinionis,
865 4972 947 5024 etiam
978 4973 1055 5025 coelo
1086 4973 1269 5027 serenissimo.
1311 4978 1351 5026 At
1376 4974 1451 5041 prius
1484 4991 1616 5044 raporum
1643 4990 1732 5044 genus
1760 4973 1821 5044 ipse
1846 4972 1931 5027 etiam

568 5053 640 5106 infra
662 5051 780 5104 adhibeo
803 5053 837 5103 ad
857 5051 976 5105 rariores
999 5054 1130 5121 quasdam
1153 5059 1183 5104 et
1204 5054 1396 5106 insolentiores
1417 5054 1598 5108 retractiones
1621 5054 1791 5109 efficiendas.
1843 5057 1931 5123 (aara-

567 5130 646 5179 reuda
656 5129 784 5262 'ethhaec
809 5129 939 5179 annotatio
960 5129 1035 5178 etiam
1055 5130 1088 5180 ad
1105 5145 1173 5193 prop.
1195 5126 1219 5179 9.
1239 5134 1333 5181 numeri
1353 5129 1368 5179 11
1387 5131 1459 5195 hujus
1478 5134 1575 5195 capitis,
1594 5134 1631 5184 sic
1650 5140 1677 5183 et
1695 5132 1729 5183 ad
1747 5130 1932 5184 concinionum

568 5215 664 5253 numen
701 5234 707 5248 .
