4584 6192
561 606 627 673 234
1033 607 1223 680 Paralipomena
1241 609 1266 657 in
1285 607 1451 658 Vitellionorn.

649 786 737 847 Visio
761 786 854 865 igitur
877 785 910 847 fit
933 803 987 864 per
1011 785 1159 865 picturam
1194 785 1236 845 rei
1265 783 1393 844 visibilis
1418 786 1456 845 ad
1481 784 1580 846 album
1613 787 1729 848 retinae
1754 793 1784 847 et
1808 804 1915 846 casnm

560 876 723 957 parietem;
748 883 781 936 et
803 894 877 955 quae
904 874 974 935 foris
1000 875 1106 935 dextra
1130 882 1209 940 suut,
1235 874 1273 934 ad
1297 874 1450 935 sinistrum
1475 874 1599 954 parietis
1615 876 1703 947 latus,
1729 876 1854 937 sinistra
1879 875 1917 933 ad

561 968 708 1036 dextrum,
736 984 845 1045 supera
869 965 906 1023 ad
930 964 1068 1035 inferum,
1093 963 1190 1023 infera
1214 964 1252 1023 ad
1277 981 1416 1039 superum
1441 964 1659 1042 depinguntur:
1690 964 1797 1026 viridia
1821 965 1914 1025 etiam

562 1056 661 1117 colore
685 1054 772 1113 viridi
797 1061 829 1113 et
853 1052 879 1112 in
897 1052 1065 1114 universum
1090 1072 1137 1113 res
1154 1070 1345 1131 quaecunque
1370 1071 1422 1112 suo
1447 1054 1546 1112 colore
1562 1054 1642 1114 intra
1661 1055 1814 1131 pingitur;
1839 1054 1916 1113 adeo

560 1152 603 1220 ut,
628 1143 653 1204 si
678 1142 820 1221 possibile
836 1149 927 1214 esset,
952 1140 1098 1219 picturam
1123 1141 1204 1201 illam
1225 1141 1254 1200 in
1279 1140 1375 1208 retina
1391 1141 1471 1200 foras
1496 1142 1523 1200 in
1550 1142 1644 1202 lucem
1669 1151 1824 1221 protracta
1843 1160 1915 1220 per-

560 1251 681 1295 manere
706 1230 829 1292 remotis
853 1230 1066 1302 anterioribus,
1092 1249 1167 1309 quae
1193 1231 1276 1290 illam
1300 1230 1514 1302 efformabant,
1540 1232 1709 1310 hominique
1734 1233 1824 1293 alicui
1848 1232 1914 1292 suf-

560 1321 662 1383 ficiens
687 1329 770 1381 esset
793 1319 875 1379 visus
900 1319 991 1393 acicS,
1016 1320 1041 1379 is
1066 1319 1221 1397 agniturus
1246 1326 1328 1378 esset
1352 1318 1533 1396 ipsissimam
1559 1321 1772 1398 hemisphaerii
1790 1322 1915 1399 figuram

560 1411 588 1470 in
615 1419 675 1471 tam
700 1417 827 1488 augusto
852 1409 966 1469 retinae
990 1408 1155 1485 complexu.
1195 1406 1316 1467 Etenim
1340 1416 1372 1466 et
1395 1409 1548 1486 proportio
1564 1418 1703 1470 servatur
1727 1430 1772 1482 ea,
1799 1420 1833 1471 ut
1857 1427 1914 1488 qno

560 1500 670 1579 angulo
694 1499 732 1559 ad
756 1506 869 1559 certum
893 1497 1013 1575 aliquod
1044 1505 1186 1575 punctum
1219 1496 1299 1556 iutra
1323 1496 1507 1573 complexum
1532 1500 1609 1559 oculi
1634 1500 1743 1559 ductae
1769 1507 1871 1560 rectae
1896 1518 1915 1558 a

559 1588 678 1668 punctis
703 1586 930 1667 aspectabilium
955 1585 1081 1662 singulis
1110 1603 1306 1645 concursurae
1337 1585 1474 1657 fueruut;
1510 1588 1613 1647 eodem
1643 1588 1858 1668 propemodum
1883 1596 1915 1647 et

559 1676 695 1755 singulae
718 1670 822 1755 partes
846 1675 926 1735 intra
949 1674 1011 1734 sint
1034 1672 1192 1751 depictae;
1217 1674 1292 1733 adeo
1317 1682 1349 1733 ut
1373 1693 1409 1732 ne
1433 1674 1635 1737 minutissima
1659 1678 1776 1755 quidem
1801 1685 1915 1755 puncta

559 1766 768 1844 negligentum
793 1765 927 1843 adeoque
953 1771 1066 1843 quanta
1089 1771 1137 1822 est
1161 1763 1315 1822 subtilitas
1339 1763 1420 1822 visus
1444 1763 1473 1822 in
1498 1766 1632 1843 quolibet
1655 1766 1791 1839 homine,
1827 1773 1916 1826 tanta

559 1854 600 1916 sit
623 1863 654 1914 ct
677 1854 831 1915 subtilitas
855 1853 943 1930 hujus
966 1853 1102 1931 picturae
1127 1850 1207 1911 intra
1231 1850 1295 1929 ejus
1320 1852 1447 1912 oculum.

646 1944 715 2004 Jam
739 1951 773 2003 ut
795 1942 834 2002 ad
858 1941 976 2002 modum
1000 1940 1075 2000 hunc
1100 1940 1242 2019 pingendi
1275 1939 1397 2019 propius
1435 1942 1576 2001 accedam
1615 1951 1646 2002 et
1678 1960 1724 2002 me
1764 1941 1914 2019 paulatim

558 2031 809 2093 demonstrationi
833 2049 1022 2109 praeparem,
1048 2028 1113 2089 dico
1137 2030 1285 2106 picturam
1310 2029 1386 2088 hanc
1406 2039 1545 2090 constare
1570 2049 1606 2089 ex
1621 2031 1749 2091 totidem
1772 2050 1913 2091 conorum

558 2122 695 2199 paribus,
726 2128 800 2199 quot
823 2129 892 2181 sunt
915 2118 944 2178 in
968 2138 1000 2178 re
1026 2118 1091 2178 visa
1114 2126 1245 2197 puncta,
1269 2117 1347 2177 binis
1371 2136 1489 2196 semper
1512 2118 1616 2179 eadem
1642 2120 1726 2190 basi,
1752 2118 1913 2180 latitudine

558 2210 725 2289 crystallini
750 2216 803 2269 aut
827 2210 891 2287 ejus
915 2207 1065 2285 particula
1096 2206 1267 2266 utentibus:
1306 2206 1349 2267 sic
1382 2214 1415 2267 ut
1447 2208 1525 2267 alter
1552 2227 1693 2268 conorum
1727 2210 1842 2269 vertice
1875 2210 1913 2268 ad

562 2306 705 2378 punctum
729 2299 835 2371 visum,
862 2297 927 2357 basi
953 2315 1023 2356 vero
1049 2297 1086 2356 ad
1111 2295 1319 2375 crystallinum
1344 2303 1497 2356 statuatur
1521 2297 1716 2367 (refractione
1741 2297 1861 2375 quidem
1885 2297 1914 2356 in

559 2388 696 2467 ingressu
719 2406 845 2448 corneae
869 2385 1000 2446 nonnihil
1025 2384 1193 2456 variatus),
1223 2383 1302 2443 alter
1333 2384 1399 2444 basi
1430 2385 1468 2444 ad
1501 2387 1707 2465 crystallinum
1731 2404 1798 2447 cum
1821 2386 1915 2465 priori

474 2520 479 2528 -
558 2476 714 2548 communi,
741 2476 852 2535 vertice
876 2474 915 2535 ad
935 2481 1075 2554 punctum
1091 2471 1211 2551 aliquod
1226 2472 1361 2551 picturae
1386 2473 1415 2532 in
1439 2475 1594 2552 superlicio
1614 2477 1728 2536 retinae
1743 2474 1913 2552 pertingat;

557 2564 769 2626 refractionem
793 2572 823 2624 et
848 2563 911 2642 ipse
935 2581 1043 2641 passus
1068 2562 1096 2621 in
1122 2561 1203 2621 exitu
1228 2561 1404 2641 crystallini.
1451 2563 1492 2622 Et
1515 2582 1656 2624 conorum
1682 2565 1801 2644 quidem
1825 2574 1914 2625 exte-

558 2654 652 2715 riores
677 2672 778 2714 omnes
803 2654 831 2713 in
857 2651 1001 2711 foramine
1025 2669 1119 2710 uveae
1135 2657 1323 2720 concurrunt,
1349 2669 1405 2728 quo
1431 2650 1459 2712 iu
1484 2652 1583 2729 spatio
1608 2654 1640 2713 fit
1660 2672 1801 2713 conorum
1817 2652 1913 2714 inter-

557 2743 652 2803 seciio
678 2751 708 2802 et
732 2743 839 2802 dextra
862 2741 936 2800 fiunt
960 2738 1092 2800 sinistra.
1140 2746 1223 2815 (Vide
1245 2750 1357 2801 schema
1378 2768 1433 2820 seq.
1456 2752 1651 2820 propositionis
1674 2748 1732 2815 23.)

645 2832 688 2893 Ut
713 2831 787 2891 haec
812 2829 968 2908 capiantur
992 2829 1107 2900 melius,
1134 2836 1268 2905 repetam
1301 2846 1355 2905 per
1384 2838 1496 2907 partes.
1546 2830 1594 2892 Sit
1628 2841 1769 2914 punctum
1794 2831 1914 2910 aliquod

560 2919 679 2980 visibile
703 2919 815 2980 directe
840 2918 924 2979 oculo
949 2917 1126 2995 oppositum,
1153 2918 1195 2976 sic
1220 2925 1253 2975 ut
1277 2917 1355 2976 linea
1378 2937 1432 3007 per
1455 2919 1597 2980 orificium
1622 2921 1703 2980 nervi
1731 2928 1762 2980 et
1778 2929 1912 2981 centrum

557 3008 712 3069 foraminis
736 3026 830 3068 ureae
854 3007 968 3067 incidat
991 3006 1019 3066 in
1045 3006 1100 3065 hoc
1125 3005 1242 3065 risibile
1267 3016 1418 3083 punctum.
1459 3005 1534 3068 Cum
1559 3028 1630 3087 ergo
1647 3009 1801 3088 quodlibet
1817 3028 1912 3087 punc-

557 3104 619 3159 tum
644 3098 742 3159 radiet
765 3097 794 3157 in
819 3096 930 3169 orbem,
955 3095 1087 3155 radiabit
1110 3102 1141 3154 et
1165 3094 1192 3154 in
1218 3101 1320 3172 partes
1344 3096 1433 3167 orbis,
1470 3116 1561 3175 quare
1586 3107 1617 3158 et
1641 3098 1669 3159 in
1694 3106 1789 3159 totam
1815 3099 1913 3176 porti-

558 3187 695 3248 unculam
720 3186 897 3265 sphaerulae
921 3204 1047 3246 corneae
1081 3183 1304 3263 illustrabitque
1339 3186 1445 3245 iridem
1468 3194 1500 3245 et
1523 3187 1653 3247 medium
1687 3187 1752 3265 ejus
1784 3188 1912 3265 nigrum,

559 3293 611 3336 seu
637 3276 768 3336 foramen
792 3293 897 3336 uveae.
937 3272 1070 3352 Cumque
1096 3273 1146 3333 iris
1172 3272 1212 3332 sit
1235 3290 1331 3350 opaea
1354 3282 1385 3334 et
1409 3273 1504 3352 nigra,
1527 3275 1785 3336 circumsistentes
1809 3276 1914 3337 radios

558 3364 671 3424 avertit
694 3370 726 3423 et
749 3362 903 3441 prohibet,
935 3362 1016 3422 solos
1040 3360 1356 3423 mediosintromittit
1379 3371 1521 3441 quantum
1555 3365 1697 3425 foramine
1721 3373 1818 3443 patet..
1868 3367 1913 3425 Ac

558 3469 624 3513 curu
648 3471 772 3524 cornea,
807 3459 840 3512 et
864 3452 912 3529 qni
941 3450 996 3511 sub
1020 3452 1077 3511 hac
1102 3459 1150 3510 est
1173 3450 1278 3510 humor
1301 3470 1413 3529 aqueus
1447 3453 1538 3529 (quae
1568 3462 1693 3532 utraque
1723 3472 1777 3531 pro
1808 3454 1912 3513 eodem

559 3539 657 3600 medio
681 3560 773 3600 causa
797 3540 956 3600 densitatis
989 3541 1101 3608 habeo)
1131 3540 1192 3597 sint
1227 3539 1354 3599 medium
1393 3540 1514 3601 densius
1554 3549 1637 3615 abre,
1670 3562 1761 3620 quare
1795 3543 1915 3604 radiia

557 3637 667 3708 puncto
706 3629 734 3689 in
772 3629 887 3689 devexa
924 3630 1103 3708 sphaerulae
1142 3627 1263 3687 demissi
1308 3629 1509 3706 refringantur
1546 3632 1584 3691 ad
1623 3631 1913 3709 perpendicularem.

559 3718 665 3796 ltaque
700 3718 747 3796 qni
779 3718 862 3796 prius
894 3719 921 3778 in
954 3725 1022 3778 abre
1052 3736 1212 3796 progressu
1243 3718 1475 3795 spargebantur,
1505 3739 1582 3779 nunc
1611 3740 1749 3781 corneam
1784 3721 1913 3799 ingressi

557 3807 751 3885 colliguntnr;
776 3808 850 3866 adeo
875 3815 908 3867 ut
924 3807 1058 3885 quamvis
1074 3806 1201 3866 circulus
1216 3807 1363 3866 maximus
1379 3807 1417 3865 ab
1438 3807 1474 3867 iis
1489 3809 1581 3869 radiis
1605 3810 1633 3869 in
1651 3829 1759 3869 cornea
1774 3810 1914 3889 descrip-

558 3905 624 3969 tus,
651 3896 699 3976 qui
725 3896 878 3956 foraminis
901 3897 1053 3974 margines
1078 3896 1222 3955 descensu
1247 3896 1417 3972 attingunt,
1443 3898 1483 3955 sit
1508 3898 1597 3958 latior
1620 3898 1730 3958 circulo
1757 3898 1914 3959 foraminis

558 4005 661 4057 uveae,
688 3986 717 4045 hi
743 3993 844 4045 tamen
868 3985 943 4045 radii
969 4004 1060 4063 usque
1086 3985 1122 4043 ad
1150 3984 1281 4044 foramen
1307 4004 1400 4044 ureae
1424 4004 1477 4063 per
1502 3988 1647 4047 tantulam
1673 3988 1760 4065 aquei
1784 3988 1913 4063 profun-

560 4074 686 4135 ditatem
712 4082 869 4151 tantopere
894 4073 1091 4153 colligantur,
1123 4080 1156 4132 ut
1175 4073 1238 4150 jam
1263 4073 1326 4152 ejus
1352 4073 1507 4134 foraminis
1532 4077 1681 4154 margines
1707 4077 1745 4136 ab
1770 4078 1914 4138 extremis

557 4163 711 4234 radantur,
737 4164 942 4242 descensuque
968 4165 1048 4222 facto
1072 4161 1214 4221 minorem
1234 4161 1262 4221 in
1281 4163 1448 4241 crystallini
1472 4166 1627 4241 superficie
1648 4165 1817 4242 portionem
1842 4166 1913 4226 illu-

556 4258 669 4320 strent‚
696 4269 782 4328 qnam
807 4260 855 4312 est
881 4252 1012 4312 foramen
1037 4268 1140 4311 ureae.
1181 4250 1250 4310 Jam
1274 4250 1302 4309 in
1328 4251 1512 4329 superficiem
1537 4253 1716 4315 anteriorem
1741 4254 1911 4334 crystallini

556 4338 699 4416 ingressi,
734 4339 879 4418 siquidem
904 4362 921 4400 a
944 4346 1054 4419 puncto
1079 4346 1180 4398 certae
1206 4347 1238 4397 et
1260 4339 1507 4417 proportionatae
1532 4342 1695 4403 distantiae
1729 4344 1822 4421 (quae
1848 4343 1913 4403 cni-

556 4425 632 4487 libet
656 4428 742 4487 oculo
766 4449 821 4489 sua
846 4438 893 4489 est
916 4449 971 4490 nec
994 4429 1083 4506 plane
1109 4428 1245 4488 omnibus
1261 4428 1382 4500 cadem)
1407 4429 1543 4506 primitus
1561 4431 1671 4491 fuerint
1694 4434 1763 4499 orti,
1787 4439 1913 4511 propter

556 4515 682 4577 similem
707 4536 834 4577 corneae
858 4526 889 4578 et
904 4517 1071 4598 crystallini
1096 4517 1318 4576 convexitatem
1343 4536 1445 4577 omnes
1469 4518 1512 4578 illi
1536 4521 1749 4599 propemodum
1779 4540 1912 4600 perpen-

556 4604 730 4667 diculariter
754 4604 897 4666 incidunt.
937 4604 1037 4675 Quare
1061 4605 1162 4684 pun'cti
1181 4605 1293 4667 directe
1310 4605 1385 4665 visui
1408 4607 1539 4684 oppositi
1563 4617 1593 4668 et
1610 4609 1753 4669 concinne
1769 4608 1912 4670 distantis

559 4753 655 4762 ῃ...
665 4756 873 4763 ---.-...-,.....

555 4829 763 4897 quadamtenus,
813 4829 933 4882 Dubium
962 4829 1072 4900 itaque,
1101 4848 1164 4883 num
1192 4831 1285 4884 hiatus
1316 4832 1415 4902 aliquis
1446 4831 1474 4883 in
1501 4848 1590 4884 vaona
1620 4830 1691 4885 oculi
1722 4847 1834 4885 camera
1861 4848 1910 4901 per

554 4907 632 4961 illam
653 4909 754 4961 lineam
775 4924 882 4963 sursum
903 4910 930 4963 in
952 4919 1037 4979 caput
1064 4913 1154 4979 adque
1180 4912 1256 4963 nerui
1284 4913 1376 4966 visorii
1404 4910 1611 4973 extremitates,
1639 4911 1784 4979 spirituum
1811 4914 1909 4971 sedern,

552 4987 753 5058 porrigeretur,
775 5005 811 5042 an
832 5006 897 5043 vero
919 4988 989 5044 idern
1010 4989 1122 5058 spiritus
1145 4990 1230 5044 ctiam
1251 4990 1278 5043 in
1300 4994 1419 5046 olfactus
1441 4992 1624 5045 instrumenta
1645 4992 1851 5045 diffunderetur.

644 5069 827 5121 confirmetur
848 5069 900 5122 hnc
921 5071 1049 5139 exemplo
1071 5069 1097 5121 id
1118 5070 1276 5139 praecipue,
1298 5074 1368 5142 quod
1389 5072 1502 5141 spiritus
1522 5072 1591 5124 lucis
1607 5079 1636 5126 et
1650 5072 1771 5126 colonum
1793 5087 1910 5141 capaces

554 5162 617 5202 esre
637 5153 807 5203 statuuntur.
