4584 6192
1010 602 1150 667 conffl-
1692 603 1757 671 375

404 776 655 855 parallacticam:
680 796 789 858 quaere
815 779 1013 841 differentiam
1037 779 1195 841 mediocris
1214 791 1247 843 et
1270 782 1408 844 minimae
1432 782 1569 844 diametri
1593 783 1656 857 (hic
1677 780 1760 859 3000)

406 866 433 926 in
455 866 563 940 fronte,
588 867 699 946 gradus
718 869 825 947 compl.
851 869 1014 929 distantiae
1034 869 1071 929 ab
1092 887 1226 947 apogaeo
1247 871 1290 944 (in
1310 872 1366 932 hoc
1391 872 1541 951 exemplo)
1562 873 1591 933 in
1614 874 1759 952 margine,

407 955 484 1033 quod
511 975 583 1016 area
606 955 728 1017 exhibet
761 957 845 1017 aufer
868 979 886 1018 a
910 958 1025 1029 fronte,
1058 958 1208 1019 residuum
1243 960 1319 1019 adde
1353 960 1491 1021 minimae
1523 961 1679 1022 diametro.
1726 960 1761 1024 Si

406 1042 553 1105 distantia
576 1045 613 1105 ab
638 1064 772 1125 apogaeo
797 1048 914 1107 excedit
945 1047 1157 1125 quadrantem,
1189 1067 1330 1109 excessus
1354 1049 1383 1109 iu
1407 1050 1540 1129 margine
1571 1050 1758 1129 quaerendus

407 1141 454 1192 est
482 1140 513 1192 et
542 1135 619 1213 quod
651 1153 722 1194 area
756 1135 877 1195 exhibet
913 1137 1081 1196 addendum
1116 1137 1207 1197 fronti
1237 1156 1409 1217 summaque
1443 1138 1582 1199 addenda
1614 1139 1761 1201 diametro

407 1239 553 1299 apogaeo.
601 1222 714 1283 Eodem
747 1225 834 1284 modo
868 1243 932 1285 eum
961 1225 1047 1285 Luna
1079 1244 1211 1304 agemus.
1258 1226 1403 1287 Distabat
1435 1227 1522 1288 Luna
1554 1227 1593 1287 ab
1626 1245 1761 1307 apogaeo

406 1304 467 1372 400
490 1308 553 1381 500,
577 1329 630 1388 per
654 1310 740 1390 hujus
775 1315 1021 1392 complementum
1047 1321 1078 1373 et
1102 1314 1358 1375 ecceutricitatem
1386 1311 1474 1379 4336
1498 1324 1530 1376 ut
1556 1316 1584 1375 in
1615 1316 1760 1394 superiori

407 1399 544 1477 exemplo
575 1400 695 1460 elicitur
728 1401 875 1463 diameter
897 1403 1001 1463 Lunae
1026 1398 1080 1464 300
1103 1401 1178 1473 5000,
1209 1403 1300 1464 semis
1326 1402 1377 1466 150
1401 1401 1475 1466 2500.
1524 1402 1665 1474 Qualium
1690 1422 1760 1483 ergo

409 1487 465 1546 AF
489 1496 537 1547 est
563 1487 614 1551 15¹
638 1487 703 1551 2500
727 1490 830 1550 talium
854 1492 909 1552 BH
934 1500 981 1551 est
1008 1489 1058 1552 15¹
1082 1490 1134 1553 200.
1181 1491 1222 1551 Et
1247 1492 1316 1571 quia
1340 1501 1410 1553 sunt
1433 1494 1574 1573 aequales
1593 1494 1646 1553 BF
1661 1500 1691 1552 et
1706 1492 1760 1566 lli,

410 1578 553 1654 aequales
578 1595 648 1656 ergo
673 1585 704 1638 et
727 1579 792 1652 ΒΗ,
818 1581 866 1640 FI.
912 1578 1036 1640 Summa
1070 1599 1139 1659 ergo
1164 1582 1220 1641 AF
1244 1591 1275 1641 et
1297 1581 1355 1641 ΒΗ
1387 1580 1521 1661 aequalis
1549 1589 1597 1642 est
1629 1600 1761 1642 summas

408 1664 474 1735 AF,
508 1666 564 1739 Fl,
590 1666 644 1726 hoc
670 1676 716 1726 est
739 1668 806 1737 AB,
830 1669 881 1728 Bi.
929 1669 1010 1747 Ergo
1043 1670 1088 1732 AI
1121 1670 1275 1730 Maestlini
1308 1670 1452 1731 dimensio
1476 1666 1518 1729 47
1547 1679 1595 1729 est
1625 1669 1761 1747 aequalis

407 1772 497 1813 verae
522 1755 697 1815 dimensioni
722 1754 775 1818 30¹
800 1754 865 1817 2700
875 1776 883 1830 ;
915 1777 986 1837 ergo
1010 1758 1035 1818 si
1059 1755 1101 1821 47
1132 1758 1205 1818 dant
1229 1755 1283 1820 300
1306 1755 1380 1831 2700,
1407 1759 1475 1838 quid
1508 1758 1641 1819 efficient
1664 1755 1706 1819 23
1730 1756 1760 1817 iu

409 1842 466 1902 hac
501 1842 708 1904 dimensione?
745 1844 865 1923 Regula
896 1847 996 1925 prodit
1024 1843 1170 1919 1405400,
1206 1846 1321 1908 scilicet
1352 1848 1424 1915 AB,
1458 1855 1488 1909 et
1520 1848 1575 1908 AF
1609 1844 1661 1908 150
1685 1844 1760 1919 2500,

408 1931 536 1991 obseura
559 1951 630 2011 pars
656 1932 707 1994 150
732 1931 805 2006 3200,
832 1953 896 1994 cum
920 1943 1078 2013 putaretur
1100 1936 1264 1996 Maestliuo
1289 1936 1411 1997 dimidia
1434 1935 1599 1997 diametros
1623 1935 1760 1995 delicere.

407 2019 449 2080 Et
474 2020 544 2099 quia
566 2021 610 2082 ΒΙ
639 2020 688 2082 150
712 2018 777 2084 3200
801 2032 830 2083 et
854 2025 898 2084 AI
923 2021 977 2085 300
991 2024 1066 2096 2700,
1092 2043 1162 2101 ergo
1182 2024 1238 2084 AB
1259 2025 1345 2103 justa
1369 2023 1495 2086 visibilis
1520 2024 1666 2085 distantia
1689 2041 1761 2085 ceu·

408 2118 523 2170 trorum
548 2111 616 2187 (per
639 2111 734 2189 probl.
765 2109 816 2184 12)
840 2112 1017 2192 relinquitur
1043 2109 1093 2175 140
1118 2110 1193 2175 5500.

496 2198 688 2259 Problema
711 2198 830 2261 XXlX.
877 2201 929 2261 Ex
961 2201 1161 2263 altitudine
1195 2199 1293 2262 Solis
1325 2203 1382 2262 vel
1419 2200 1570 2274 stellae,
1609 2200 1763 2280 cognita

409 2287 661 2348 declinatione
686 2297 721 2348 et
745 2289 949 2351 altitudine
973 2292 1060 2368 poli,
1089 2290 1351 2371 compendiose
1376 2297 1412 2350 et
1435 2289 1596 2350 discrete
1619 2296 1762 2368 tempus

409 2396 473 2436 seu
508 2376 785 2454 elongationem
819 2377 919 2439 Solis
953 2379 1194 2440 ameridiann
1225 2378 1416 2457 indagare.
1465 2376 1624 2439 Certamus
1647 2378 1679 2438 iu
1702 2396 1763 2438 una

410 2464 627 2544 triangulorum
662 2467 758 2526 forma
788 2487 854 2528 cum
887 2468 1006 2545 negotio
1038 2467 1338 2547 prosthaphaeretico
1363 2465 1569 2529 Wittichiano.
1617 2463 1763 2535 Quamvis

410 2555 489 2616 enim
524 2554 658 2615 laborem
681 2574 737 2614 nou
769 2556 944 2629 minuimus,
979 2558 1007 2617 in
1040 2557 1159 2617 sublimi
1193 2564 1293 2617 tamen
1327 2555 1489 2617 incedimus
1513 2563 1545 2616 et
1573 2563 1764 2634 prospectum

409 2643 527 2705 itineris
560 2642 705 2704 habemus
738 2645 775 2704 ob
809 2646 921 2704 oculos.
976 2646 1166 2707 Wittichium
1196 2664 1267 2705 vero
1309 2644 1404 2705 valles
1443 2644 1653 2718 abscondunt,
1694 2642 1764 2723 quia

411 2731 631 2793 demonstratio
655 2732 720 2810 ejus
744 2734 893 2810 generalis
917 2742 1025 2795 estex
1049 2734 1159 2797 circuio
1183 2734 1211 2795 in
1241 2734 1400 2812 sphaeram
1433 2733 1566 2795 tralata:
1598 2751 1665 2793 mea
1688 2731 1763 2793 haee

411 2820 607 2900 peculiariter
629 2821 686 2899 ipsi
711 2821 859 2899 sphaerae
884 2831 931 2883 est
955 2832 1070 2901 aptata.

499 2909 594 2988 Finge
618 2911 740 2988 planum
770 2911 917 2972 horizonti
949 2912 1114 2990 parallelon
1143 2928 1197 2991 per
1229 2917 1362 2970 centrum
1394 2909 1459 2988 ejus
1492 2909 1593 2971 circuli
1626 2907 1766 2986 transire,

412 3018 499 3078 quem
524 3017 559 3059 eo
584 3007 734 3059 momento
759 2997 813 3061 Sol
838 3000 875 3060 ad
900 3001 1035 3061 diurnum
1059 3009 1170 3061 motum
1194 2996 1408 3059 conficiendum
1432 3006 1571 3077 occupat.
1612 2998 1654 3060 Ut
1677 2998 1768 3077 igitur

412 3088 495 3148 sinus
520 3095 602 3148 totus
626 3096 674 3147 est
697 3088 735 3149 ad
770 3089 864 3149 sinum
890 3089 1056 3150 altitudinis
1087 3089 1162 3169 poli,
1194 3088 1238 3147 ita
1262 3087 1344 3148 sinus
1377 3087 1587 3148 declinationis
1611 3085 1691 3148 Solis
1720 3086 1769 3147 vel

413 3176 521 3237 stellae
546 3185 595 3236 est
617 3178 655 3236 ad
687 3177 782 3238 sinum
814 3178 982 3238 altitudinis
1005 3179 1052 3239 vel
1081 3175 1296 3257 profunditatis
1329 3175 1418 3255 hujus
1447 3176 1529 3254 plani
1563 3194 1654 3254 snpra
1687 3174 1770 3236 hori·

410 3274 539 3334 zeutem,
564 3271 652 3343 prout
675 3264 728 3325 Sol
754 3266 782 3325 iu
807 3267 1011 3346 septentrione
1035 3267 1083 3327 vel
1114 3266 1236 3327 meridie
1262 3264 1361 3325 fuerit.
1408 3265 1524 3325 Deinde
1547 3262 1713 3343 perpende,
1739 3270 1773 3326 ut

413 3353 559 3432 ecliptica
581 3372 671 3431 snper
695 3363 868 3434 aequatura,
894 3365 1040 3436 aequator
1055 3374 1144 3434 super
1168 3355 1332 3422 horizonte,
1358 3352 1400 3415 sic
1415 3353 1581 3432 parallelon
1606 3371 1696 3433 super
1718 3352 1775 3414 hoe

410 3444 502 3521 plano
527 3442 675 3516 inclinari,
701 3451 732 3502 et
748 3439 974 3523 'proportionari
999 3445 1082 3505 sinus
1105 3444 1249 3522 graduum
1274 3442 1400 3521 aplauo
1427 3442 1632 3503 inchoatarum
1656 3441 1772 3503 sinibus

412 3531 604 3592 altitudinum
629 3550 718 3609 super
732 3533 864 3611 planum,
890 3533 926 3593 iis
942 3533 1069 3613 quidem,
1090 3551 1212 3612 quorum
1232 3531 1379 3592 maximus
1395 3539 1444 3592 est
1463 3530 1632 3592 differentia
1654 3529 1771 3591 sinuum

412 3620 584 3681 altitudinis
616 3620 697 3698 plani
723 3628 754 3681 et
777 3621 946 3683 altitudinis
979 3621 1160 3683 meridianae
1192 3620 1318 3681 stellae:
1352 3619 1400 3679 vel
1433 3627 1539 3681 eontra
1571 3625 1769 3698 aggregatum

410 3708 626 3788 profunditatis
649 3709 730 3787 plani
755 3718 787 3769 et
810 3710 977 3771 altitudinis
1001 3710 1184 3771 meridianae
1200 3709 1318 3769 stellae.
1356 3709 1461 3787 ltaque
1484 3708 1582 3768 sinum
1601 3704 1772 3768 altitudinis

412 3797 496 3877 plani
530 3796 688 3870 subtrahe,
720 3799 935 3876 profunditatis
968 3800 1045 3859 adde
1077 3800 1113 3859 ad
1150 3797 1231 3858 sinus
1266 3796 1436 3857 altitudinis
1465 3806 1497 3856 et
1528 3795 1711 3856 meridianae
1740 3801 1772 3855 et

412 3886 588 3965 temporalis
612 3886 659 3946 vel
684 3886 873 3948 observatae.
922 3887 964 3950 Ut
987 3888 1078 3967 igitur
1102 3887 1225 3947 duorum
1255 3884 1438 3946 residuorum
1462 3884 1510 3944 vel
1536 3893 1771 3962 aggregatorum

413 3976 496 4054 prius
520 3975 560 4036 ad
594 3976 762 4053 posterius,
792 3977 835 4037 ita
863 3977 945 4038 sinus
970 3984 1052 4037 totus
1076 3975 1115 4036 ad
1139 3975 1235 4037 sinum
1266 3972 1476 4053 complementi
1505 3972 1543 4032 ad
1575 3970 1772 4051 quadrantem

414 4064 454 4136 (si
469 4065 562 4125 stella
584 4063 674 4124 altior
698 4065 802 4142 plano)
817 4066 864 4126 vel
890 4083 1032 4126 excessus
1053 4084 1141 4144 super
1166 4063 1362 4143 quadrantem
1378 4063 1419 4135 (si
1439 4060 1591 4132 humilior)
1608 4058 1771 4121 distantiae

414 4153 523 4213 stellae
548 4173 566 4212 a
589 4151 763 4215 meridiano.
810 4153 988 4233 Exemplum
1016 4153 1044 4213 in
1078 4152 1237 4233 proposita
1270 4150 1388 4230 eclipsi,
1423 4160 1454 4211 et
1484 4149 1578 4228 primo
1611 4157 1771 4211 momento.

416 4240 465 4303 Sit
490 4241 621 4302 altitudo
645 4241 706 4320 poli
723 4242 922 4322 Tubingensis
937 4238 999 4305 480
1013 4239 1077 4305 240.
1115 4242 1196 4303 liam
1220 4260 1322 4302 omnes
1347 4239 1468 4300 tabulae
1488 4237 1601 4299 faciunt
1617 4238 1772 4318 Tubingae

414 4339 445 4392 et
467 4331 628 4409 Augustae
653 4331 778 4391 eandem
805 4332 1004 4393 latitudinem.
1043 4331 1203 4410 Augustae
1222 4348 1293 4389 vero
1312 4347 1364 4389 seu
1381 4325 1568 4408 Geggingae,
1594 4327 1659 4387 loco
1682 4327 1772 4406 paulo

415 4419 650 4481 meridionaliori
676 4420 713 4479 ad
737 4420 889 4481 dimidium
910 4420 1036 4481 milliare
1057 4439 1110 4481 seu
1126 4416 1166 4492 20,
1192 4418 1316 4478 inventa
1331 4423 1379 4477 est
1397 4415 1621 4478 accuratissime
1646 4414 1772 4476 altitudo

414 4508 475 4587 poli
499 4503 562 4570 480
585 4504 649 4581 220,
673 4516 707 4568 ut
730 4509 814 4570 vides
839 4509 868 4569 iu
893 4517 973 4570 tomo
992 4509 1018 4571 1.
1041 4510 1269 4589 Progymnasm.
1292 4504 1443 4587 Tyehouis
1467 4504 1519 4566 fol.
1540 4498 1615 4566 361.
1636 4512 1667 4564 et
1686 4521 1770 4583 seqq.

416 4595 495 4667 Quin
520 4606 553 4657 et
581 4596 761 4658 Maestlinus
793 4617 870 4659 anno
903 4594 987 4661 1588
1028 4598 1057 4659 in
1088 4599 1144 4658 fine
1178 4594 1270 4657 libelli
1303 4593 1452 4673 sphaerici
1484 4592 1585 4672 prodit
1617 4591 1772 4671 Tubingae

415 4686 491 4748 hanc
517 4685 716 4746 altitudinem.
764 4687 863 4747 Locus
888 4685 969 4749 Solis
994 4686 1035 4748 sit
1058 4704 1164 4747 crassa
1187 4684 1325 4744 Minerva
1349 4679 1387 4744 7⁰
1410 4679 1464 4745 30‘
1488 4685 1523 4757 il,
1549 4681 1619 4761 quia
1641 4680 1774 4742 nescitur

408 4783 534 4855 tempus
565 4775 719 4853 praecise,
751 4776 835 4854 eujus
866 4775 1026 4838 declinatio
1060 4769 1118 4837 180
1151 4768 1214 4836 280.
1265 4771 1343 4833 Hinc
1376 4771 1458 4833 sinus
1492 4768 1660 4832 altitudinis
1690 4765 1774 4846 plani

415 4861 534 4928 23687.
581 4861 625 4924 Ε1
647 4864 716 4943 quia
740 4864 867 4925 altitudo
892 4865 1065 4945 aequaturis
1088 4857 1149 4925 410
1172 4857 1235 4936 360,
1266 4860 1344 4921 addo
1373 4860 1602 4921 declinationem
1629 4853 1773 4931 180280,

416 4952 482 5016 hinc
508 4950 591 5013 Solis
623 4951 789 5014 meridiana
819 4953 947 5015 altitudo
973 4948 1033 5016 600
1055 4949 1104 5026 40,
1130 4948 1212 5012 Solis
1243 4950 1406 5010 observata
1438 4944 1506 5011 260.
1553 4946 1667 5007 Horum
1691 4946 1774 5007 sinus

417 5038 535 5116 86661,
561 5037 671 5106 43837
696 5042 832 5103 diminuti
856 5042 1013 5104 altitudine
1042 5039 1125 5121 plani
1154 5038 1325 5118 relinquunt
1348 5032 1468 5113 62974,
1492 5031 1612 5100 20150.
1659 5033 1703 5096 Et
1724 5034 1773 5096 hic

416 5132 530 5195 abillo
556 5130 692 5212 (cyphris
717 5138 823 5192 auctus
846 5132 939 5205 radii)
964 5131 1079 5194 divisus
1107 5127 1209 5208 prodit
1232 5122 1359 5201 31997,
1393 5125 1490 5188 sinum
1514 5142 1600 5186 arcus
1631 5118 1685 5185 180
1707 5118 1772 5199 400,
