4584 6192
428 1435 669 1509 HISTORIA
695 1438 818 1511 mom
846 1438 1057 1527 murram,
1086 1438 1221 1518 QUOD
1251 1441 1406 1514 Alema
1434 1440 1604 1548 HDQIV.
1630 1442 1694 1512 ΕΤ

649 1577 799 1653 mov.
827 1580 1001 1654 rutam
1029 1582 1086 1652 IN
1114 1580 1471 1654 ausemano,

968 1844 1088 1942 Caput
1118 1843 1148 1916 I.

470 2015 561 2076 Anno
594 2016 632 2077 ab
665 2036 736 2078 aera
769 2017 1010 2081 Christianorum
1043 2020 1203 2081 millesimo
1236 2020 1457 2081 sexcentesimo
1490 2028 1612 2101 quarto,
1651 2018 1736 2098 cujus

382 2101 502 2164 initium
529 2105 699 2166 Nativitate
730 2107 852 2168 Domini
883 2109 979 2169 nostri
1008 2110 1084 2170 Jesu
1113 2108 1228 2170 Christi
1251 2108 1308 2169 Dei
1340 2116 1371 2168 et
1399 2108 1538 2170 llominis
1569 2128 1606 2169 cx
1637 2108 1737 2175 Maria

379 2190 511 2270 Virgine
542 2191 658 2273 aliquot
688 2194 775 2255 annis
804 2197 956 2275 posterius
985 2216 1053 2257 esse
1085 2196 1261 2275 chronologi
1289 2196 1425 2256 hodierni
1455 2197 1626 2275 disputant3
1658 2214 1736 2256 anno

376 2279 475 2357 primo
500 2281 616 2359 periodi
640 2283 843 2361 astrologicae
868 2285 1106 2363 octingentorum
1130 2304 1275 2345 annorum
1305 2284 1522 2363 atriplicitate
1555 2286 1642 2362 ignea
1667 2303 1736 2345 sur-

376 2368 489 2447 gentis,
514 2390 533 2428 a
549 2371 657 2430 mundo
674 2371 794 2431 condito
812 2382 953 2446 octavae,
978 2393 1067 2454 quam
1083 2373 1207 2435 Saturni
1222 2373 1367 2452 Jovisque
1384 2392 1565 2451 congressus
1581 2373 1611 2432 in
1629 2381 1736 2433 octavo

376 2456 474 2535 gradu
489 2457 649 2537 Sagittarii
675 2461 838 2537 superioris
862 2462 932 2521 anni
959 2458 1051 2524 1603.
1077 2462 1125 2521 die
1147 2455 1231 2541 llll.
1248 2460 1424 2523 Decembris
1443 2462 1508 2540 jam
1532 2460 1736 2536 inchoaverat,

376 2545 504 2607 absente
529 2555 629 2607 tamen
643 2548 762 2622 Marte;
787 2569 853 2609 cum
872 2558 1028 2610 exstarent
1045 2550 1110 2627 jam
1129 2570 1148 2609 a
1168 2549 1271 2609 multis
1294 2550 1381 2610 annis
1398 2550 1498 2609 variae
1515 2549 1736 2627 astrologorum

378 2634 603 2714 praedictiones
628 2635 664 2694 de
689 2637 863 2698 revolvente
887 2638 1005 2716 trigono
1028 2638 1116 2717 igneo
1149 2646 1179 2697 et
1202 2637 1372 2715 ingentibus
1403 2637 1550 2716 prodigiis
1580 2656 1735 2717 rerumque

377 2722 567 2803 publicarum
590 2723 722 2784 motibus
745 2744 782 2784 ex
805 2726 862 2785 hoc
886 2745 964 2786 anno
995 2722 1084 2787 1604.
1110 2726 1333 2800 consecuturis;
1364 2745 1488 2805 cumque
1512 2726 1580 2785 ideo
1605 2725 1735 2786 onmium

378 2811 473 2872 animi
496 2812 526 2872 in
550 2832 599 2873 res
623 2831 718 2872 novas
742 2822 846 2874 essent
873 2814 980 2889 erecti;
1008 2814 1130 2894 jamque
1162 2814 1253 2874 etiam
1276 2815 1377 2874 Marte
1401 2814 1564 2874 Saturnum
1595 2823 1735 2893 praeter-

377 2918 487 2978 gresso
511 2900 541 2961 iu
568 2895 632 2962 10⁰
653 2899 824 2979 Sagittarii,
854 2903 893 2962 ad
916 2902 995 2963 diem
1022 2895 1126 2983 telae.
1151 2902 1340 2981 Septembris
1366 2910 1397 2961 et
1421 2901 1490 2962 hinc
1513 2902 1660 2979 paulatim
1684 2919 1735 2962 se-

378 2988 540 3069 quentibus
564 2988 670 3048 diebus
693 2989 732 3048 ad
747 2990 865 3062 Jovem‚
890 2990 941 3071 qui
960 2991 1025 3068 jam
1041 3009 1094 3069 per
1109 2990 1254 3069 pauculos
1275 2991 1387 3068 gradus
1406 2989 1569 3052 Saturnum
1585 2996 1736 3062 evaserat,

375 3084 577 3156 properante,
617 3095 705 3157 quem
737 3077 762 3138 si
796 3087 1026 3158 assequeretur,
1067 3078 1288 3156 conjunctionis
1326 3097 1453 3157 magnae
1486 3078 1736 3156 complementum

372 3166 550 3244 justumque
578 3164 698 3226 titulum
726 3184 764 3225 ex
787 3168 1008 3246 astrologomm
1034 3167 1173 3227 doctrina
1196 3168 1387 3228 confecturus
1410 3173 1491 3240 erat3
1516 3185 1582 3227 cunr
1606 3166 1737 3229 omnium

377 3260 632 3326 astronomorum,
657 3254 706 3333 qui
729 3253 869 3332 gnaviter
892 3275 977 3315 suam
999 3256 1220 3335 professionem
1244 3256 1364 3329 obeunt,
1389 3254 1467 3315 oculi
1483 3253 1595 3315 adhoc
1611 3261 1736 3315 naturae

377 3342 585 3421 spectaculum
607 3341 822 3403 continentium
840 3343 954 3404 dierum
969 3342 1106 3423 vesperis
1122 3343 1283 3421 diligenter
1299 3351 1402 3404 essent
1424 3342 1547 3417 intenti,
1571 3342 1623 3402 alii
1640 3342 1735 3403 corri-

376 3430 545 3510 gendorum
568 3438 716 3502 motuum,
748 3429 800 3490 alii
825 3431 1053 3504 delectationis,
1085 3431 1136 3491 alii
1165 3432 1356 3492 solennitatis
1379 3439 1426 3493 tot
1449 3431 1616 3492 seculorum
1639 3430 1735 3491 inter-

371 3519 461 3599 jectu
484 3518 652 3591 redeuntis,
684 3517 736 3578 alii
760 3519 998 3598 praedictionum
1022 3520 1136 3592 studio,
1168 3520 1289 3599 quidam
1313 3519 1403 3580 etiam
1433 3518 1618 3598 exploraturi
1648 3518 1736 3578 fidem

379 3626 504 3672 suarum
526 3628 751 3685 apooqpumoc,
774 3615 808 3667 ut
831 3607 880 3687 qui
905 3628 942 3668 ex
956 3608 1092 3671 Arabum
1116 3607 1253 3668 doctrina
1269 3607 1393 3668 disertis
1410 3607 1510 3667 verbis
1527 3607 1583 3667 hoc
1600 3613 1734 3684 tempore

377 3695 525 3757 oriturum
549 3702 697 3755 cometam
726 3695 956 3773 praedixerant3
974 3694 999 3768 ²)
1030 3716 1096 3757 cum
1120 3713 1176 3773 ego
1199 3697 1327 3773 Pragae.
1341 3694 1390 3754 die
1417 3691 1520 3765 t'rrer.
1545 3691 1734 3772 Septembris

376 3782 543 3845 serenitate
567 3802 634 3844 cum
657 3782 795 3861 digressu
811 3785 923 3845 Martis
945 3805 965 3843 a
988 3784 1129 3857 Saturno,
1154 3792 1188 3844 ut
1206 3785 1248 3856 fit,
1272 3782 1424 3856 restituta,
1449 3801 1552 3843 omnes
1576 3788 1640 3841 tres
1663 3780 1733 3859 pla-

375 3880 466 3934 netas
497 3872 668 3950 superiores
701 3871 912 3932 observassem
942 3872 1118 3950 diligenter,
1149 3871 1188 3933 ad
1210 3873 1342 3932 Martem
1372 3879 1404 3932 et
1430 3870 1539 3934 Jovem
1568 3867 1733 3948 appropin-

374 3967 506 4041 quantes
529 3959 734 4038 respexissem
757 3957 809 4021 23.
835 3959 919 4038 Sept.
944 3960 993 4021 vel
1017 3958 1046 4023 3.
1072 3960 1159 4034 Oct,
1183 3959 1263 4021 idem
1286 3959 1432 4020 fecissent
1453 3959 1588 4020 Joannes
1605 3956 1735 4019 Schuler
1850 4006 1854 4015 .
1906 3967 1911 3983 ·

375 4047 571 4109 amanuensis
601 4044 686 4108 irreus
719 4044 771 4109 27.
797 4047 881 4126 Sept.
912 4049 960 4108 vel
986 4049 1014 4110 7.
1040 4048 1109 4110 Oct.
1141 4055 1174 4108 et
1201 4049 1337 4109 Joannes
1360 4046 1563 4127 Brunovsky,
1595 4044 1734 4106 minister

332 4197 333 4201 ,
373 4134 511 4198 Illustris
533 4135 572 4197 D.
598 4135 752 4213 Rodolphi
777 4135 955 4208 Coraducii,
979 4135 1232 4197 vicecancellarii
1255 4135 1393 4215 Imperii,
1424 4135 1472 4195 die
1497 4131 1549 4197 28.
1574 4134 1660 4213 Sept.
1685 4133 1733 4196 vel

374 4221 407 4287 8.
433 4222 502 4286 Oct
528 4223 613 4283 coelo
637 4224 688 4283 vix
711 4223 887 4284 dehiscente
907 4222 1089 4298 nubibus,*)
1112 4224 1193 4285 idem
1216 4224 1321 4285 eodem
1342 4223 1390 4285 die
1407 4230 1438 4284 et
1452 4221 1614 4285 Helisaeus
1630 4222 1732 4285 Roes-

466 4419 494 4486 ⁴)
515 4419 545 4473 Si
565 4418 636 4471 haec
657 4435 725 4471 vera
745 4425 823 4482 runt,
847 4418 887 4471 uti
908 4424 973 4472 suut
993 4417 1100 4489 quidem
1121 4418 1282 4473 verissima:
1304 4417 1473 4487 impossibile
1494 4424 1551 4482 eat,
1573 4432 1641 4471 rara
1659 4430 1731 4481 aaae,

373 4514 449 4571 quae
471 4498 608 4568 Georgius
639 4497 726 4566 Spate
756 4500 904 4568 presbyter
934 4500 1102 4552 Pomeranus
1132 4499 1255 4552 Herlicio
1286 4497 1373 4551 dixit:
1403 4497 1498 4551 Visam
1528 4496 1653 4551 nimirum
1685 4495 1731 4550 1⁷.

374 4579 425 4634 27.
446 4576 618 4648 Septembris
649 4578 736 4646 primo
766 4578 901 4632 omnium:
933 4577 1101 4647 impossibile
1129 4585 1159 4631 et
1184 4578 1266 4641 illud,
1298 4579 1369 4647 quod
1389 4576 1526 4630 Antonius
1546 4574 1733 4632 Laurentium
1811 4583 1815 4590 ”

373 4657 541 4721 Politianua,
563 4655 637 4709 edito
659 4656 730 4709 libro
751 4655 888 4710 idiomatis
910 4656 1009 4719 Italici,
1032 4655 1170 4711 affirmat:
1194 4657 1396 4720 „Observatum
1416 4673 1478 4709 eaae
1498 4654 1542 4708 die
1562 4654 1589 4709 8.
1605 4653 1733 4708 Octobris

374 4736 485 4791 circiter
509 4735 560 4791 18⁰
578 4738 616 4803 s,
637 4734 666 4788 iu
694 4752 747 4805 quo
773 4735 869 4806 signo,
901 4736 980 4806 quasi
1000 4736 1030 4789 in
1049 4734 1186 4806 ipsissimo
1213 4736 1262 4789 illo
1287 4735 1331 4787 die
1361 4735 1510 4806 contigerit
1529 4734 1627 4787 Jorem
1646 4732 1733 4787 Marti

325 4813 336 4831 ¹
374 4816 517 4887 conjungi,
532 4815 654 4870 Saturno
663 4831 719 4868 non
732 4814 817 4885 longe
832 4816 957 4879 absente,
972 4813 1054 4868 Luna
1066 4830 1117 4883 per
1126 4815 1250 4868 Arietem
1263 4820 1398 4878 currente,
1415 4813 1494 4884 quasi
1506 4829 1558 4883 per
1571 4812 1733 4866 diametrum

374 4894 508 4965 opposita
525 4892 612 4949 Soli.“
641 4893 748 4947 Horum
768 4901 884 4963 uterque
904 4894 928 4947 ai
949 4910 1032 4948 unam
1052 4909 1146 4946 rocem
1168 4890 1214 4961 (ut
1233 4889 1316 4962 puto)
1337 4892 1383 4947 rel
1405 4892 1448 4961 (ut
1468 4887 1576 4962 opinor)
1597 4893 1633 4945 ad
1654 4907 1733 4946 auam

372 4973 553 5028 traditionem
573 4972 759 5041 apposuisset,
781 4988 880 5027 carere
901 4972 1040 5042 potuisset
1061 4972 1242 5027 acerbitatem
1267 4972 1373 5025 dicendi
1394 4971 1421 5025 iu
1442 4988 1473 5025 se
1493 4970 1660 5025 concitatam
1680 4971 1733 5024 hoa

373 5054 448 5107 nudo
470 5053 617 5107 affirmato.
646 5051 740 5105 Causa
759 5052 831 5104 enim
852 5069 923 5123 quae
944 5052 1061 5106 moverit
1080 5057 1235 5123 utrumque,
1256 5058 1339 5121 patet
1352 5069 1390 5106 ex
1402 5050 1641 5120 Ephemeridibua.
1668 5050 1740 5106 Nam
1852 5097 1855 5103 .
