4584 6192
967 609 1050 674 capua
1068 609 1139 668 XXI,
1662 610 1727 682 609

374 792 457 858 bauo
486 786 720 854 immensitatem
750 787 872 851 extulit:
906 787 1041 867 ejusdem
1076 788 1169 851 ctiam
1201 788 1315 850 artibus
1346 794 1378 849 et
1403 789 1627 854 blandientibus
1649 810 1728 872 pop-

374 879 492 966 pysmis
514 885 682 941 revertatur
704 877 784 939 intra
806 877 907 939 mundi
930 885 1028 939 metas
1052 887 1141 960 atquc
1174 897 1311 940 carceres
1342 897 1422 942 suos.
1470 878 1561 943 Certe
1590 880 1728 961 equidem

375 968 502 1052 vaganti
523 987 577 1048 per
599 967 670 1028 illud
695 966 839 1029 inlinitum
862 967 936 1028 bens
961 985 1018 1027 oon
1042 974 1099 1029 est.

464 1058 525 1139 ajo
546 1056 688 1137 primum,
712 1075 749 1116 ex
773 1056 956 1118 astronomia
979 1056 1080 1118 doceri
1102 1074 1192 1137 posse
1216 1053 1396 1131 certissime,
1429 1057 1554 1121 fixarum
1575 1058 1728 1139 regionem

373 1149 515 1212 deorsum
538 1146 671 1209 evidenti
693 1144 789 1207 limite
813 1146 1018 1207 terminatam:
1052 1164 1146 1226 neque
1174 1163 1277 1207 verum
1301 1163 1367 1206 esse
1391 1146 1470 1227 quod
1494 1156 1622 1226 ponunt,
1655 1147 1729 1210 nibil

373 1238 495 1302 differre
518 1243 644 1316 aspectu
667 1235 807 1296 mundum
829 1235 906 1297 huuc
930 1234 1101 1296 inferiorem
1124 1253 1178 1296 sno
1203 1252 1269 1296 cum
1283 1232 1355 1295 Sole
1378 1255 1397 1296 a
1421 1236 1554 1316 qualibet
1572 1238 1729 1300 stellarum

372 1329 511 1397 lixarum,
534 1327 590 1387 hoc
614 1330 662 1385 est
684 1322 836 1403 regionem
859 1345 878 1385 a
900 1323 1020 1403 regione
1045 1323 1108 1385 sive
1133 1324 1209 1385 loco.

464 1415 544 1478 Nam
571 1421 638 1476 esto
669 1412 748 1474 inter
770 1413 928 1493 principia,
961 1413 1163 1474 extendantur
1184 1413 1261 1473 fixae
1285 1410 1314 1472 in
1337 1411 1485 1474 infinitum
1507 1414 1603 1488 loras3
1626 1433 1729 1478 verum

373 1515 477 1571 tamnu
501 1512 563 1579 est,
596 1504 627 1565 in
658 1503 715 1564 hoc
747 1501 851 1564 intimo
883 1502 950 1564 sinu
978 1500 1141 1564 cavitatem
1175 1520 1242 1562 esse
1265 1501 1411 1581 insignem
1435 1502 1667 1584 distinctamque
1691 1504 1729 1566 ab

372 1594 556 1670 intervallis,
580 1611 656 1673 quas
680 1599 750 1652 sunt
772 1590 851 1652 inter
873 1592 950 1654 rixas
973 1591 1079 1653 stellas
1102 1590 1221 1652 immani
1244 1591 1446 1670 proportionis
1470 1591 1729 1655 dissimilitudine:

373 1686 422 1749 sic
444 1691 480 1746 ut
501 1682 527 1745 si
550 1682 598 1744 cui
621 1681 698 1742 hanc
721 1680 818 1742 solam
846 1680 1011 1742 cavitatem
1040 1680 1229 1760 contingeret
1261 1679 1421 1758 inspicere,
1455 1680 1605 1761 ignoranti
1638 1682 1731 1744 etiam
1769 1738 1774 1748 .

374 1775 416 1838 de
439 1779 507 1837 octo
531 1769 727 1850 corpusculis,
760 1769 841 1831 circa
869 1770 955 1850 hujus
979 1770 1069 1849 spatii
1100 1776 1234 1831 centrum
1257 1769 1470 1848 augustissimo
1494 1770 1611 1853 quidem
1634 1771 1731 1833 inter-

373 1863 457 1926 vallo
488 1858 784 1931 circumvolantibus,
818 1878 909 1940 quae,
942 1859 1042 1941 qualia
1075 1867 1185 1940 quotve
1218 1858 1294 1920 sint:
1327 1865 1429 1922 tamen
1461 1859 1486 1921 is
1523 1879 1560 1921 ex
1583 1861 1650 1922 sola
1671 1862 1730 1923 hac

373 1950 531 2016 vacuitate
554 1956 729 2029 comparata
755 1968 822 2011 cum
853 1949 1124 2011 circumambeunte
1157 1946 1315 2027 sphaerica
1337 1948 1472 2027 regione,
1506 1950 1604 2011 stellis
1634 1952 1731 2012 refer-

373 2041 505 2116 tissima,
529 2038 648 2102 omnino
672 2046 755 2098 esset
777 2038 979 2113 conclusurus,
1003 2037 1183 2118 peculiarem
1207 2036 1335 2117 aliquem
1358 2038 1455 2101 locum
1479 2037 1527 2101 hic
1549 2057 1616 2100 esse
1636 2040 1731 2101 adeo-

374 2149 435 2216 que
457 2128 649 2212 praecipuum
672 2127 773 2188 muudi
797 2128 901 2189 sinum.
939 2127 1059 2189 Etenim
1074 2146 1237 2197 sumamus,
1261 2126 1389 2206 exempli
1411 2146 1512 2202 carrsa,
1537 2136 1600 2189 tres
1624 2130 1732 2191 stellas

374 2219 527 2286 secundae
551 2216 765 2296 magnitudinis
790 2215 818 2277 in
842 2217 959 2296 cingulo
984 2215 1120 2291 Orionis,
1152 2234 1276 2294 quarum
1300 2214 1452 2295 quaelibet
1474 2237 1493 2277 a
1515 2217 1614 2278 vicina
1637 2219 1733 2281 distat

373 2329 433 2393 per
455 2307 519 2384 81¹,
553 2325 620 2369 cum
649 2306 716 2385 ipsa
744 2305 856 2367 habeat
889 2305 917 2366 io
950 2305 1096 2367 diametro
1128 2305 1245 2366 minuta
1276 2305 1427 2367 minimum
1460 2306 1529 2368 duo.
1575 2307 1682 2390 Itaque
1706 2307 1735 2369 si·

374 2405 528 2482 ponantur
549 2398 580 2459 in
604 2396 709 2457 eadem
732 2395 888 2474 superficie
912 2395 1084 2475 sphaerica,
1117 2394 1201 2474 cujus
1233 2413 1287 2455 nos
1317 2414 1419 2456 sumus
1443 2404 1594 2457 centrum:
1630 2397 1733 2460 oculus

374 2490 408 2554 in
433 2505 492 2548 una
515 2486 633 2548 illarum
657 2484 821 2546 collocatus
844 2484 961 2546 videbit
984 2485 1110 2546 alteram
1134 2484 1189 2545 sub
1218 2484 1386 2563 quantitate
1418 2484 1518 2558 anguli
1542 2477 1626 2569 2³l,⁰
1657 2485 1733 2561 fere3

375 2583 522 2662 quantum
546 2574 633 2636 nobis
655 2574 685 2634 in
709 2574 803 2635 Terra
826 2592 882 2633 uon
906 2573 1119 2653 occupaverint
1141 2572 1269 2652 quinque
1293 2570 1380 2634 Soles
1403 2573 1505 2635 ordine
1529 2573 1619 2653 positi
1644 2594 1734 2655 seque

370 2672 542 2748 'tangentes
567 2663 703 2725 invicem.
749 2662 846 2742 Atqui
869 2663 1000 2726 noudum
1024 2670 1095 2725 sunt
1120 2662 1179 2724 hae
1212 2661 1342 2724 omnium
1373 2662 1575 2725 vicinissimae
1606 2664 1735 2728 invicem

374 2757 471 2831 fixae,
504 2752 736 2816 innumerabiles
764 2752 842 2814 enirn
871 2751 1072 2832 interspersae
1102 2759 1173 2813 suut
1194 2752 1335 2813 minores.
1381 2753 1488 2832 Itaque
1512 2753 1539 2814 si
1563 2753 1629 2834 quis
1653 2761 1735 2817 esset

376 2846 409 2910 iu
432 2844 486 2908 illo
501 2841 622 2906 Orionis
646 2841 764 2921 cingulo
788 2842 981 2915 constitutus,
1005 2842 1119 2903 habens
1139 2839 1240 2902 Solem
1263 2848 1398 2902 nostrum
1422 2847 1455 2902 st
1477 2842 1578 2904 mundi
1601 2850 1735 2906 centrum

323 2977 326 2984 ·
378 2952 472 3017 super
494 2951 579 2994 suum
603 2932 763 2992 verticem:
795 2930 912 2991 videret
941 2930 992 2992 ille
1024 2930 1120 3011 primo
1153 2938 1329 3010 perpetuum
1361 2929 1510 3010 quoddam
1543 2931 1629 3013 quasi
1652 2951 1735 2995 mars

376 3022 546 3105 ingentium
570 3021 724 3082 stellarum
748 3040 816 3081 sese
840 3028 942 3080 mutuo
966 3018 1201 3099 contingentium
1225 3020 1262 3079 ad
1286 3019 1398 3081 visum:
1429 3018 1517 3096 inde,
1551 3039 1608 3102 qno
1639 3021 1737 3103 magia

377 3114 484 3178 oculos
508 3111 642 3172 elevaret
665 3128 796 3184 sursum,
820 3109 877 3170 hoo
901 3108 1029 3170 minores
1043 3109 1161 3171 videret
1183 3109 1290 3170 stellas
1314 3109 1427 3190 hocque
1450 3110 1548 3174 minus
1571 3128 1638 3173 sess
1662 3130 1736 3173 con-

376 3201 551 3283 tingentes,
573 3200 628 3260 sed
647 3199 713 3278 jam
735 3198 879 3278 paulatim
904 3198 999 3277 magis
1023 3206 1113 3278 atque
1137 3197 1234 3277 magis
1257 3216 1397 3278 sparsas;
1430 3199 1510 3261 circa
1539 3198 1636 3279 ipsum
1665 3219 1736 3262 vero

375 3309 466 3362 auum
489 3288 631 3352 verticem
657 3288 778 3349 easdem
805 3286 959 3349 nobiscum
991 3287 1121 3360 videret,
1156 3288 1209 3348 sed
1240 3288 1331 3368 dupio
1363 3288 1493 3351 minores
1514 3296 1660 3371 tantoque
1688 3289 1737 3351 in-

378 3381 478 3444 vicem
501 3377 673 3459 propiores,
708 3396 797 3457 quam
820 3396 875 3438 uos
898 3377 967 3437 illas
991 3376 1135 3437 videmus.
1182 3376 1250 3438 Non
1274 3397 1311 3439 ea
1334 3395 1425 3457 penes
1453 3397 1508 3439 nos
1532 3379 1608 3440 coeli
1632 3378 1736 3454 facies,

378 3472 431 3553 qui
454 3469 562 3531 stellas
585 3467 713 3545 undique
738 3466 895 3539 cernimus,
920 3464 1022 3526 variae
1046 3466 1164 3545 quidem
1187 3465 1411 3545 magnitudinis,
1436 3475 1470 3528 at
1489 3475 1521 3529 et
1538 3468 1594 3529 hoc
1608 3469 1738 3549 undique

377 3557 551 3641 aequaliter
573 3566 607 3619 ut
629 3556 801 3635 plurimum:
827 3556 907 3618 circa
930 3553 1073 3617 Orionem
1097 3556 1215 3635 quidem
1239 3563 1270 3615 ct
1294 3554 1439 3618 Geminos
1462 3556 1588 3631 multas,
1612 3575 1738 3636 magnas

379 3657 414 3712 et
435 3648 590 3712 conserta
612 3646 779 3708 iutuemur:
814 3641 930 3708 oculuui
953 3643 1057 3720 Tauri,
1082 3642 1250 3724 Capellam,
1274 3643 1375 3725 capita
1399 3642 1602 3715 Geminorum,
1627 3643 1738 3721 Oanos,

332 3783 337 3798 .
376 3739 532 3810 humeros,
556 3736 706 3814 cingulum
725 3743 756 3796 et
780 3735 886 3814 pedem
902 3732 1033 3797 Orionis.
1079 3736 1124 3795 At
1148 3733 1177 3793 in
1201 3733 1533 3813 oppositacoeliparte
1552 3742 1623 3796 sunt
1643 3753 1738 3815 aeque

376 3846 525 3907 magnae:
554 3824 649 3907 Lyra,
673 3824 799 3903 Aquila,
825 3842 876 3884 oor
898 3831 930 3884 et
953 3823 1035 3885 frons
1058 3821 1188 3903 Scorpii,
1214 3820 1403 3902 Ophiuchus,
1427 3822 1537 3884 Librae
1556 3823 1674 3898 lances;
1708 3830 1740 3885 et

328 3973 335 3986 .
376 3916 515 3982 anterius
534 3915 696 3988 Arcturus,
727 3912 811 3994 spica
834 3911 986 3991 Virginis3
1010 3912 1081 3974 item
1105 3911 1256 3991 posterius
1279 3912 1385 3974 ultima
1408 3911 1534 3992 Aquarii
1558 3920 1589 3973 et
1612 3912 1737 3976 similes.

469 4006 537 4069 Hoc
560 4023 617 4084 ego
640 4003 743 4064 thema
766 4020 832 4062 cum
856 4001 926 4062 olim
951 4001 1127 4082 quibusdam
1151 4002 1387 4083 proposuissem,
1422 4001 1471 4082 qui
1503 4010 1538 4063 ιι
1569 4021 1616 4064 me
1648 4021 1737 4065 exer·

377 4101 495 4170 nerent,
519 4091 676 4156 infinitatis
700 4109 831 4163 causam,
857 4110 894 4151 ex
915 4098 986 4152 ants
1010 4091 1100 4153 dictis
1116 4092 1287 4154 auctoribus
1306 4099 1485 4171 susceptam,
1510 4092 1668 4154 adversum
1690 4110 1738 4154 rue

376 4184 614 4270 propugnabant
636 4182 761 4243 acriter:
785 4179 807 4241 ii
830 4180 988 4258 putabant,
1013 4180 1070 4243 sibi
1094 4180 1183 4243 facile
1207 4200 1290 4250 esse,
1323 4200 1468 4243 concessa
1499 4181 1646 4244 infinitate
1674 4188 1738 4244 tam

377 4277 471 4355 longe
495 4273 581 4336 binas
603 4272 679 4334 fixas
704 4268 891 4332 abinvicem
916 4288 1072 4348 separare,
1111 4288 1185 4350 quas
1217 4290 1273 4332 nos
1295 4270 1324 4331 in
1348 4270 1443 4332 Terra
1465 4271 1617 4350 proximas
1642 4271 1738 4334 aesti-

323 4423 326 4440 ,
377 4369 509 4439 mamus,
532 4380 622 4442 quam
645 4361 733 4440 longe
757 4378 811 4420 nos
835 4378 854 4419 a
882 4358 949 4419 fixis
981 4359 1088 4420 abesse
1122 4359 1196 4421 certi
1229 4379 1341 4423 sumus.
1389 4361 1433 4424 Αι
1464 4360 1521 4422 hoc
1552 4359 1739 4441 impossibile

323 4499 327 4538 :.
377 4463 442 4519 ast.
488 4452 565 4514 Esto
588 4450 667 4514 euim
692 4458 725 4512 ut
747 4449 835 4511 binas
857 4448 933 4509 fixas
957 4448 1123 4530 aequaliter
1147 4470 1166 4510 a
1188 4457 1292 4512 centro
1317 4449 1434 4511 mobilis
1465 4449 1564 4511 mundi
1589 4449 1739 4512 distantes

323 4547 325 4554 '
376 4561 437 4628 pro
459 4540 555 4605 lubitu
579 4540 678 4620 possis
703 4538 858 4601 attollere:
883 4538 934 4599 fiet
958 4556 1041 4611 sane,
1066 4539 1142 4617 quod
1167 4538 1284 4609 dicunt,
1315 4546 1349 4600 ut
1370 4538 1440 4601 ilias
1464 4539 1502 4602 ab
1525 4538 1651 4601 invicem
1675 4545 1737 4602 tam

374 4637 472 4714 louge
496 4629 718 4710 digrediantur,
742 4646 830 4709 quam
855 4627 942 4706 longe
969 4628 1030 4706 jam
1063 4628 1101 4688 ab
1133 4635 1260 4707 utraque
1291 4628 1379 4690 abest
1409 4637 1543 4691 centrum
1574 4627 1737 4691 mobilium.
1803 4631 1808 4641 '

375 4725 429 4792 Aa
449 4718 649 4793 meminerint,
674 4718 699 4780 si
719 4718 795 4780 fixas
810 4718 963 4793 attollunt,
988 4716 1091 4796 augeri
1114 4737 1174 4778 uua
1197 4718 1252 4778 hoc
1267 4737 1401 4794 vacuum,
1426 4719 1505 4799 quod
1524 4725 1572 4780 est
1589 4718 1618 4779 in
1638 4717 1737 4780 medio

375 4819 416 4878 at
444 4808 584 4874 circulari
612 4809 738 4871 fixarum
770 4807 934 4886 complexu.
988 4807 1049 4885 Ipsi
1082 4825 1153 4868 vero
1183 4807 1385 4886 incogitantes
1414 4807 1583 4887 ponebant,
1616 4825 1737 4868 manere

375 4900 472 4970 nobis
495 4900 551 4961 hoc
574 4916 699 4961 vacuum
722 4897 789 4960 fixis
813 4896 1054 4957 ascendentibus.
1097 4894 1176 4966 Quid
1201 4896 1226 4956 si
1249 4915 1337 4968 vero,
1360 4897 1509 4977 inquiunt,
1534 4916 1571 4957 ex
1596 4895 1738 4959 assumtis

375 4991 464 5058 binis
486 4988 585 5052 stellis
607 4987 718 5067 cinguli
743 4985 880 5058 Orionis,
905 4986 1001 5048 altera
1025 4986 1141 5064 quidem
1168 4996 1304 5048 ruanente
1328 4988 1356 5047 io
1381 5006 1416 5047 ea
1439 4987 1582 5066 sphaera,
1607 5006 1666 5067 qua
1688 4985 1737 5047 iu-

376 5081 525 5155 feriorem
549 5078 669 5141 stellam
691 5096 748 5139 uon
775 5077 908 5139 admittit
932 5076 1068 5137 doctrina
1090 5076 1300 5155 parallaxeon,
1333 5077 1448 5157 reliqua
1475 5075 1592 5138 dicatur
1614 5074 1737 5137 induitis

375 5167 554 5237 intervallis
578 5167 686 5231 altior?
730 5164 882 5246 Numquid
904 5166 961 5227 boc
982 5174 1071 5246 pacto
1092 5166 1263 5242 efficiemus,
1288 5177 1319 5229 ut
1335 5185 1427 5249 aeque
1442 5184 1553 5250 parvae
1572 5173 1739 5247 appareant

437 5272 528 5324 xenos
541 5273 618 5323 opera
638 5274 665 5314 u.
1490 5268 1523 5319 tt
