4584 6192
915 580 947 635 de
965 580 1038 629 rebua
1058 578 1161 643 Opticlr.
1679 580 1721 648 65

362 771 420 814 non
445 770 515 813 erse
538 752 715 814 alimentum
738 753 826 832 hujus
850 757 998 818 flammae.
1035 757 1081 818 At
1104 757 1201 818 estin
1225 756 1369 835 sanguiue
1395 756 1474 819 alind
1495 754 1618 837 aliquid,
1642 760 1720 838 qnod

363 840 418 902 alit
441 841 615 915 flammam3
638 841 669 902 id
694 850 740 902 est
766 842 944 919 verisimile,
974 864 1041 905 esse
1066 846 1145 906 istud
1170 845 1280 924 pingue
1308 844 1472 924 sanguinis.
1519 847 1564 907 At
1587 866 1641 907 nec
1665 849 1721 909 hoc

364 929 577 1010 improbabile,
603 929 724 991 esseio
749 932 846 992 cordis
880 932 998 993 officina
1029 933 1147 1012 igneum
1181 933 1308 1013 aliquid,
1337 933 1434 1014 qualis
1458 940 1506 997 est
1534 935 1638 997 humor
1661 936 1722 998 viui

363 1018 474 1091 adusti,
499 1039 560 1080 non
582 1019 684 1098 utique
707 1017 825 1098 pinguis
849 1021 902 1081 sed
933 1021 1048 1101 igneus.
1094 1023 1136 1083 Et
1159 1023 1227 1083 hinc
1251 1030 1299 1084 est
1322 1024 1470 1096 fortasse,
1495 1023 1573 1103 quod
1596 1024 1669 1085 odor
1692 1032 1723 1086 et

363 1125 454 1188 sapor
477 1108 541 1168 vini
576 1107 676 1168 adusti
705 1114 767 1168 tam
791 1117 840 1170 est
862 1117 968 1189 gratus
1000 1112 1149 1172 humanae
1173 1120 1309 1173 naturae.
1353 1111 1420 1181 Ais,
1446 1112 1625 1193 ellychnium
1648 1131 1722 1174 san-

364 1196 450 1276 gnine
476 1197 606 1257 tinctum
625 1216 682 1257 nun
708 1196 812 1258 ardere
832 1209 863 1260 et
886 1200 1060 1279 sangninem
1084 1200 1184 1278 potins
1201 1209 1304 1279 aptum
1328 1201 1467 1261 flammae
1493 1201 1722 1278 extinguendae.

363 1283 565 1365 Respondeo:
591 1303 693 1346 verum
717 1304 784 1346 esse
808 1286 919 1366 probat
946 1289 1074 1349 affluxus
1105 1289 1259 1369 sanguinis
1284 1289 1323 1349 ad
1347 1308 1397 1350 cor
1425 1290 1620 1369 perniciosus.
1666 1290 1725 1351 Est

364 1375 455 1437 etiam
479 1392 587 1436 sevum
611 1382 715 1452 aptum
748 1376 968 1454 extinguendae
996 1378 1145 1450 flatnmae,
1171 1377 1228 1438 nisi
1252 1397 1289 1438 ex
1312 1396 1385 1438 sevo
1414 1378 1497 1456 prius
1527 1387 1725 1458 praeparetur

363 1462 484 1543 pinguis
505 1462 660 1523 exhalatio
676 1462 704 1523 in
728 1465 878 1526 flammam
898 1467 1109 1527 convertenda.
1152 1468 1199 1527 lta
1216 1467 1245 1527 in
1263 1466 1362 1539 corde,
1387 1466 1412 1526 si
1434 1485 1493 1528 non
1512 1486 1567 1546 ope
1584 1466 1724 1547 ellychnii

366 1557 397 1613 at
418 1551 571 1613 facultate
601 1551 710 1626 cordis,
742 1563 942 1632 praeparatur
965 1564 996 1616 et
1026 1554 1196 1615 extrahitur
1224 1573 1262 1614 ex
1285 1555 1387 1634 pingui
1415 1556 1568 1636 sanguinis
1596 1556 1725 1617 materia

367 1648 438 1720 apta
463 1640 704 1702 inflammationi.

452 1731 568 1791 Aerem
593 1747 688 1808 negas
712 1727 867 1809 quicquam
892 1731 973 1792 alind
1002 1732 1116 1804 facere,
1147 1751 1235 1811 quarn
1269 1732 1389 1810 abigere
1418 1733 1529 1792 furnum
1553 1739 1584 1792 et
1608 1731 1723 1793 cineres

367 1820 549 1892 aflamma,
580 1817 631 1879 ubi
658 1817 746 1879 valde
779 1838 874 1880 erras.
929 1821 998 1880 h'on
1026 1820 1104 1880 enirn
1132 1829 1240 1881 ventus
1269 1819 1356 1899 pellit
1389 1819 1512 1893 fumum,
1543 1820 1596 1881 sed
1626 1821 1723 1882 fumus

368 1908 471 1969 abiens
495 1925 704 1968 successorem
728 1908 857 1968 attrahit
875 1915 984 1969 adrem.
1032 1909 1104 1971 Vidi
1129 1916 1230 1971 tamen
1255 1908 1404 1990 chymicos
1429 1908 1593 1983 folliculus,
1618 1909 1723 1988 quibus

369 1997 521 2058 confertus
555 2002 609 2056 adr
640 1994 788 2058 violenter
820 1996 848 2056 in
881 1997 1062 2059 flammulam
1091 1997 1236 2059 candelae
1265 1998 1438 2076 impingitur
1472 2016 1595 2076 eamque
1619 2006 1723 2061 tantae

368 2085 458 2146 efficit
482 2084 663 2158 violentiae,
697 2094 731 2145 nt
754 2086 862 2147 vitrum
886 2086 1064 2166 colliqueat,
1098 2087 1177 2166 quod
1201 2106 1258 2147 nun
1282 2094 1370 2165 putes
1394 2086 1492 2146 dicere
1516 2086 1578 2147 fieri
1608 2086 1724 2148 ratione

369 2173 467 2235 abacti
493 2174 568 2235 fumi
592 2181 626 2234 et
648 2173 768 2235 cineris.
815 2175 921 2254 ltaque
946 2174 1051 2236 cedere
1075 2184 1149 2255 puto
1173 2181 1273 2236 a‘e'rem
1296 2176 1325 2235 in
1350 2174 1553 2235 substantiam
1575 2175 1722 2238 flammae.

369 2262 443 2324 h'am
468 2271 611 2323 curtam
642 2261 775 2323 violenta
799 2271 831 2323 et
860 2263 1001 2324 continua
1024 2272 1093 2325 sunt
1122 2264 1294 2325 ventilabra
1317 2282 1370 2324 seu
1403 2263 1491 2324 folles
1520 2263 1670 2323 fabrorum
1695 2264 1724 2324 in

369 2351 469 2430 prunis
491 2349 691 2423 vivificandis,
715 2351 774 2411 imo
801 2370 853 2413 cur
874 2370 981 2430 aquam
1002 2352 1179 2432 inspergunt
1199 2352 1227 2412 in
1252 2352 1407 2426 carbones,
1433 2351 1488 2412 nisi
1511 2358 1544 2412 ut
1565 2352 1725 2415 violentior

371 2439 408 2500 sit
428 2438 533 2520 ignis?
562 2437 638 2501 Cum
662 2438 753 2518 igitur
772 2438 837 2519 ipse
862 2441 997 2514 fatearis,
1023 2447 1122 2502 adrem
1147 2441 1325 2520 inspiratum
1345 2441 1451 2502 cedere
1471 2439 1499 2500 in
1523 2440 1725 2502 substantiam

370 2528 508 2608 spiritns,
547 2535 580 2587 et
608 2526 732 2606 spiritns
756 2528 798 2589 sit
824 2528 910 2609 hujus
944 2530 1081 2590 flammae
1106 2532 1133 2590 iu
1164 2529 1253 2590 corde
1283 2537 1509 2602 recrementum,
1545 2529 1631 2590 facile
1656 2529 1724 2590 iude

373 2617 535 2691 conficiam,
560 2622 661 2677 adrem
685 2616 864 2695 inspiratum
894 2617 993 2678 facere
1018 2618 1056 2679 ad
1084 2618 1272 2680 nutriendam
1301 2618 1450 2679 flammam
1478 2617 1588 2678 cordis.
1637 2616 1724 2688 Quod

373 2723 438 2767 vero
460 2712 515 2766 aer
538 2722 594 2784 per
616 2704 758 2766 accidens
782 2713 901 2767 tantum
926 2706 1085 2785 refrigeret
1108 2727 1173 2781 cor,
1199 2707 1228 2767 id
1253 2707 1389 2768 omnibus
1417 2704 1535 2767 indiciis
1559 2714 1724 2785 repugnat;

373 2811 464 2856 nonne
502 2812 591 2855 cursu
625 2800 766 2855 contente
806 2794 921 2856 incensi
954 2796 1071 2856 furnant
1109 2795 1361 2857 ferventissimum
1398 2794 1544 2867 halitum,
1576 2793 1726 2874 inspirant

373 2881 608 2963 copiosissimum
631 2888 748 2951 aerem,
772 2883 915 2944 hauriunt
939 2884 1075 2962 frigidum
1101 2884 1232 2971 affatim,
1257 2903 1308 2945 cor
1330 2883 1474 2964 palpitat,
1501 2882 1631 2944 arteriae
1654 2883 1724 2962 pul-

373 2979 439 3033 sant
460 2970 643 3033 celerrime?
666 2968 746 3040 Quid
771 2972 839 3033 hinc
864 2972 944 3033 aliud
969 2973 1070 3033 videre
1091 2982 1149 3043 est,
1174 2992 1262 3053 quarn
1279 2979 1378 3034 aerem
1402 2970 1542 3052 primario
1567 2971 1724 3033 subvenire

374 3060 466 3121 cordis
490 3059 654 3122 incendio?
678 3058 747 3134 Cur,
772 3079 809 3121 ue
829 3060 939 3135 rideas,
965 3062 1109 3122 munitum
1133 3070 1240 3123 contra
1264 3063 1424 3134 flammam,
1449 3061 1518 3140 quia
1542 3080 1599 3121 non
1620 3067 1726 3121 contra

376 3149 554 3228 quamlibet,
579 3149 633 3210 sed
658 3168 752 3210 suam.
799 3149 904 3230 Neque
928 3169 1094 3230 exaggeres
1122 3150 1296 3211 violentiam
1321 3150 1460 3225 incendii,
1485 3149 1511 3210 si
1535 3169 1628 3230 vapor·
1650 3168 1723 3211 san·

376 3237 464 3315 guinis
480 3238 669 3299 incendatur.
709 3237 779 3298 Dixi
799 3257 924 3317 namque
941 3259 1041 3319 supra,
1067 3239 1136 3319 quid
1158 3240 1247 3301 cedat
1262 3239 1289 3300 in
1310 3238 1467 3301 materiam
1487 3238 1554 3301 huic
1573 3241 1722 3301 flammae.

456 3324 634 3399 Concludo,
660 3327 809 3387 flammam
834 3327 932 3388 cordis
957 3327 1096 3388 fortassis
1120 3328 1175 3389 tibi
1203 3328 1367 3389 concedere
1390 3347 1528 3407 possem,
1553 3348 1629 3409 qnae
1652 3348 1723 3390 vero

376 3414 515 3478 bacterms
539 3424 646 3476 contra
665 3435 732 3476 eam
756 3416 896 3491 attulisti,
921 3416 959 3476 iis
974 3434 1069 3478 novas
1093 3417 1289 3478 difficultates
1304 3426 1336 3477 et
1355 3417 1547 3496 quaestiones
1568 3417 1722 3497 aperuisti,

377 3504 518 3566 flammam
542 3523 600 3565 non
625 3503 812 3565 destruxisti.
859 3503 922 3566 Sed
945 3504 1059 3566 desino.

455 3593 548 3654 Vale.
594 3592 713 3671 Pragae
738 3593 766 3654 d.
791 3589 822 3655 5.
847 3592 921 3672 Apr.
951 3589 1044 3656 1608.

457 3699 544 3749 Brea
551 3712 682 3764 ggerns,
702 3700 801 3748 minime
820 3698 921 3762 Kepleri
947 3699 1081 3748 rationibus
1100 3700 1192 3753 victus,
1211 3697 1275 3747 haec
1293 3699 1418 3747 rescribit:
1446 3698 1571 3749 Redditae
1589 3707 1648 3749 aunt
1665 3699 1724 3749 mihi

380 3776 430 3820 aas
446 3770 546 3827 literae,
564 3783 629 3834 quae
648 3776 676 3818 ut
694 3769 755 3818 aliar
773 3771 811 3818 ita
828 3785 894 3819 nunc
912 3769 972 3818 mihi
990 3770 1131 3834 obtigerunt
1149 3769 1313 3833 gratissimae.
1350 3768 1404 3833 Ego
1423 3771 1517 3818 omissis
1531 3771 1569 3827 iis,
1589 3771 1620 3820 de
1638 3771 1725 3834 quibua

379 3843 423 3902 lam
439 3856 515 3906 saepe
534 3843 601 3890 inter
617 3855 662 3890 noa
680 3840 833 3904 disputatum
852 3848 898 3898 eat,
918 3841 951 3890 ad
968 3840 1062 3904 reliqna
1077 3854 1188 3905 pergam.

457 3912 568 3969 Miraris,
587 3912 652 3977 quod
671 3912 729 3969 dixi,
748 3916 831 3961 aerem
849 3927 893 3975 per
912 3912 1028 3962 accidens
1046 3917 1144 3960 tantum
1166 3911 1311 3973 refrigerare
1330 3924 1379 3960 cor.
1415 3909 1497 3973 Hujus
1514 3911 1590 3975 igitur
1607 3910 1725 3975 paradoxi

382 3986 492 4035 udonem
511 3985 606 4048 accipe.
643 3982 719 4032 Nulla
736 3997 792 4046 pars
821 3984 926 4046 eorporis
945 3983 980 4033 sui
1007 3982 1180 4031 alterationem
1207 3982 1305 4045 quaerit
1321 3981 1360 4030 rel
1379 3988 1438 4044 eget
1455 3981 1510 4038 illa,
1539 3983 1586 4030 nisi
1604 3981 1642 4030 rel
1660 3995 1725 4046 qnae
1765 4007 1768 4012 ·

382 4054 471 4106 laborat
487 4056 634 4118 intemperie
653 4056 786 4111 contraria,
804 4055 843 4104 rel
860 4054 949 4103 saltem
968 4068 1033 4118 quaa
1056 4053 1201 4102 molestatur
1219 4066 1244 4101 re
1263 4052 1361 4112 aliena,
1381 4051 1532 4109 adventitia.
1550 4054 1724 4116 intemperata.

383 4124 436 4185 qn·
452 4127 519 4177 anim
537 4126 620 4179 dicat.
648 4126 726 4190 hepar
744 4132 789 4174 sut
806 4125 967 4174 ventriculum
985 4124 1025 4173 rel
1048 4125 1124 4173 etiam
1151 4137 1253 4172 manum
1270 4130 1315 4173 aut
1332 4122 1433 4187 pedem,
1462 4129 1529 4172 recte
1547 4128 1573 4172 et
1590 4123 1727 4173 secundum

384 4205 487 4247 mana
505 4210 534 4246 ae
550 4196 688 4250 habentes,
714 4196 854 4246 desiderare
875 4193 1104 4261 refrigerationem?
1132 4193 1200 4243 idem
1220 4193 1251 4243 de
1269 4195 1342 4243 corde
1366 4193 1538 4250 statuendum,
1564 4195 1629 4257 quod
1645 4195 1726 4244 vianna

386 4260 549 4319 &omniurn
572 4269 606 4318 rit
633 4268 817 4325 calidissimum,
840 4274 927 4316 taram
950 4267 1094 4330 intemperie
1117 4280 1166 4314 non
1194 4264 1302 4320 laborat,
1332 4267 1401 4327 cujus
1427 4265 1510 4329 gratia
1536 4264 1683 4315 alteratione
1702 4271 1729 4316 et

386 4342 525 4390 motione
554 4345 631 4405 egeat
654 4339 713 4389 dnm
739 4339 886 4388 naturaliter
904 4353 931 4387 ae
948 4337 1040 4393 habet,
1070 4343 1169 4385 attam
1200 4336 1298 4385 demum
1317 4343 1343 4385 et
1365 4349 1408 4398 per
1434 4334 1551 4384 accidens
1576 4335 1728 4401 refrigerium

386 4410 496 4472 mter,
524 4410 624 4475 qnando
648 4408 716 4460 calor
734 4413 786 4472 ejus
814 4415 903 4459 auctus
922 4423 952 4459 ex
978 4408 1084 4457 naturali
1103 4407 1131 4456 fit
1150 4407 1186 4457 rel
1214 4406 1433 4470 praeternaturalia
1450 4407 1477 4454 in
1500 4408 1591 4457 morbis
1608 4408 1647 4458 rel
1664 4421 1727 4457 nou·

386 4482 493 4531 naturalia
512 4496 556 4545 per
573 4488 667 4530 motum
685 4481 857 4530 vehementem
875 4486 920 4529 ant
938 4494 1066 4530 accemurn
1085 4486 1111 4528 et
1127 4493 1200 4526 usum
1219 4478 1323 4527 aliarum
1341 4492 1421 4526 rerum
1440 4476 1649 4528 calefaciendum.

461 4551 548 4602 Redeo
568 4567 633 4602 nuuc
653 4552 686 4600 ad
704 4552 874 4615 speculum
901 4551 1056 4614 sphaericum
1082 4563 1231 4607 concavum,
1259 4549 1290 4597 de
1308 4563 1355 4612 quo
1373 4554 1401 4597 tn
1422 4546 1546 4611 quaedam
1564 4550 1654 4598 arseris
1672 4562 1727 4613 per·

389 4633 467 4682 mn.
496 4623 558 4673 Esto
576 4623 643 4672 enirn
660 4622 713 4672 tale
731 4622 857 4685 speculum
867 4624 940 4684 juxta
952 4629 1021 4670 tunm
1040 4620 1231 4670 delineationem
1245 4618 1313 4668 OHD
1327 4617 1393 4683 (fig.
1408 4614 1462 4677 33),
1483 4620 1553 4681 cnjus
1572 4625 1683 4668 centrum
1695 4619 1727 4677 Δ,

389 4692 458 4742 ana
474 4694 532 4744 ΔΗ.
568 4692 679 4744 Medium
696 4699 814 4757 punctum
833 4693 945 4749 interd,
964 4692 997 4753 H,
1023 4694 1055 4740 sit
1073 4696 1162 4755 quarta
1186 4691 1298 4740 diametri
1316 4687 1340 4737 i.
1378 4688 1441 4738 Dico
1463 4703 1522 4753 ergo
1541 4704 1597 4740 cnm
1615 4688 1727 4754 Maginn,

323 4799 325 4804 -
390 4770 465 4814 ttota
479 4766 540 4816 bare
559 4779 604 4815 seu
622 4764 698 4813 fundo
716 4763 809 4827 speculi
827 4762 935 4813 FGHIK
958 4764 1039 4813 radios
1058 4761 1158 4812 Solarer
1176 4762 1270 4811 reflecti
1289 4760 1321 4809 ad
1339 4768 1454 4825 quartam
1470 4759 1585 4811 ffiameu'i
1603 4766 1629 4810 et
1646 4759 1730 4825 colligi

323 4845 326 4868 ⁸
390 4830 478 4898 lueri)
495 4842 523 4887 at
540 4832 571 4890 λ.
599 4834 741 4885 nonullam
760 4838 813 4897 eins
835 4841 932 4898 partem
958 4834 1072 4898 reperiri,
1100 4846 1164 4896 quae
1182 4848 1231 4882 nun
1258 4831 1350 4895 aliquid
1378 4831 1502 4881 radiorum
1525 4832 1582 4882 illue
1608 4830 1729 4880 conferat·

391 4898 421 4951 'lb
434 4920 487 4956 vero
505 4908 559 4963 aia,
579 4906 644 4971 quod
662 4904 714 4955 tale
740 4905 868 4970 speculum
887 4906 963 4955 etiarn
982 4905 1057 4954 fundo
1081 4917 1169 4955 caram
1199 4903 1284 4952 relicto
1302 4901 1353 4950 solo
1377 4902 1489 4965 margine
1507 4900 1548 4950 CF
1565 4901 1730 4951 radiationem

392 4975 474 5027 Q
489 4991 570 5043 aeque
587 4977 695 5034 fenam
716 4976 792 5034 item,
812 4975 876 5041 qnod
901 4989 996 5041 marga,
1015 4976 1056 5039 qni
1081 4974 1193 5024 incendit
1210 4974 1235 5022 in
1258 4978 1347 5036 quarta
1365 4971 1493 5028 diametri,
1512 4973 1545 5021 sit
1562 4972 1628 5021 inter
1646 4970 1681 5028 G.
1699 4971 1729 5028 F.

391 5047 496 5104 raam
512 5049 560 5113 ipsi
579 5046 599 5097 0
618 5054 646 5097 et
662 5046 695 5096 B.
725 5046 824 5097 Videris
842 5053 870 5096 tu
887 5048 946 5097 mihi
965 5052 1078 5111 quartam
1096 5045 1211 5095 diametri
1228 5057 1319 5107 ponere
1337 5043 1363 5092 in
1376 5041 1412 5099 lt,
1432 5056 1487 5092 cum
1506 5048 1592 5092 tamen
1611 5043 1644 5092 alt
1661 5044 1688 5092 in
1699 5038 1729 5099 λς

391 5125 460 5167 mun
475 5124 532 5169 ntnt
548 5120 590 5176 rit,
609 5116 714 5168 fundura
732 5117 793 5169 em
816 5117 861 5168 tibi
879 5120 984 5168 otiorum
1003 5131 1070 5173 aare,
1088 5121 1176 5179 utpote
1193 5115 1258 5179 quod
1276 5113 1440 5165 radiationem
1458 5126 1529 5162 ruam
1547 5119 1651 5180 spargat
1667 5113 1733 5163 inter

447 5203 662 5255 amnuerunt
1503 5198 1519 5249 t
