4584 6192
980 604 1062 673 coe
1081 602 1147 659 ur.
1668 600 1734 686 ω,

390 784 647 849 circumferentiae
677 802 749 865 pars
774 784 877 846 evadit
897 783 929 847 iu
951 784 1078 847 alterum
1104 785 1356 866 hemisphaerium
1384 808 1443 852 non
1473 782 1645 872 projectile',
1674 796 1732 861 hoc

389 883 439 938 est
462 875 487 937 si
509 876 544 937 lit
564 874 708 936 remotior
729 894 748 934 a
768 880 879 956 puncto
901 881 1057 936 contectus
1071 874 1251 955 quadrante:
1274 876 1346 939 talis
1362 879 1566 944 semicirculus
1580 886 1733 964 projectus

392 967 554 1047 (quatenus
576 964 682 1046 projici
703 966 820 1043 potest)
841 964 876 1025 lit
896 963 1073 1045 hyperbole,
1102 969 1136 1025 ut
1159 964 1189 1027 iu
1211 964 1268 1026 hae
1290 974 1397 1029 nostra
1417 968 1521 1032 tabula
1544 990 1647 1036 omnes
1671 974 1732 1038 oir-

377 1054 450 1117 ·culi
465 1051 505 1115 ad
520 1053 690 1134 eclipticam
705 1051 854 1133 paralleli,
877 1052 1072 1131 designantes
1092 1052 1291 1129 latitudinem,
1315 1063 1385 1118 sunt
1398 1055 1589 1139 hyperbolae.
1634 1064 1732 1128 Deni-

388 1162 446 1225 que
468 1143 495 1205 si
518 1142 623 1204 circuli
644 1142 769 1204 minoris
790 1142 874 1204 nulla
894 1160 966 1222 pars
989 1142 1244 1204 circumferentiae
1267 1144 1433 1225 quadrante
1455 1147 1572 1229 integro
1595 1150 1732 1216 distata

386 1240 499 1313 puncto
523 1239 695 1294 contactus:
720 1231 848 1293 circulus
870 1231 943 1292 talia
964 1231 1117 1312 projeetus
1138 1232 1171 1293 in
1183 1232 1305 1311 planum
1323 1234 1358 1296 fit
1370 1234 1503 1316 ellipsis3
1527 1247 1580 1301 aut
1597 1241 1625 1303 si
1641 1242 1731 1323 polus

387 1321 454 1401 ejus
477 1322 507 1382 in
529 1330 641 1403 puncto
664 1328 829 1395 contactus,
851 1319 941 1400 plane
957 1319 1095 1382 circulus.
1133 1321 1360 1384 Demonstratio
1383 1322 1414 1384 in
1435 1333 1554 1405 promtu
1577 1337 1634 1405 est,
1657 1350 1731 1394 ceu-

388 1417 467 1472 trum
491 1411 569 1472 enim
592 1429 659 1472 oum
681 1410 782 1491 aliquo
804 1409 951 1471 minorum
973 1409 1150 1471 circulorum
1172 1410 1300 1493 undique
1330 1430 1495 1475 connexum
1517 1424 1731 1501 1111111111-

389 1500 486 1564 ficiem
509 1499 654 1574 conicam,
678 1518 765 1581 quam
788 1506 873 1560 secat
894 1498 1016 1578 planum
1038 1498 1198 1579 sphaeram
1218 1507 1356 1579 tangens.

475 1588 544 1651 Etsi
566 1607 638 1650 vero
662 1588 886 1669 distorquentur
914 1587 1079 1661 schemata,
1101 1588 1260 1668 praecipue
1282 1590 1313 1651 in
1336 1590 1576 1656 extremitatibus
1598 1594 1730 1672 tabulae,

387 1678 414 1739 si
438 1678 529 1740 latior
552 1678 655 1739 suerit:
681 1685 714 1739 ut
735 1677 784 1738 hic
807 1675 887 1758 apud
909 1684 1000 1757 caput
1021 1676 1188 1757 Serpentis,
1210 1678 1261 1740 ubi
1282 1696 1407 1742 necesse
1430 1688 1478 1742 eet
1499 1688 1615 1744 rectum
1632 1704 1731 1765 augu-

386 1768 447 1829 lum
471 1769 543 1848 (quo
567 1765 695 1829 circulus
719 1765 887 1829 latitudiuis
909 1785 929 1826 a
949 1766 1096 1847 parallelo
1125 1766 1295 1829 latitudinis
1317 1767 1349 1829 in
1372 1768 1501 1850 sphaera
1522 1776 1657 1848 secatur)
1681 1774 1729 1837 hio

384 1855 416 1917 in
430 1856 520 1936 plano
536 1856 718 1936 degenerare
734 1857 764 1917 in
778 1856 932 1918 obtusum:
952 1855 1070 1917 iuterim
1085 1862 1186 1919 111111
1201 1864 1324 1919 manent
1337 1857 1460 1919 eaedem
1477 1867 1589 1936 rectae,
1607 1881 1731 1945 quarum

385 1945 611 2025 comprehensio
634 1952 684 2007 est
705 1945 823 2007 facilior
846 1952 950 2025 utpote
973 1944 1168 2025 simplicium,
1192 1945 1317 2028 ideoque
1340 1954 1372 2008 et
1393 1947 1505 2010 utilior.

624 2071 727 2140 Accipe
748 2070 842 2141 itaque
863 2070 960 2125 seriem
981 2070 1187 2126 culminautium
1207 2088 1267 2127 cum
1287 2070 1487 2128 altitudinibus.

716 2146 843 2185 1111111111
856 2156 897 2196 per
909 2147 1045 2193 quamam
1404 2148 1531 2188 Alaudis·
1544 2158 1584 2198 par
1595 2149 1731 2198 qudmtn

783 2200 976 2250 suqnlcnbiaalam.
1468 2202 1663 2252 emmunim

381 2256 464 2313 Pedia
485 2252 529 2322 iil,
552 2256 625 2313 inira
645 2257 761 2313 frontem
791 2298 798 2313 .
841 2301 848 2314 .
890 2254 941 2314 11⁰
958 2254 1007 2313 51‘
1020 2276 1043 2313 o.
1069 2258 1174 2312 Eadem
1194 2257 1252 2312 fere
1272 2257 1430 2314 culminatio
1444 2260 1530 2315 tibiae
1574 2256 1690 2318 191171

380 2339 457 2394 lmae
478 2338 602 2395 frontis.
645 2378 651 2392 .
694 2380 701 2394 .
742 2382 749 2395 .
790 2380 797 2394 .
839 2380 845 2394 .
889 2334 933 2396 11.
958 2335 1003 2395 51.
1069 2339 1173 2392 Eadem
1186 2338 1244 2392 fere
1257 2338 1361 2408 primae
1375 2339 1403 2394 in
1417 2340 1532 2394 11111111
1716 2379 1719 2386 -

379 2419 491 2473 Mediae
513 2418 610 2473 montis
645 2458 652 2472 .
695 2461 701 2473 .
743 2461 749 2474 .
791 2461 797 2475 .
838 2461 845 2474 .
888 2413 933 2475 18.
957 2412 1003 2475 21.
1096 2417 1361 2493 ,11111811111111
1428 2462 1435 2475 .
1475 2462 1482 2476 .
1524 2463 1531 2477 .
1571 2414 1618 2478 27.
1643 2418 1689 2479 90.

379 2498 532 2569 Supremas
553 2498 650 2553 frontis
695 2542 701 2554 .
743 2542 749 2554 .
790 2542 796 2557 .
839 2542 845 2555 .
887 2493 1002 2557 21.15.
1068 2499 1158 2553 Volae
1178 2499 1255 2570 pedis
1275 2500 1368 2554 dextri
1389 2499 1525 2571 Ophiuchi
1572 2497 1618 2558 15.
1640 2499 1688 2561 19.

382 2580 463 2642 Quae
483 2597 531 2634 cor
550 2576 586 2643 iil
606 2579 749 2649 praecedit
886 2612 921 2622 —
964 2609 1003 2620 -
1070 2576 1265 2643 11111111.-
1281 2618 1529 2637 ......
1588 2580 1617 2639 3.
1642 2612 1678 2623 ·-

379 2660 439 2715 Sin.
480 2660 565 2714 cruris
601 2660 727 2729 serpent
764 2660 846 2715 trium
1069 2659 1183 2715 Stellae.
1197 2660 1292 2715 Norae
1327 2701 1335 2716 .
1377 2700 1384 2716 .
1425 2702 1433 2717 .
1474 2702 1481 2716 .
1522 2702 1530 2717 .
1572 2657 1618 2719 18.
1641 2658 1688 2721 50.

423 2756 493 2811 quae
514 2741 542 2795 in
556 2746 650 2795 recta:
670 2740 727 2794 ima
885 2771 925 2781 —
967 2769 1002 2780 -
1070 2741 1131 2795 'l'ali
1152 2741 1210 2794 fere
1230 2741 1326 2795 eadam
1346 2740 1529 2797 culminatio.
1572 2736 1617 2802 15.
1640 2740 1687 2801 53.

378 2821 475 2877 Hadia
500 2859 846 2878 ........
888 2815 935 2877 22.
958 2814 1004 2877 21.
1070 2821 1101 2875 11
1122 2820 1183 2875 basi
1207 2819 1330 2875 isoscelis
1354 2821 1447 2891 spirae
1466 2821 1530 2878 ser·

380 2901 562 2971 Conscorpii
597 2942 603 2956 .
646 2943 652 2957 .
693 2943 700 2956 .
741 2941 748 2956 .
789 2941 796 2955 .
838 2943 844 2956 .
887 2897 933 2957 11.
956 2894 1002 2955 27.
1109 2901 1201 2971 pentis
1220 2899 1296 2971 prior
1329 2940 1337 2956 .
1378 2944 1385 2957 .
1426 2943 1434 2958 .
1474 2944 1481 2958 .
1523 2945 1531 2960 .
1571 2895 1618 2960 21.
1641 2901 1687 2962 19.

379 2982 493 3037 Summa
513 2982 565 3036 siu.
587 2980 673 3035 cruris
694 2981 794 3051 Serp..
836 3021 843 3035 .
885 2974 931 3037 21.
957 2975 1001 3037 16.
1069 2980 1230 3035 Ptolemaeo
1246 2980 1274 3034 in
1290 2997 1352 3035 osae
1369 2980 1530 3037 cubitidex·

380 3062 467 3117 Talus
488 3062 566 3133 pedis
587 3060 637 3116 siu.
660 3060 795 3132 Ophiuchi
838 3103 844 3116 .
887 3055 1002 3117 19.16.
1111 3061 1156 3127 tri,
1170 3059 1236 3115 mihi
1250 3060 1277 3117 1.
1286 3059 1427 3131 Serpentis
1441 3062 1529 3118 adue.
1572 3094 1604 3106 -
1647 3076 1688 3103 -·

381 3142 462 3205 Quae
483 3142 607 3213 sequitur
626 3141 699 3195 infra
720 3158 766 3195 cor
786 3137 843 3204 ill.
887 3135 932 3195 12.
958 3136 1004 3199 32.
1069 3142 1102 3195 11
1121 3141 1184 3195 basi
1206 3140 1329 3195 isoscelis
1354 3141 1446 3213 spirae
1466 3142 1528 3198 Ser·

378 3222 481 3277 Statim
502 3223 552 3276 siu.
574 3238 650 3294 genu
673 3221 843 3292 Ophiuchi.
886 3215 1002 3277 3011.
1107 3221 1199 3292 pentir
1219 3220 1384 3292 posterior.
1426 3266 1432 3279 .
1473 3222 1481 3280 .
1521 3264 1528 3280 .
1569 3214 1695 3286 261111.

380 3303 439 3357 Sin.
463 3303 571 3357 cubitus
593 3302 729 3373 Ophiuchi
790 3345 797 3359 .
838 3344 845 3357 .
885 3294 931 3357 12.
956 3298 1001 3357 39.
1069 3301 1169 3356 Clarae
1189 3302 1217 3355 in
1237 3302 1338 3356 dextra
1359 3319 1440 3358 manu
1473 3342 1480 3359 .
1522 3345 1528 3359 .
1570 3299 1686 3362 3013.

377 3384 487 3437 Primus
508 3386 594 3437 nodus
614 3380 650 3447 ill
692 3423 698 3437 .
740 3423 746 3438 .
788 3424 795 3437 .
836 3421 843 3437 .
905 3376 932 3438 6.
955 3375 1001 3437 25.
1068 3382 1194 3452 cuspidis
1221 3381 1347 3454 sagittae
1371 3382 1530 3438 culminatio

377 3459 684 3525 Secundusnodualll
738 3504 842 3519 ...
903 3456 930 3517 2.
954 3456 1001 3517 51.
1107 3462 1281 3518 lereeadam
1326 3502 1333 3517 .
1374 3506 1382 3519 .
1423 3502 1430 3519 .
1472 3506 1527 3521 ..
1587 3461 1614 3521 9.
1639 3459 1724 3523 201.
1844 3517 1846 3522 .

378 3544 466 3599 Clara
485 3544 513 3598 in
534 3547 632 3600 dextro
652 3560 727 3615 genu
749 3543 842 3612 Oph..
884 3535 930 3598 21.
955 3537 1001 3600 18.
1067 3543 1238 3598 Inauteriori
1247 3545 1345 3598 dextro
1353 3544 1530 3617 pedesquino
1611 3571 1646 3618 ,η

377 3624 552 3680 Inextremis
562 3624 653 3678 dextri
662 3623 739 3693 pedis
749 3623 844 3694 digitis
886 3616 930 3678 13.
954 3619 1001 3678 10.
1106 3623 1288 3696 Sagittarii.
1328 3666 1336 3680 .
1377 3665 1384 3679 .
1425 3666 1432 3681 .
1473 3666 1481 3681 .
1521 3666 1528 3682 .
1588 3622 1615 3682 5.
1640 3617 1686 3682 32.

379 3705 465 3760 Clara
484 3706 595 3775 palmae
615 3704 692 3775 pedis
739 3746 745 3760 .
787 3746 794 3759 .
835 3746 842 3759 .
885 3697 930 3758 15.
954 3697 1000 3758 26.

374 3802 545 3884 Pleraeque
569 3802 599 3864 in
615 3798 846 3863 retractionibus
862 3807 949 3862 eraut
969 3817 1024 3861 nec
1048 3796 1124 3861 satis
1139 3798 1179 3859 ad
1194 3796 1404 3861 certitudinem
1417 3798 1572 3862 adstrictis
1593 3796 1725 3881 pinnulis

377 3890 476 3972 accipi
498 3899 654 3972 poteraut,
684 3897 807 3970 propter
829 3908 931 3951 earum
954 3886 1153 3971 dpevpoepeo.
1198 3888 1303 3969 ltaque
1327 3906 1394 3949 cum
1416 3907 1510 3971 neque
1533 3888 1725 3954 ascensiones

378 3988 482 4042 rectae
506 3980 755 4053 determinentur,
784 3979 891 4041 calculi
921 3978 1025 4040 labore
1051 3974 1206 4058 supersedi
1233 3984 1391 4039 contentus
1419 3976 1592 4040 mechanica
1614 3984 1646 4040 et
1667 3978 1725 4040 ad·

375 4069 483 4132 bibitis
512 4070 600 4133 lineis
629 4069 735 4143 rectis,
765 4068 796 4129 iu
823 4088 899 4149 quas
925 4068 1023 4130 trinae
1052 4067 1226 4131 incidebant
1255 4073 1309 4129 aut
1338 4066 1527 4143 alludebant,
1557 4066 1723 4151 ceterisque

376 4159 616 4234 schematismis3
647 4178 722 4240 quos
750 4157 800 4239 qui
823 4157 913 4230 volet,
945 4158 1067 4238 propria
1089 4155 1237 4218 industria
1264 4175 1302 4217 ex
1325 4155 1409 4219 coelo
1430 4163 1535 4238 petat,
1565 4176 1631 4222 cum
1651 4177 1724 4239 per·

374 4259 488 4329 petuae
511 4249 574 4311 sint
595 4267 651 4309 uec
674 4237 881 4310 instrumentis
910 4246 1080 4325 indigeant,
1108 4246 1205 4326 adque
1236 4263 1289 4307 eas
1311 4243 1446 4309 tabulam
1473 4246 1551 4310 hauc
1573 4247 1725 4329 expendat
1801 4259 1805 4269 ‘

376 4345 411 4398 et
433 4338 528 4400 sicubi
552 4356 626 4418 opus
650 4343 699 4398 est
712 4336 853 4417 corrigat,
876 4336 991 4398 relictis
1012 4334 1060 4410 iis,
1084 4354 1160 4416 ques
1173 4334 1285 4397 Brahei
1307 4333 1455 4398 industria
1469 4343 1568 4399 certas
1581 4336 1722 4418 prodidit

468 4427 556 4499 Quod
578 4445 650 4488 vero
681 4425 793 4487 claram
814 4425 902 4507 pedis
925 4424 1023 4487 dextri
1041 4424 1168 4498 attinet,
1192 4424 1263 4506 quia
1283 4442 1338 4505 pes
1361 4424 1419 4487 iste
1442 4444 1519 4488 novo
1542 4425 1600 4489 hoe
1623 4423 1722 4488 sidere

374 4514 436 4579 1111
458 4514 748 4595 exornatus-digna
770 4514 844 4578 mihi
859 4514 1032 4589 videbatur,
1057 4532 1145 4597 quam
1161 4513 1422 4595 quomodocunque
1444 4533 1567 4595 possem
1583 4515 1720 4577 metirerr

374 4606 518 4687 apparuit
540 4615 641 4667 autem
662 4604 711 4666 bis
734 4605 847 4666 distare
871 4626 889 4665 a
912 4603 1001 4667 corde
1024 4602 1144 4684 Scorpii
1170 4596 1314 4676 111531,
1338 4602 1470 4683 qualium
1485 4622 1563 4684 genu
1586 4603 1723 4666 dextrum

374 4715 395 4757 a
418 4696 518 4757 media
548 4695 657 4757 frontis
687 4691 991 4767 (11111611171551,
1021 4711 1088 4755 cum
1116 4691 1258 4754 intersint
1284 4698 1402 4754 tantum
1428 4689 1570 4756 171531.
1617 4694 1722 4775 Itaque

373 4793 513 4848 correcta
534 4784 680 4846 distantia
711 4777 768 4845 111
790 4781 857 4857 511;
886 4791 918 4845 11
939 4789 1007 4844 erat
1034 4782 1099 4860 ejus
1129 4779 1258 4843 altitudo
1284 4777 1427 4858 151261,
1456 4800 1531 4863 quae
1559 4781 1662 4845 ablata
1683 4783 1721 4846 ab

373 4884 538 4957 aequatore
561 4872 702 4954 relinquit
725 4866 876 4935 211281.
918 4873 1023 4953 Itaque
1047 4871 1130 4933 locus
1154 4869 1219 4948 ejus
1241 4870 1276 4931 fit
1301 4864 1359 4933 15⁰
1381 4868 1480 4944 soe
1502 4870 1632 4947 circiter,
1655 4891 1722 4941 corn

372 4966 534 5027 latitudine
560 4958 597 5026 1⁰
617 4958 672 5025 131
695 4961 831 5035 australi.

463 5053 514 5117 Ad
538 5052 653 5115 sinistri
675 5051 763 5133 pedis
791 5051 897 5113 stellas
920 5049 1007 5113 Mars
1031 5049 1116 5111 venit
1135 5045 1249 5110 Martio
1278 5047 1349 5111 anni
1375 5042 1468 5119 1606.
1513 5053 1721 5142 Dianamque

375 5141 428 5209 10.
454 5153 492 5206 11.
516 5161 604 5217 novo,
627 5158 715 5204 mane
737 5140 813 5203 hora
835 5139 866 5218 5,
890 5158 957 5202 cum
970 5141 1056 5202 Mara
1071 5156 1125 5220 per
1140 5137 1289 5201 calculum
1301 5146 1496 5219 reponeretur
1509 5142 1541 5208 in
1554 5139 1596 5223 ‘1⁸
1609 5144 1665 5225 421
1680 5154 1719 5231 ‚pq
