4584 6192
944 567 976 618 a
991 567 1064 618 aaa
1083 565 1186 632 opum.
1671 580 1674 586 ·
1702 565 1745 636 29

381 743 461 793 sibus.
499 741 540 793 Es
554 743 698 793 meminisse
716 748 785 805 potes
804 758 845 792 rue
867 757 962 807 quoque
985 743 1130 799 advertisse,
1159 758 1209 793 uon
1231 749 1330 793 tautum
1348 745 1373 794 iu
1389 742 1514 796 Solsribus
1537 745 1675 811 eclipsibus,
1700 749 1745 800 scd

383 815 463 864 etism
485 813 587 878 quaudo
608 810 682 863 Luus
699 813 796 862 stellam
816 814 923 878 aliquam
940 813 1081 864 occultavit.

475 883 616 948 chlerus,
639 885 754 946 promtior
780 886 806 934 in
833 885 989 934 rescribendo
1011 899 1085 948 quam
1106 857 1269 939 Maestlinns.
1288 886 1328 936 die
1347 883 1390 935 26.
1408 886 1478 936 Febr.
1499 883 1566 935 1599
1589 889 1652 939 haec
1677 890 1747 941 dedit

384 955 443 1005 buta
464 952 559 1019 (comp.
578 955 626 1003 rol.
647 954 667 1003 1.
689 951 730 1003 18.
755 950 823 1016 tii:
1738 965 1740 970 ·

477 1061 513 1122 In
544 1060 661 1122 calculo
691 1060 845 1140 eclipsium
875 1059 959 1121 rides
991 1061 1088 1139 ipsum
1112 1061 1315 1142 (Tychonem)
1346 1082 1413 1124 cum
1442 1082 1510 1124 mea
1533 1065 1744 1130 observatione

387 1149 528 1229 (eclipsis
552 1147 670 1230 Solaria
694 1148 722 1210 d.
748 1147 779 1210 7.
794 1149 884 1209 blan.
912 1145 1011 1222 1598)
1036 1151 1099 1209 fere
1123 1151 1291 1210 convenire.
1339 1148 1508 1213 Censebam
1538 1152 1615 1214 enirn
1639 1155 1744 1217 deiec-¹

387 1247 452 1300 tum
477 1237 572 1299 t'nisse
596 1234 792 1317 iidigitorum
816 1236 943 1299 circiter.
977 1233 1252 1316 Illehabet10³l„
1278 1239 1347 1318 quia
1371 1241 1633 1318 septentrionalior
1647 1242 1744 1305 Ham-

387 1327 486 1407 burga
510 1324 631 1387 Gratia.
677 1326 721 1387 At
744 1326 883 1405 aenigma
906 1325 1024 1404 ingens,
1047 1342 1140 1405 prope
1154 1326 1223 1406 quid
1238 1346 1319 1400 essa,
1345 1335 1376 1387 et
1401 1338 1500 1390 tamen
1525 1331 1621 1391 mimis
1645 1350 1743 1412 appa-

388 1434 469 1488 rere,
496 1433 585 1494 quarn
608 1433 676 1476 cum
700 1422 749 1476 est
771 1414 914 1476 remotius
939 1419 1031 1485 (comp.
1049 1421 1106 1470 Vol.
1125 1422 1144 1471 1.
1165 1438 1188 1486 p.
1202 1419 1257 1483 16).
1303 1414 1424 1492 Ergone
1448 1417 1578 1478 fallimur
1592 1419 1620 1480 in
1645 1419 1744 1500 pleni-

388 1503 498 1565 luniis?
542 1502 665 1582 Ergone
689 1509 790 1564 airam
814 1502 907 1565 habet
928 1502 1030 1571 Luna,
1060 1502 1109 1580 qni
1134 1501 1273 1580 oppletus
1297 1503 1361 1563 luce
1386 1515 1479 1584 auget
1501 1506 1744 1570 aestimationem

388 1591 515 1654 Lunae?
560 1590 609 1652 An
633 1591 681 1651 hic
706 1591 835 1652 tortasse
859 1610 926 1651 mea
949 1591 1154 1668 speculatione
1186 1608 1260 1668 opus
1285 1591 1343 1651 erit
1365 1591 1402 1653 de
1431 1612 1556 1656 accessu
1580 1594 1618 1655 ad
1642 1595 1745 1658 Solem

391 1689 422 1741 et
445 1679 590 1742 recessu?
637 1677 727 1740 Certe
751 1679 846 1740 hahet
875 1697 976 1739 veram
1000 1679 1177 1739 distantiam
1202 1698 1239 1737 ex
1267 1680 1417 1756 parallani
1442 1675 1507 1741 cum
1531 1681 1558 1741 in
1583 1684 1745 1752 novilunio,

393 1779 454 1829 tum
478 1768 508 1829 in
533 1767 706 1847 plenilunio.
754 1765 875 1837 Quaeso
908 1767 977 1846 quid
1007 1785 1113 1827 censes
1144 1766 1213 1827 hic?
1251 1764 1372 1842 Scribe,
1405 1768 1431 1829 si
1461 1768 1553 1831 otium
1576 1781 1639 1845 est3
1672 1771 1746 1834 nibil

390 1857 467 1918 euim
493 1865 543 1917 est
565 1855 662 1930 aliud,
687 1857 726 1916 ad
750 1856 827 1936 quod
852 1856 1010 1935 praecipue
1035 1856 1229 1933 respondeas.

477 1944 558 2006 iilud
589 1944 681 2005 etiam
711 1944 869 2005 occasione
900 1944 942 2003 sic
967 1944 1083 2004 ferente
1107 1961 1226 2003 monere
1252 1942 1346 2015 volui,
1381 1942 1505 2022 eclipsin
1529 1944 1634 2006 Lunae
1658 1945 1745 2026 hujus

390 2034 504 2096 mensis
527 2030 596 2105 (10.
616 2032 736 2106 Febr),
760 2033 785 2094 si
811 2033 887 2093 forte
913 2031 993 2092 illam
1018 2051 1074 2092 non
1100 2030 1225 2104 rideris,
1250 2049 1303 2109 per
1327 2028 1453 2093 dhorae
1478 2033 1661 2112 quadrantes
1684 2036 1745 2097 cir-

390 2122 465 2184 citer
486 2119 663 2183 viciniorem
688 2121 779 2183 fuisse
804 2120 882 2182 ortui
906 2119 1002 2192 Solis,
1036 2119 1114 2199 quod
1138 2120 1181 2180 sic
1205 2117 1378 2194 observavi,
1410 2139 1477 2181 cum
1508 2121 1670 2183 etiamnum
1695 2124 1744 2184 in-

391 2209 567 2273 strumentis
591 2228 719 2272 caream.
767 2207 892 2282 Curavi,
925 2216 959 2270 ut
990 2209 1173 2286 horologium
1205 2208 1330 2268 durante
1359 2207 1463 2287 eclipsi
1488 2228 1545 2270 non
1570 2220 1744 2275 mutaretur.

393 2298 572 2378 Principium
597 2298 717 2378 eclipsis
741 2295 898 2359 observari
924 2296 1102 2374 adcursum
1126 2295 1286 2374 horologii,
1312 2303 1408 2356 ortum
1433 2295 1514 2357 Solis
1539 2297 1568 2359 in
1592 2299 1746 2362 horizonte

393 2406 497 2468 parum
522 2386 682 2448 admodum
707 2392 737 2447 et
762 2386 880 2465 quidem
904 2384 1118 2446 insensibiliter
1132 2392 1270 2445 montoso
1295 2383 1398 2445 itidem
1414 2385 1451 2445 ad
1467 2405 1585 2446 cursum
1601 2387 1746 2468 horologii

393 2474 506 2538 notavi.
544 2471 668 2536 Occidit
681 2475 768 2536 Luna
782 2475 811 2536 in
836 2473 985 2549 tenebris,
1010 2473 1063 2534 sed
1086 2480 1291 2553 postmontes
1316 2474 1404 2550 paulo
1429 2474 1620 2537 elevationes.
1659 2474 1745 2546 Quo-

393 2564 548 2644 adusque
572 2562 672 2624 illuxit
701 2565 852 2642 nubesque
885 2563 1087 2636 albescereut‚
1119 2580 1239 2641 sempor
1266 2561 1482 2623 occidentalior
1506 2580 1577 2641 pars
1601 2564 1745 2625 rubicun-

393 2653 456 2714 dior
478 2651 656 2727 videbatur3
687 2660 861 2732 argumento
886 2651 915 2711 id
940 2651 1009 2719 fuit,
1043 2650 1172 2711 noudum
1196 2669 1263 2711 osse
1293 2649 1421 2710 inedium
1449 2650 1586 2730 eclipsis3
1620 2652 1664 2713 sic
1688 2654 1746 2715 ha-

393 2741 512 2802 bentem
541 2740 613 2802 mihi
645 2740 779 2819 eripuere
809 2747 937 2800 ruentes.
985 2738 1041 2799 [lic
1071 2738 1161 2799 veiim
1191 2747 1273 2799 tuum
1305 2736 1408 2800 audire
1439 2738 1580 2817 judicium
1611 2741 1649 2802 de
1680 2761 1748 2803 mea

393 2829 598 2911 disputatione
628 2828 773 2908 superiori
805 2829 945 2906 Augusto
974 2828 1153 2907 perscripta.
1201 2826 1305 2887 Habes
1339 2827 1417 2887 enirn
1452 2827 1579 2903 phnima
1610 2830 1746 2909 phaeno-

393 2938 479 2980 mena
501 2917 583 2980 oirca
606 2935 714 2998 corpus
738 2918 841 2978 Lunae
865 2924 897 2977 et
920 2935 953 2977 es
977 2935 1023 2976 me
1048 2916 1164 2977 acutior
1187 2915 1263 2975 risu.

477 3039 630 3090 Maestiinus
654 3037 678 3087 d.
697 3036 739 3086 ²².
757 3039 814 3100 Apr.
833 3037 871 3086 his
890 3052 976 3101 parum
1002 3035 1133 3085 admodum
1156 3036 1290 3099 respoudit,
1313 3035 1413 3085 diceus:
1442 3037 1482 3087 De
1501 3039 1585 3102 eclipsi
1605 3052 1669 3104 quse
1688 3041 1747 3089 scri-

392 3111 427 3160 bis
446 3112 590 3175 nuperrima
616 3109 677 3159 nibil
701 3109 780 3158 babeo
800 3107 864 3172 quod
882 3124 928 3172 ego
948 3109 1047 3157 addam.
1084 3106 1152 3156 Nihil
1173 3108 1306 3161 observari.
1334 3110 1380 3156 nisi
1398 3110 1461 3172 qnod
1487 3110 1541 3172 ipss
1560 3109 1665 3159 duranto
1687 3124 1749 3160 aurs

392 3182 427 3232 rel
448 3188 491 3231 ser
520 3196 588 3230 urere
607 3180 678 3229 solito
706 3180 817 3234 nimium,
842 3178 915 3227 veluti
936 3179 1009 3228 Inna
1031 3178 1128 3234 silente,
1159 3177 1343 3227 obscurabatur.
1381 3178 1482 3228 Coalum
1514 3180 1577 3229 adeo
1609 3181 1674 3243 apud
1703 3197 1748 3231 nos

393 3253 500 3302 nubilum
522 3253 579 3307 init,
608 3258 637 3300 ut
656 3265 699 3314 per
720 3257 799 3299 totum
818 3256 917 3298 noctem
935 3250 995 3299 nihil
1017 3251 1149 3313 quicquam
1172 3247 1202 3297 de
1226 3263 1325 3311 corpore
1345 3252 1398 3310 eius
1420 3251 1502 3300 ridere
1527 3253 1655 3315 potuerim.
1693 3252 1749 3303 Hot

392 3321 562 3374 nulum'mihi
580 3322 745 3372 multo-toties
767 3321 871 3377 accidit,
892 3327 921 3369 ut
945 3336 992 3384 quo
1015 3330 1124 3383 tempore
1145 3322 1253 3368 maxime
1272 3326 1359 3383 exopto
1386 3320 1480 3370 coelum
1497 3336 1621 3381 serenum,
1649 3323 1750 3374 minime

393 3397 498 3445 sunium
516 3408 631 3445 mreuum
656 3393 761 3442 rideam.
783 3417 815 3426 -
843 3391 956 3440 Pluribus
982 3392 1098 3441 describit
1118 3390 1241 3453 Keplerus
1262 3389 1328 3439 hauc
1352 3391 1547 3441 observationem
1570 3392 1631 3457 Cap.
1651 3394 1700 3444 ili.
1723 3391 1749 3444 0.

394 3473 417 3515 et
434 3465 490 3516 vn.
513 3463 554 3524 d..
577 3463 731 3526 eandemque
750 3462 834 3525 Tycha
856 3463 881 3511 iu
901 3463 966 3512 illst.
990 3462 1055 3511 Coel.
1076 3478 1100 3524 p.
1114 3458 1175 3511 853.
1212 3460 1381 3524 Wittebergaa
1403 3462 1526 3521 habitam,
1551 3478 1599 3513 uec
1620 3481 1669 3514 uon
1683 3465 1748 3515 Lon-

394 3542 568 3602 montaum,
590 3537 631 3601 qui
651 3534 753 3597 eclipsin
774 3534 814 3591 ,in
834 3546 898 3598 pago
918 3533 1122 3599 Longomoutauu
1140 3534 1220 3596 patrio
1239 3546 1294 3580 meo
1313 3532 1380 3581 solo“
1401 3534 1546 3585 observarit

477 3677 623 3728 Promissis
647 3676 695 3725 huc
713 3689 791 3740 usque
810 3675 1018 3726 observationibus
1038 3676 1179 3739 eclipsium,
1209 3687 1270 3737 quas
1291 3680 1350 3723 autc
1369 3674 1462 3724 editum
1486 3690 1557 3726 suurn
1576 3691 1636 3741 epm
1653 3676 1749 3735 habult,

393 3750 525 3814 quibusque
543 3763 574 3799 ex
591 3755 663 3812 parte
675 3748 774 3811 quidem
792 3761 850 3795 usus
869 3756 908 3797 est
926 3748 1092 3796 fundamentis
1110 3746 1143 3795 sd
1162 3745 1324 3795 extruendam
1342 3753 1437 3809 partem
1449 3749 1614 3797 astronomiae
1632 3750 1748 3811 opticaur,

393 3824 442 3881 ism
461 3820 577 3870 addimus
602 3820 777 3870 retractionem
800 3819 983 3882 inquisitionem
1001 3818 1115 3882 chlari,
1143 3830 1193 3879 qua
1219 3816 1287 3866 lecta
1308 3815 1427 3877 iudicium
1446 3818 1627 3881 quadamtenus
1644 3819 1748 3881 patebit,

394 3900 510 3955 quantum
523 3892 656 3954 profecerit
668 3889 790 3952 Keplerus
808 3894 918 3953 tempora
937 3892 1001 3939 inter
1020 3891 1111 3938 editam
1131 3886 1246 3950 Opticanr
1265 3895 1291 3936 et
1308 3886 1472 3937 Harmoniam
1485 3889 1622 3951 interiecto.
1647 3888 1749 3954 Diuqui-

395 3963 447 4012 sitio
465 3964 531 4011 euim
555 3962 620 4011 bsce
639 3963 704 4009 inest
722 3960 798 4008 literis
817 3961 848 4008 ad
867 3960 1028 4010 blaestlinnm
1047 3960 1111 4009 datis
1131 3959 1155 4006 5.
1176 3957 1242 4021 Sept.
1267 3955 1342 4006 itit.

442 4032 569 4097 Keplcrus
579 4033 673 4082 Linciis
681 4029 815 4081 bisestliuo
825 4033 957 4089 nuncians,
967 4046 1032 4096 quae
1045 4031 1128 4079 studia
1137 4038 1191 4078 tum

393 4114 512 4178 uaporis
550 4107 714 4178 (adornare
738 4127 785 4182 se,
808 4114 894 4177 iuquit,
917 4104 1076 4182 Epitomen
1101 4102 1186 4163 Astr.

395 4191 633 4272 Copornicanae3
648 4196 807 4276 plurimum
821 4194 934 4275 negotii
950 4192 1008 4254 sibi
1018 4190 1187 4253 exhibuisse
1290 4185 1297 4194 ⁸

396 4280 507 4345 Lunam
532 4283 618 4357 dim),
650 4292 763 4354 sdjnnxit
782 4292 908 4358 problema
928 4291 975 4340 hoe
997 4288 1188 4355 geometricum:

395 4367 587 4448 segmentum
611 4372 712 4432 circuli
736 4372 821 4435 ABG
845 4381 922 4443 esto,
947 4371 1031 4450 cujus
1054 4367 1187 4449 sagittae

395 4458 446 4519 BD
467 4462 622 4542 proportio
637 4461 676 4521 ad
690 4462 786 4523 sinum
803 4461 857 4523 DC
874 4462 914 4522 sit
938 4481 987 4533 ea,
1013 4478 1089 4538 qnae
1116 4457 1127 4520 1
1150 4460 1187 4519 ad

397 4546 444 4610 50.
488 4549 561 4611 Jam
585 4569 623 4610 ex
645 4559 756 4628 puncto
781 4550 808 4611 D
833 4559 922 4610 exeat
944 4557 1048 4623 recta,
1073 4547 1187 4608 iaciens
1287 4579 1290 4596 ι

396 4655 455 4698 cum
475 4636 532 4701 DC
557 4637 796 4718 angulumEDC
817 4634 886 4712 20⁰,
911 4638 1063 4717 quaeritur
1088 4635 1186 4714 longi·
1287 4617 1294 4724 ΙΙ
1360 4657 1362 4674 ¹

397 4727 462 4787 tudo
477 4727 577 4788 lineae
588 4726 654 4801 DE,
670 4746 722 4788 seu
738 4726 890 4806 proportio
906 4726 970 4806 ejus
982 4726 1018 4786 ad
1031 4724 1094 4796 BD,
1113 4722 1187 4786 DC?

442 4815 496 4866 lloc
513 4815 642 4880 problema
659 4816 696 4865 sic
713 4815 855 4864 solvendum
868 4829 970 4870 causeo,
990 4813 1074 4862 scribit
1091 4812 1187 4861 Maest-

396 4883 453 4936 liuus
470 4884 606 4951 (arnapa
626 4901 650 4933 r.
665 4893 697 4935 st.
716 4883 808 4948 iiim:
835 4885 873 4935 sis
887 4886 1010 4949 segmenti
1029 4882 1094 4933 ABG
1117 4891 1186 4932 cent-

396 4970 443 5006 mu
454 4957 488 5014 P,
507 4965 534 5008 et
551 4958 677 5008 ducentur
688 4956 764 5014 FDB,
783 4956 833 5018 FC,
850 4957 900 5010 Fa,
918 4958 978 5005 item
992 4955 1042 5004 BC.
1072 4955 1188 5015 Qualium

397 5039 449 5092 eigo
471 5027 527 5078 BD
551 5035 592 5079 est
613 5026 642 5085 1,
669 5027 756 5077 talium
774 5026 829 5077 DC
854 5027 927 5077 datur
945 5025 992 5081 5⁰³
1017 5027 1061 5075 sed
1080 5027 1188 5089 qualium

396 5095 439 5148 BD
454 5105 494 5152 cst
511 5096 633 5159 100000,
657 5097 745 5151 ludum
771 5096 818 5152 DC
844 5099 888 5149 fiet
905 5095 1019 5148 500000.
1057 5097 1135 5164 igitur
1162 5097 1187 5145 iu
