4584 6192
985 600 1067 668 (topos
1083 602 1149 654 m.
1556 630 1563 646 ·
1677 595 1739 666 691

383 774 474 855 plane
498 775 595 837 nullas
618 776 732 841 invenit
752 785 965 861 praeterquam
986 780 1043 844 hos
1057 788 1125 843 octo
1140 780 1279 861 globulos
1293 778 1323 839 iu
1338 777 1489 859 ipsissimo
1510 784 1542 840 et
1554 776 1742 857 penitissimo

383 864 549 927 vacuitatis
573 866 658 946 hujus
682 876 796 930 centro.

473 953 521 1016 Ex
545 954 634 1017 dictis
657 965 752 1035 patet,
778 967 1035 1039 quantumcunque
1060 958 1125 1038 quis
1149 958 1288 1019 mundum
1304 963 1449 1027 assumat,
1473 974 1538 1017 earu
1555 962 1657 1017 umen
1673 974 1741 1016 esse

382 1043 530 1106 rationem
554 1044 760 1125 dispositionis
784 1047 909 1110 fixarum
931 1048 997 1108 visu
1022 1057 1124 1111 nostro
1149 1046 1261 1120 indice,
1290 1052 1324 1107 ut
1350 1044 1398 1105 hic
1422 1052 1523 1107 noster
1552 1046 1637 1107 locus
1664 1044 1743 1106 inter

380 1135 459 1196 fixas
482 1132 551 1195 illas
575 1133 726 1213 peculiare
750 1135 819 1217 quid
843 1137 981 1199 obtineat
1004 1137 1193 1218 evidentique
1226 1143 1298 1197 nota
1328 1137 1419 1213 (quae
1444 1143 1492 1194 est
1515 1134 1650 1195 astellis
1674 1133 1741 1195 fixis

381 1223 485 1303 ampla
508 1223 660 1296 vacuitas)
684 1224 725 1286 sit
748 1246 768 1285 a
790 1225 872 1302 loco,
896 1245 1059 1305 perquem
1084 1227 1155 1288 illae
1179 1224 1394 1287 disseminatae
1417 1230 1501 1292 sunt,
1526 1222 1696 1285 distinctus.
1775 1274 1777 1276 .

469 1311 529 1374 Est
560 1311 652 1390 igitur
684 1321 814 1390 certum,
847 1316 1008 1378 introrsum
1040 1334 1144 1378 versus
1169 1312 1270 1376 Solem
1295 1322 1325 1375 et
1356 1312 1496 1392 planetas
1530 1313 1645 1374 finitum
1674 1331 1741 1374 esse

379 1400 520 1463 mundum
553 1409 586 1462 et
616 1402 832 1482 quodammodo
865 1414 1054 1467 excavatum.
1120 1402 1208 1474 Quod
1249 1402 1392 1483 reliquum
1432 1409 1495 1474 est,
1532 1399 1742 1481 metaphysica

377 1496 581 1570 superstruat.
627 1491 707 1554 Nam
730 1492 757 1553 si
780 1494 852 1557 talis
876 1504 925 1556 est
948 1494 1031 1556 locus
1053 1494 1081 1555 iu
1096 1493 1210 1556 infinito
1234 1492 1343 1573 aliquo,
1369 1490 1446 1572 qnod
1472 1491 1579 1564 ferunt,
1605 1507 1739 1567 corpore,

378 1579 496 1642 medius
520 1579 612 1659 igitur
635 1581 693 1641 erit
716 1580 810 1643 totins
834 1583 982 1663 corporis,
1015 1592 1046 1644 et
1076 1603 1152 1663 quae
1176 1582 1373 1644 circumstant
1394 1575 1471 1642 fixae
1505 1598 1563 1641 non
1586 1577 1741 1640 habebunt

378 1669 505 1731 eandem
530 1668 691 1743 rationem,
726 1671 769 1733 sic
793 1679 827 1735 ut
849 1673 965 1754 passim
990 1673 1067 1734 tales
1091 1673 1153 1735 sint
1176 1672 1293 1743 mundi,
1328 1669 1424 1750 qualis
1457 1676 1505 1730 est
1536 1668 1585 1730 hic
1618 1675 1739 1743 nostem
1852 1729 1854 1733 .

375 1757 433 1839 sed
456 1756 683 1820 circumdabunt
705 1759 774 1820 illae
797 1762 874 1825 hunc
899 1762 995 1824 locum
1020 1762 1049 1823 iu
1074 1763 1172 1823 forma
1205 1759 1378 1841 sphaerica,
1414 1757 1444 1819 in
1477 1777 1545 1819 sese
1578 1764 1738 1819 coeuntes:

375 1846 507 1910 maxime
531 1857 562 1908 et
585 1848 831 1913 manifestissime
855 1851 905 1913 via
928 1852 1029 1913 lactea
1052 1852 1130 1913 iuter
1144 1852 1227 1931 ipsas
1248 1848 1375 1922 consita,
1401 1866 1477 1928 quae
1495 1867 1554 1909 uon
1568 1846 1738 1925 interrupto

375 1936 487 1998 circulo
511 1935 640 1998 medium
662 1938 787 2001 fixarum
811 1942 912 2003 orbem
935 1949 1079 2020 permeat,
1105 1941 1203 2001 medio
1224 1959 1277 2001 nos
1292 1937 1449 2017 complexu
1467 1946 1582 1998 tenens.
1630 1936 1737 2015 Itaque

332 2091 337 2100 ,
374 2025 506 2088 ethaeo
530 2034 561 2086 et
583 2026 660 2086 fixae
684 2028 830 2092 rationem
854 2030 1054 2092 extremitatis
1078 2029 1201 2091 habent.
1248 2025 1513 2090 Terminauteuim
1528 2025 1585 2087 hoc
1600 2032 1736 2086 nostrum

374 2114 508 2197 spatium
542 2122 574 2175 et
605 2113 635 2176 in
665 2115 730 2194 ejus
764 2127 868 2181 exortu
901 2119 1032 2180 vicissim
1064 2118 1271 2180 terminantur.
1320 2118 1369 2178 An
1399 2114 1490 2194 igitur
1518 2114 1659 2176 credibile
1682 2111 1734 2187 sit,

375 2204 446 2267 illas
469 2202 539 2265 hinc
563 2203 740 2266 terminatas
764 2207 832 2270 inde
855 2227 1028 2303 procurrere
1053 2209 1082 2269 iu
1107 2206 1271 2269 infinitum?
1309 2204 1465 2276 Quomodo
1489 2212 1589 2265 autem
1613 2202 1641 2263 in
1667 2201 1736 2263 infi-

374 2293 441 2356 nito
466 2292 595 2354 medium
618 2291 798 2370 inveniatur,
824 2297 902 2377 quod
926 2297 1024 2358 estin
1050 2296 1164 2359 infinito
1188 2294 1318 2375 ubique?
1355 2293 1559 2372 Quodcunque
1584 2291 1663 2354 enim
1687 2291 1736 2353 in-

375 2382 455 2444 finiti
479 2391 620 2461 punctum
644 2393 816 2463 susceptura
840 2386 877 2448 ab
901 2386 1056 2453 extremis.
1082 2406 1158 2466 quae
1182 2385 1296 2446 infinite
1320 2384 1450 2456 distant,
1479 2381 1655 2464 aequaliter,
1680 2380 1736 2443 hoc

375 2482 426 2534 est
449 2470 562 2534 infinite
587 2472 684 2533 abest.
727 2474 811 2536 Unde
827 2476 982 2545 efficietur,
1006 2485 1039 2537 ut
1054 2475 1130 2535 idern
1156 2483 1186 2535 ει
1210 2474 1251 2535 εἰι
1271 2472 1398 2534 medium
1423 2479 1455 2532 ει
1469 2490 1525 2533 non
1541 2471 1582 2532 sit
1596 2470 1734 2546 medium,

373 2567 408 2622 et
429 2561 525 2622 multa
549 2560 610 2622 alia
633 2563 876 2639 contradictoria,
901 2584 976 2645 quae
1001 2564 1169 2627 rectissime
1185 2563 1250 2643 quis
1270 2559 1440 2636 evitaverit,
1465 2560 1500 2634 si,
1526 2559 1654 2621 utiutus
1668 2568 1734 2621 ter-

374 2648 520 2711 minatum
544 2649 659 2711 invenit
682 2653 798 2714 eoelum
821 2654 963 2727 fixarum,
987 2654 1031 2716 sic
1056 2655 1127 2717 foris
1151 2653 1243 2715 etiem
1267 2651 1416 2714 terminet.

465 2738 549 2819 Cape
581 2757 652 2800 vero
686 2751 718 2801 et
751 2741 807 2803 hoc
840 2752 1048 2822 argumentum
1082 2743 1120 2804 ab
1154 2749 1279 2823 aspectu
1313 2741 1444 2801 ductum.
1491 2736 1524 2800 Si
1548 2743 1598 2798 est
1619 2736 1736 2800 infinita

373 2826 522 2908 sphaerae
546 2828 670 2890 fixarum
694 2830 836 2906 altitudo,
868 2832 897 2893 id
923 2841 970 2893 est
993 2833 1019 2893 si
1042 2832 1119 2894 fixae
1143 2832 1260 2912 aliquae
1286 2837 1356 2892 snut
1378 2827 1491 2889 infinite
1516 2826 1614 2900 altae,
1648 2833 1736 2889 emat

374 2916 460 2998 ipsae
483 2917 512 2978 iu
537 2936 570 2978 se
593 2915 667 2997 ipsis
691 2919 805 2981 infinita
829 2921 920 2982 etiam
944 2922 1020 2983 mole
1045 2940 1212 3002 corporum.
1258 2919 1353 2997 Finge
1377 2935 1505 2999 namque
1529 2916 1650 2978 stellam
1674 2914 1733 2978 ali-

360 3024 481 3087 quam,
515 3023 589 3085 quae
624 3005 743 3069 videtur
770 3019 853 3071 certo
884 3009 939 3072 sub
963 3010 1086 3090 angulo,
1111 3021 1186 3090 puta
1208 3005 1251 3082 fi‘,
1274 3006 1443 3088 hujusmodi
1466 3005 1600 3086 eorporis
1624 3004 1733 3085 ampli-

372 3095 446 3157 tudo
470 3114 589 3174 semper
611 3103 659 3156 εει
683 3097 841 3160 millesima
864 3098 1044 3167 distantiae.
1080 3100 1157 3179 quod
1190 3098 1390 3160 certissimum
1423 3103 1470 3157 est
1494 3114 1531 3156 ex
1555 3095 1732 3176 geometria.

371 3183 457 3264 Ergo
481 3184 508 3246 si
532 3183 678 3245 distantia
702 3195 749 3247 est
773 3187 897 3263 infinita,
923 3189 1069 3251 diameter
1091 3189 1183 3269 igitur
1206 3188 1313 3249 stellae
1338 3193 1386 3247 est
1408 3184 1514 3247 infiniti
1536 3202 1608 3263 pars
1632 3183 1732 3245 mille-

372 3273 460 3336 sima.
507 3274 553 3335 At
575 3291 678 3335 omnes
703 3274 807 3337 infiniti
831 3286 934 3356 partes
958 3278 1109 3358 aliquotae
1133 3278 1265 3340 infinitae
1290 3285 1321 3338 et
1343 3274 1427 3355 ipsae
1456 3281 1527 3335 sunt
1550 3272 1731 3335 necessario.

373 3361 474 3426 Stella
499 3360 589 3440 igitur
612 3362 781 3442 hujusmodi
801 3367 864 3428 'erit
887 3367 1012 3428 infinita.
1059 3368 1104 3429 At
1131 3368 1218 3429 simul
1248 3374 1280 3427 et
1307 3364 1407 3440 finita,
1433 3364 1502 3444 quia
1525 3363 1667 3443 figurata,
1701 3368 1733 3424 et
1809 3421 1814 3433 ,

372 3450 470 3513 omnis
494 3451 588 3531 figura
611 3451 717 3514 finibus
742 3454 917 3535 quibusdam
942 3465 990 3517 εει
1012 3455 1254 3536 circumscripta,
1286 3455 1341 3516 hoc
1366 3461 1414 3515 est
1435 3452 1520 3514 finita
1543 3451 1591 3513 vel
1614 3450 1729 3513 finiens.

370 3540 514 3622 Figuram
538 3548 637 3602 autem
661 3542 688 3602 ei
712 3542 856 3619 dedirnns,
882 3546 951 3607 dum
965 3544 1115 3608 visibilem
1134 3546 1287 3626 posuimus
1306 3552 1389 3606 certo
1405 3542 1524 3622 angulo.
1557 3540 1600 3602 At
1619 3539 1730 3620 quidsi

371 3629 500 3710 inquies,
525 3628 620 3691 minor
643 3630 684 3691 sit
707 3652 794 3711 quam
818 3642 851 3696 ut
874 3634 968 3696 videri
993 3634 1108 3715 possit?
1141 3637 1275 3714 lnquam,
1296 3652 1345 3694 res
1360 3631 1465 3693 eodem
1481 3629 1567 3691 redit.
1606 3627 1730 3691 Partem

371 3720 453 3782 enim
476 3718 641 3800 aliquotam
665 3720 921 3785 circumferentiae
950 3733 1075 3804 occupet
1103 3743 1227 3785 necesse
1258 3729 1305 3783 est
1336 3738 1390 3800 per
1414 3739 1446 3781 se
1471 3718 1638 3779 traductae.
1684 3717 1731 3780 At

370 3808 628 3882 circumferentia,
661 3809 746 3889 cujus
769 3820 817 3873 est
840 3812 957 3875 infinita
980 3814 1160 3887 diametros,
1192 3809 1310 3873 infinita
1333 3816 1365 3870 et
1387 3809 1455 3889 ipsa
1479 3814 1535 3869 est.
1582 3808 1631 3868 lta
1654 3824 1729 3867 cou-

369 3896 517 3980 sequitur,
541 3898 654 3959 nullam
677 3900 812 3975 stellam,
837 3921 891 3963 seu
914 3902 1052 3966 videatur
1075 3922 1127 3964 seu
1152 3901 1189 3964 ob
1213 3899 1380 3962 exilitatem
1405 3904 1575 3969 evanescat,
1602 3916 1621 3955 a
1644 3894 1729 3957 nobis

370 3987 487 4052 infinito
511 3986 670 4049 intervallo
695 3988 813 4049 abesse.

460 4075 552 4151 Esto,
586 4086 620 4137 ut
652 4078 748 4139 locum
771 4076 835 4138 sine
860 4080 958 4141 stellis
981 4080 1012 4141 iu
1035 4080 1181 4142 infinitum
1205 4076 1366 4149 extendas,
1399 4082 1480 4137 certe
1508 4073 1675 4156 ubicunque
1697 4074 1729 4137 iu

368 4186 406 4228 eo
432 4166 553 4227 stellam
576 4166 722 4244 posueris,
748 4185 876 4247 eousque
901 4177 932 4229 et
954 4169 1067 4231 finitum
1092 4176 1141 4229 est
1163 4166 1363 4235 intervallum,
1387 4172 1419 4226 et
1438 4183 1492 4244 per
1507 4163 1628 4225 stellam
1643 4158 1729 4226 finita

367 4254 629 4319 circumferentia:
663 4264 697 4316 ut
728 4258 901 4336 oppositum
931 4258 1013 4319 dicat
1037 4258 1067 4318 in
1091 4257 1223 4338 adjecto,
1256 4256 1305 4336 qui
1328 4254 1454 4316 fixarum
1477 4254 1636 4332 sphaeram
1658 4252 1726 4314 infi-

368 4345 469 4408 nitam
492 4342 574 4405 dicit.
622 4342 703 4406 Sane
726 4364 763 4406 ne
787 4345 971 4426 cogitatione
995 4346 1113 4428 quidem
1137 4343 1346 4426 comprehendi
1369 4350 1471 4425 potest
1494 4342 1642 4405 infinitum
1657 4361 1726 4418 cor-

365 4454 437 4516 pus.
483 4434 563 4496 Nam
585 4444 747 4514 conceptus
771 4436 879 4497 mentis
902 4436 938 4497 de
961 4436 1075 4499 infinito
1100 4445 1154 4498 aut
1176 4443 1247 4497 sunt
1270 4434 1306 4496 de
1330 4433 1413 4495 vocis
1442 4431 1547 4513 infiniti
1571 4431 1725 4511 significa·

365 4525 464 4596 tione,
487 4532 541 4583 aut
564 4524 600 4583 de
624 4542 676 4595 eo,
701 4526 779 4605 quod
802 4544 972 4588 mensuram
995 4545 1110 4589 omnem
1134 4524 1297 4605 cogitatam
1321 4521 1448 4596 numeri,
1482 4528 1582 4584 tactus
1605 4520 1725 4582 risusve

366 4612 506 4676 excedit:
531 4613 610 4692 quod
633 4633 690 4676 uon
714 4614 819 4677 statim
842 4621 874 4677 et
896 4622 966 4678 actu
989 4614 1134 4678 infinitum
1157 4622 1219 4686 est,
1244 4611 1314 4693 quia
1336 4611 1452 4674 infinita
1475 4628 1616 4673 mensura
1638 4608 1724 4689 cogi-

365 4712 454 4767 tatur
476 4721 636 4782 uunquam.
