4584 6192
986 556 1072 625 ceput
1091 556 1169 610 Μ
1688 557 1755 628 tid

399 751 490 813 snper
509 732 619 797 eadam
640 732 725 797 basi:
750 753 838 797 mons
859 736 962 816 itaque
984 734 1040 799 Bc
1064 736 1162 816 major
1183 737 1274 816 justo,
1300 736 1371 818 quia
1393 735 1472 799 oculi
1492 736 1684 816 profunditas
1703 736 1753 803 Ea

385 840 458 886 nnn
476 822 596 901 patitur
618 831 725 886 centra
746 845 777 898 α,
799 824 828 886 Ε
849 823 1042 888 instrumenti
1065 832 1098 886 et
1120 826 1200 888 oculi
1223 824 1372 905 conjungi.

483 910 522 973 ld
543 911 641 974 multo
668 912 765 991 magis
796 913 979 988 cavendnm,
1013 913 1132 994 quando
1166 914 1260 975 exiles
1293 913 1453 975 admodum
1481 912 1669 993 quantitates
1696 915 1752 980 snb

397 996 501 1079 anguli
521 1018 693 1064 mensnram
716 1009 882 1063 vocantur:
913 1010 947 1064 ut
969 1021 1036 1065 cum
1063 1002 1229 1064 diametros
1253 1000 1441 1064 luminarium
1465 999 1649 1081 inquirimus,
1673 1004 1753 1085 qnod

397 1087 584 1152 fundamenti
599 1088 666 1151 loco
688 1089 859 1152 laciendum
876 1098 926 1152 eet
943 1090 1079 1152 omnibus
1102 1090 1306 1153 astronomiae
1319 1088 1569 1154 restaurationem
1589 1091 1753 1170 aggressis.

483 1175 685 1240 Archimedes
708 1177 800 1257 igitur
812 1179 842 1240 in
863 1178 964 1240 libello
979 1180 1015 1240 de
1031 1178 1152 1241 Arenae
1167 1197 1290 1241 numero
1312 1178 1481 1240 cautionem
1498 1177 1577 1239 hanc
1601 1180 1753 1244 adhibuit.

395 1265 524 1344 primunr
543 1271 630 1327 certa
643 1267 773 1346 quadam
795 1274 940 1346 suscepta
957 1267 1075 1330 ratione
1099 1268 1302 1347 quantitatem
1323 1265 1523 1346 investigavit
1538 1285 1597 1328 non
1611 1267 1754 1331 minorem

397 1353 484 1416 visu:
508 1353 537 1415 ei
560 1354 717 1433 aequalem
741 1354 938 1457 cylindrum
930 1376 960 1417 ιι
979 1380 999 1417 α
1022 1364 1125 1417 centro
1149 1355 1339 1418 instrumenti
1363 1354 1477 1417 locavit
1495 1362 1528 1416 et
1550 1353 1646 1418 lineas
1669 1356 1756 1420 duxit

396 1441 474 1517 sB,
500 1439 526 1504 G
556 1442 745 1522 pinnacidiis‚
776 1443 964 1523 attingentes
987 1444 1065 1507 hunc
1097 1443 1264 1546 cylindrum
1287 1451 1319 1505 et
1341 1450 1570 1517 concurrentes,
1603 1444 1666 1507 sint
1687 1444 1753 1521 BH,

397 1528 461 1593 GE.
508 1530 616 1610 Itaque
638 1530 721 1595 BEC
745 1533 886 1609 angulum
908 1532 1044 1611 proxime
1075 1533 1220 1595 minorem
1243 1552 1311 1594 esse
1342 1530 1453 1594 statuit
1474 1530 1585 1610 angulo
1609 1552 1661 1607 eo,
1695 1550 1753 1614 qno

396 1618 546 1680 distamia
558 1617 617 1682 FG
630 1620 818 1682 cernebatur.
847 1619 909 1683 Sed
923 1618 998 1683 ΒαΟ
1014 1621 1156 1700 angulum
1169 1620 1303 1701 proxime
1318 1621 1471 1701 majorem.
1496 1619 1590 1682 Porro
1605 1639 1753 1700 quaenam

395 1707 438 1769 sit
459 1708 618 1787 quantitas
640 1726 698 1769 non
721 1708 818 1771 minor
840 1708 920 1783 visu,
954 1709 998 1770 sic
1022 1710 1287 1772 determinandum.
1334 1708 1384 1772 Sit
1402 1711 1474 1783 (rig.
1491 1712 1539 1778 ot)
1562 1707 1620 1770 AB
1644 1727 1752 1788 supcr-

395 1796 478 1859 lloies
490 1813 631 1870 corneae,
655 1804 689 1857 et
705 1798 745 1858 ab
758 1798 786 1859 Ε
799 1805 911 1877 puncto
925 1798 1037 1859 visibili
1060 1806 1214 1860 extremae
1231 1798 1426 1871 cantationes,
1451 1815 1527 1877 quae
1542 1815 1596 1876 per
1618 1797 1752 1860 foramen

395 1901 489 1945 ureae
511 1883 724 1960 admittantur,
748 1886 810 1947 sint
831 1885 899 1960 EA,
923 1885 995 1961 ΕΒ,
1020 1906 1096 1966 quae
1119 1887 1270 1948 retractae
1293 1887 1324 1949 in
1348 1889 1388 1960 A,
1412 1887 1449 1954 Β,
1473 1893 1653 1947 concurrant
1673 1886 1704 1948 in
1727 1886 1753 1948 F

394 1978 508 2053 puncto
537 1972 702 2036 retilormis
731 1975 780 2035 vel
812 1973 947 2054 proxime
977 1975 1058 2037 illius
1090 1976 1288 2053 superficiem.
1335 1973 1385 2037 Sit
1414 1974 1480 2053 jam
1510 1970 1566 2035 OD
1598 1975 1752 2053 quantitas

394 2061 508 2131 minor,
539 2080 628 2142 qnam
660 2081 736 2141 qnae
763 2081 818 2142 per
839 2062 912 2138 EA,
936 2063 990 2125 ΕΒ
1022 2070 1162 2124 transeat
1189 2071 1222 2125 et
1251 2063 1373 2143 propior
1399 2062 1457 2125 AB
1487 2061 1573 2124 oculo
1604 2081 1693 2141 qnam
1715 2063 1751 2124 Ε.

396 2149 515 2223 Vides,
547 2150 607 2213 etsi
630 2148 686 2213 OD
718 2150 857 2231 objicitur
888 2151 1002 2213 directe
1032 2158 1142 2230 puncto
1170 2152 1216 2225 H,
1249 2171 1308 2213 non
1336 2170 1441 2213 omnes
1474 2158 1575 2212 tamen
1607 2150 1751 2230 ipsiusE

395 2237 583 2300 radiationes
606 2238 717 2314 averti,
742 2240 797 2302 sed
820 2262 840 2300 a
862 2240 1007 2303 lateribus
1030 2240 1145 2319 ingredi
1170 2239 1376 2314 circumcirca,
1400 2247 1432 2301 et
1453 2239 1485 2302 in

394 2328 418 2389 l*
445 2327 547 2390 locum
576 2327 712 2389 omnibus
745 2328 929 2391 destinatum
964 2347 1160 2391 concurrere:
1194 2328 1300 2406 quibus
1332 2328 1426 2389 radiis
1449 2328 1479 2389 in
1591 2290 1645 2357 a*
1668 2289 1712 2343 ω’

394 2434 483 2478 unum
516 2414 669 2489 collectis,
697 2416 733 2478 lit
754 2417 830 2478 visio
861 2417 965 2497 puncti
987 2416 1031 2489 Ε,
1059 2417 1115 2478 sed
1138 2415 1275 2477 admixta
1302 2416 1416 2478 visione
1439 2415 1484 2477 rei
1598 2393 1744 2462 '‘q--

395 2501 459 2567 01).
506 2503 588 2567 Nam
610 2504 641 2566 D
663 2504 809 2567 terminus
833 2505 940 2567 dexter
970 2505 1076 2585 pinget
1098 2505 1127 2567 N
1151 2504 1308 2567 sinistram
1340 2504 1485 2585 ipsinsF

395 2592 510 2655 retinas
533 2600 662 2672 partem,
687 2591 712 2655 G
732 2592 855 2655 sinister
873 2594 907 2654 M
930 2596 1068 2656 dextram
1091 2593 1190 2671 hujus.
1228 2590 1331 2664 Quare
1354 2592 1484 2654 medinm

395 2678 448 2744 (lD
471 2681 518 2744 rei
541 2681 646 2762 pinget
668 2682 765 2760 ipsum
788 2683 827 2756 F,
852 2684 931 2761 quod
953 2682 1037 2762 prins
1064 2682 1158 2744 etiam
1180 2681 1207 2743 Ε
1229 2681 1384 2762 pingebat
1431 2678 1483 2743 Sic

394 2770 469 2831 duae
492 2788 545 2832 res
567 2788 626 2831 uno
649 2770 716 2831 loeo
747 2770 941 2844 videbuntur,
975 2771 1031 2832 hoc
1054 2778 1157 2832 tamen
1187 2769 1374 2843 discrimine,
1404 2770 1483 2850 quod

393 2856 419 2920 H
440 2858 600 2939 putabitur
622 2858 795 2920 distinctius
817 2859 922 2935 videri,
947 2858 1002 2921 OD
1021 2877 1092 2922 vero
1116 2857 1176 2920 erit
1196 2859 1281 2921 velut
1302 2857 1408 2922 umbra
1430 2866 1484 2920 ant

394 2948 457 3009 tela
480 2966 623 3009 araneae.
668 2947 734 3009 Nec
758 2948 875 3009 mirum.
921 2948 1000 3011 Nam
1024 2966 1117 3028 supra
1149 2947 1272 3018 dictum,
1294 2945 1482 3008 radiationes

394 3036 496 3116 puncti
512 3033 538 3098 C
557 3035 588 3097 in
611 3036 738 3108 oculum,
765 3034 790 3098 C
814 3044 876 3097 tam
894 3035 1060 3117 propinquo
1083 3034 1244 3104 existente,
1268 3034 1369 3114 colligi
1392 3035 1482 3113 longe

394 3133 464 3204 post
485 3125 529 3192 F,
563 3124 674 3185 feriunt
701 3122 793 3202 igitur
823 3124 952 3187 retinam
975 3126 1001 3187 F
1023 3125 1154 3186 nondum
1176 3124 1332 3186 collectae.
1378 3122 1481 3202 Atque

395 3212 449 3276 hoc
471 3230 548 3275 sane
571 3212 659 3274 modo
683 3210 739 3274 OD
762 3213 859 3275 minor
881 3214 941 3275 erit
967 3213 1128 3275 latitudine
1154 3213 1248 3275 visus.
1294 3211 1362 3274 Non
1386 3212 1481 3273 multo
1554 3263 1555 3268 ,

396 3302 482 3365 aliter
503 3300 705 3363 Archimedes
740 3300 800 3381 ipsi
827 3300 882 3363 OD
912 3301 1069 3383 aequalem
1099 3301 1186 3381 ponit
1210 3298 1270 3362 GH
1292 3300 1481 3362 remotiorem

395 3390 562 3472 cylindrum
595 3397 629 3449 et
657 3389 756 3450 album
790 3408 858 3451 esse
893 3390 999 3469 jubet,
1033 3391 1195 3451 distinctae
1218 3388 1345 3450 visionis
1377 3407 1482 3450 causa.

396 3476 482 3549 Quod
501 3478 528 3539 si
546 3477 681 3560 cylinder
696 3476 757 3540 GH
774 3486 857 3540 totus
876 3488 1026 3551 cernatur,
1049 3478 1124 3540 nihil
1142 3477 1324 3558 impediente
1347 3453 1481 3558 cylindro

398 3566 461 3636 OD,
484 3566 580 3628 multo
603 3565 735 3628 minores
758 3566 824 3629 visu
846 3567 1045 3646 pronunciat;
1069 3568 1116 3629 sin
1138 3567 1242 3648 aliqua
1265 3566 1301 3628 de
1326 3563 1387 3628 GH
1408 3583 1481 3645 pars

398 3656 557 3730 omittitur,
579 3653 670 3734 paulo
689 3655 819 3717 minores
829 3674 839 3729 ;
862 3655 908 3717 sin
927 3663 1009 3718 totns
1025 3653 1085 3717 GH
1104 3654 1271 3718 occultetur
1290 3652 1480 3733 (aequalibus

396 3761 513 3823 semper
543 3742 744 3805 existentibus
771 3744 851 3806 inter
874 3764 906 3805 se
934 3746 1074 3824 utroque)
1107 3744 1239 3824 majores
1262 3741 1328 3805 visu
1360 3740 1480 3803 asserit

397 3833 471 3895 Huic
503 3831 655 3894 affirmato
686 3850 793 3910 parum
828 3832 942 3911 aliquid
976 3834 1071 3895 deest
1131 3832 1266 3913 Majores
1299 3829 1417 3911 quidem
1451 3836 1482 3889 et

397 3922 526 3984 minores
558 3920 625 3981 visu
657 3929 707 3981 sat
736 3929 819 3983 certo
855 3921 1006 3996 delinivit,
1040 3940 1096 3983 nec
1128 3921 1211 3983 aliud
1239 3918 1412 4000 requirebat
1440 3916 1479 3979 ad
1510 3936 1595 3980 suam
1625 3915 1750 3978 demon-

396 4010 595 4073 strationem:
619 4016 752 4071 ceternm
775 4011 930 4090 proportio
953 4009 1070 4072 institui
1088 4028 1146 4071 non
1170 4016 1285 4089 potest,
1308 4015 1342 4069 ut
1360 4015 1471 4086 quanto
1486 4004 1541 4069 OD
1559 4003 1656 4068 minor
1672 4001 1750 4078 visu,

397 4106 480 4161 nuto
504 4097 543 4159 de
568 4094 628 4159 GH
649 4097 719 4177 plns
741 4098 892 4174 videatur.
937 4098 1017 4161 Nam
1040 4099 1067 4161 si
1087 4096 1148 4160 GH
1171 4096 1401 4178 appropinquet,
1425 4095 1521 4158 minus
1544 4095 1581 4156 de
1606 4112 1641 4155 eo
1664 4090 1751 4154 vide-

395 4186 492 4262 bitur,
518 4186 659 4266 quamsi
682 4206 702 4248 a
724 4184 781 4249 CD
804 4186 942 4259 recedat,
965 4187 1101 4267 quamvis
1124 4187 1267 4267 aequales
1294 4192 1437 4248 maneant
1461 4181 1521 4246 GH
1544 4190 1576 4246 et
1598 4180 1665 4246 cb.
1709 4180 1754 4245 Ut

394 4283 512 4338 taceam
534 4276 615 4355 qnod
637 4274 769 4355 pupillae
794 4276 959 4355 amplitudo
983 4275 1164 4338 determinet
1184 4275 1267 4336 visus
1290 4272 1527 4354 amplitudinem,
1551 4291 1628 4351 qnae
1651 4280 1752 4332 tamen

395 4364 470 4427 alias
494 4372 545 4425 est
567 4363 638 4425 alia.
684 4364 769 4426 Haec
792 4373 911 4426 tanturn
935 4363 1074 4426 monendi
1097 4383 1192 4426 cansa
1215 4362 1290 4435 dixi,
1314 4370 1349 4424 ut
1371 4369 1456 4423 tauto
1481 4360 1593 4423 rectius
1616 4360 1695 4422 iuter
1718 4375 1753 4418 se

395 4460 641 4534 compararentur
658 4452 850 4515 Archimedis
868 4454 961 4516 verba
980 4463 1011 4516 et
1029 4472 1096 4515 mea
1120 4453 1157 4514 de
1173 4452 1288 4515 visione
1311 4449 1472 4512 sententia.
1484 4447 1520 4521 *)
1543 4447 1634 4520 Quod
1657 4448 1753 4526 ipsam

479 4684 507 4755 ⁸)
530 4686 709 4741 Archimedes
729 4686 782 4739 hoo
803 4685 891 4739 solnm
916 4683 1067 4754 spectavit,
1098 4689 1131 4738 ut
1152 4685 1285 4755 angulum
1306 4688 1467 4754 quaereret,
1499 4680 1545 4751 qui
1570 4685 1646 4734 certo
1666 4675 1754 4731 minor

396 4773 469 4824 esset
488 4784 524 4822 eu
545 4766 660 4839 angulo,
683 4782 736 4836 qno
756 4765 805 4820 Sol
826 4770 979 4834 spectatur
1007 4766 1038 4818 Id
1059 4771 1152 4818 autem
1174 4766 1264 4834 quoad
1278 4764 1371 4819 Solem
1390 4761 1550 4831 impetravit
1570 4774 1623 4814 sna
1642 4760 1753 4812 demon·

397 4848 550 4905 secatione·¹
568 4846 640 4900 Nam
653 4846 723 4900 radii
737 4846 774 4899 ab
788 4845 922 4914 oppositis
936 4844 1009 4900 Solis
1023 4845 1248 4899 extremitatibus
1262 4846 1391 4898 radentes
1408 4842 1593 4911 quantitatem
1607 4838 1753 4909 aequalem

395 4929 463 4984 risui
482 4928 567 4999 eique
595 4926 765 4997 proximam,
794 4931 961 4979 concurrunt
980 4941 1035 4978 non
1056 4924 1085 4978 in
1105 4932 1201 4978 centro
1220 4923 1317 4986 vitrei,
1338 4923 1387 4977 nbi
1412 4921 1495 4991 justa
1521 4927 1598 4975 esset
1622 4932 1753 4974 mensura

398 5009 507 5081 anguli,
529 5008 578 5063 sed
599 5012 665 5076 post
684 5005 766 5070 illud,
791 5005 840 5059 ubi
859 5021 926 5059 vere
953 5005 1083 5059 minorem
1104 5004 1211 5059 iaciunt
1230 5004 1377 5095 angulum,
1408 5003 1479 5073 quod
1500 5000 1637 5072 qnaesivit
1655 4996 1754 5058 Archi·

398 5092 495 5145 medes.
522 5087 625 5143 Verbis
639 5086 757 5160 igitur,
761 5103 815 5140 non
829 5101 937 5159 semper
951 5084 1147 5141 coinciduntin
1162 5092 1287 5145 eentum
1300 5082 1398 5139 vitrei“
1422 5081 1575 5142 occurritur
1594 5076 1753 5155 objectioni
