<?xml version="1.0" encoding="UTF-8"?>
<!DOCTYPE html PUBLIC "-//W3C//DTD XHTML 1.0 Transitional//EN"
    "http://www.w3.org/TR/xhtml1/DTD/xhtml1-transitional.dtd">
<html xmlns="http://www.w3.org/1999/xhtml" xml:lang="en" lang="en">
 <head>
  <title>
</title>
<meta http-equiv="Content-Type" content="text/html;charset=utf-8" />
  <meta name='ocr-system' content='tesseract 3.04.00' />
  <meta name='ocr-capabilities' content='ocr_page ocr_carea ocr_par ocr_line ocrx_word'/>
</head>
<body>
  <div class='ocr_page' id='page_1' title='image "./joanniskepleria02frisgoog_0173.png"; bbox 0 0 4584 6192; ppageno 0'>
   <div class='ocr_carea' id='block_1_1' title="bbox 1114 617 2864 685">
    <p class='ocr_par' dir='ltr' id='par_1_1' title="bbox 1114 617 2864 685">
     <span class='ocr_line' id='line_1_1' title="bbox 1114 617 2864 685; baseline -0.006 -5"><span class='ocrx_word' id='word_1_1' title='bbox 1114 617 1233 684; x_wconf 74' lang='grc'>158</span> <span class='ocrx_word' id='word_1_2' title='bbox 2029 619 2406 685; x_wconf 71' lang='lat' dir='ltr'>Paralipoma</span> <span class='ocrx_word' id='word_1_3' title='bbox 2441 624 2493 670; x_wconf 77' lang='lat' dir='ltr'>in</span> <span class='ocrx_word' id='word_1_4' title='bbox 2531 620 2864 671; x_wconf 77' lang='lat' dir='ltr'>Vitellionem.</span> 
     </span>
    </p>
   </div>
   <div class='ocr_carea' id='block_1_2' title="bbox 1085 794 3844 4051">
    <p class='ocr_par' dir='ltr' id='par_1_2' title="bbox 1100 794 3840 961">
     <span class='ocr_line' id='line_1_2' title="bbox 1100 794 3840 874; baseline 0.005 -17"><span class='ocrx_word' id='word_1_5' title='bbox 1100 794 1325 857; x_wconf 86' lang='lat' dir='ltr'>babere</span> <span class='ocrx_word' id='word_1_6' title='bbox 1387 796 1616 856; x_wconf 84' lang='lat' dir='ltr'>censeri</span> <span class='ocrx_word' id='word_1_7' title='bbox 1679 805 1947 873; x_wconf 79' lang='lat' dir='ltr'><strong>possunt.</strong></span> <span class='ocrx_word' id='word_1_8' title='bbox 2041 794 2183 855; x_wconf 78' lang='lat' dir='ltr'>Sive</span> <span class='ocrx_word' id='word_1_9' title='bbox 2248 814 2390 874; x_wconf 76' lang='lat' dir='ltr'>ergo</span> <span class='ocrx_word' id='word_1_10' title='bbox 2457 798 2627 857; x_wconf 91' lang='lat' dir='ltr'>radio</span> <span class='ocrx_word' id='word_1_11' title='bbox 2691 807 2898 857; x_wconf 88' lang='lat' dir='ltr'>creato</span> <span class='ocrx_word' id='word_1_12' title='bbox 2965 797 3154 859; x_wconf 86' lang='lat' dir='ltr'>semel</span> <span class='ocrx_word' id='word_1_13' title='bbox 3222 798 3470 863; x_wconf 82' lang='lat' dir='ltr'>infinita</span> <span class='ocrx_word' id='word_1_14' title='bbox 3537 804 3678 866; x_wconf 77' lang='lat' dir='ltr'>sive</span> <span class='ocrx_word' id='word_1_15' title='bbox 3741 807 3840 870; x_wconf 84' lang='lat' dir='ltr'>bis</span> 
     </span>
     <span class='ocr_line' id='line_1_3' title="bbox 1108 883 2303 961; baseline 0 -18"><span class='ocrx_word' id='word_1_16' title='bbox 1108 883 1341 945; x_wconf 82' lang='lat' dir='ltr'>infinita</span> <span class='ocrx_word' id='word_1_17' title='bbox 1387 883 1615 944; x_wconf 82' lang='lat' dir='ltr'>tribuas</span> <span class='ocrx_word' id='word_1_18' title='bbox 1663 885 1851 944; x_wconf 87' lang='lat' dir='ltr'>latera</span> <span class='ocrx_word' id='word_1_19' title='bbox 1897 883 2141 961; x_wconf 76' lang='lat' dir='ltr'>perinde</span> <span class='ocrx_word' id='word_1_20' title='bbox 2189 892 2303 943; x_wconf 90' lang='lat' dir='ltr'>est.</span> 
     </span>
    </p>

    <p class='ocr_par' dir='ltr' id='par_1_3' title="bbox 1097 971 3842 1228">
     <span class='ocr_line' id='line_1_4' title="bbox 1278 971 3839 1056; baseline 0.006 -25"><span class='ocrx_word' id='word_1_21' title='bbox 1278 972 1523 1031; x_wconf 82' lang='lat' dir='ltr'>Lemma</span> <span class='ocrx_word' id='word_1_22' title='bbox 1566 972 1614 1031; x_wconf 94' lang='lat'>1.</span> <span class='ocrx_word' id='word_1_23' title='bbox 1664 972 1737 1031; x_wconf 89' lang='lat' dir='ltr'>ad</span> <span class='ocrx_word' id='word_1_24' title='bbox 1787 972 2250 1049; x_wconf 77' lang='lat' dir='ltr'>propositionem</span> <span class='ocrx_word' id='word_1_25' title='bbox 2301 985 2665 1050; x_wconf 82' lang='lat' dir='ltr'>sequentem.</span> <span class='ocrx_word' id='word_1_26' title='bbox 2760 971 3188 1050; x_wconf 82' lang='lat' dir='ltr'>Triangula</span> <span class='ocrx_word' id='word_1_27' title='bbox 3255 980 3642 1056; x_wconf 78' lang='lat' dir='ltr'>aequales</span> <span class='ocrx_word' id='word_1_28' title='bbox 3711 986 3839 1046; x_wconf 78' lang='lat' dir='ltr'>vel</span> 
     </span>
     <span class='ocr_line' id='line_1_5' title="bbox 1097 1059 3839 1149; baseline 0.004 -29"><span class='ocrx_word' id='word_1_29' title='bbox 1097 1060 1399 1121; x_wconf 87' lang='lat' dir='ltr'>easdem</span> <span class='ocrx_word' id='word_1_30' title='bbox 1448 1059 2115 1138; x_wconf 88' lang='lat' dir='ltr'>aequidistantium</span> <span class='ocrx_word' id='word_1_31' title='bbox 2148 1059 2443 1120; x_wconf 89' lang='lat' dir='ltr'>duarum</span> <span class='ocrx_word' id='word_1_32' title='bbox 2479 1059 2870 1137; x_wconf 79' lang='lat' dir='ltr'>portiones</span> <span class='ocrx_word' id='word_1_33' title='bbox 2911 1062 3260 1123; x_wconf 87' lang='lat' dir='ltr'>cruribus</span> <span class='ocrx_word' id='word_1_34' title='bbox 3309 1065 3839 1149; x_wconf 88' lang='lat' dir='ltr'>intercipien-</span> 
     </span>
     <span class='ocr_line' id='line_1_6' title="bbox 1098 1146 3842 1228; baseline 0.003 -18"><span class='ocrx_word' id='word_1_35' title='bbox 1098 1149 1206 1210; x_wconf 86' lang='lat' dir='ltr'>tia</span> <span class='ocrx_word' id='word_1_36' title='bbox 1280 1149 1774 1209; x_wconf 81' lang='lat' dir='ltr'>terminantur</span> <span class='ocrx_word' id='word_1_37' title='bbox 1836 1146 2245 1206; x_wconf 76' lang='lat' dir='ltr'>verticibus</span> <span class='ocrx_word' id='word_1_38' title='bbox 2333 1146 2419 1205; x_wconf 92' lang='lat' dir='ltr'>ad</span> <span class='ocrx_word' id='word_1_39' title='bbox 2519 1148 2826 1206; x_wconf 81' lang='lat' dir='ltr'>tertiam</span> <span class='ocrx_word' id='word_1_40' title='bbox 2920 1151 3615 1228; x_wconf 86' lang='lat' dir='ltr'>aequidistantem.</span> <span class='ocrx_word' id='word_1_41' title='bbox 3738 1159 3842 1224; x_wconf 80' lang='lat' dir='ltr'>Sit</span> 
     </span>
    </p>

    <p class='ocr_par' dir='ltr' id='par_1_4' title="bbox 1375 1232 3842 1323">
     <span class='ocr_line' id='line_1_7' title="bbox 1375 1232 3842 1323; baseline 0.002 -24"><span class='ocrx_word' id='word_1_42' title='bbox 1375 1254 1482 1317; x_wconf 71' lang='lat' dir='ltr'>rig.</span> <span class='ocrx_word' id='word_1_43' title='bbox 1520 1250 1604 1298; x_wconf 85' lang='grc'>47.</span> <span class='ocrx_word' id='word_1_44' title='bbox 1888 1242 2055 1293; x_wconf 91' lang='lat' dir='ltr'>recta</span> <span class='ocrx_word' id='word_1_45' title='bbox 2099 1232 2264 1294; x_wconf 72' lang='lat' dir='ltr'>NEP</span> <span class='ocrx_word' id='word_1_46' title='bbox 2311 1234 2503 1293; x_wconf 78' lang='lat' dir='ltr'>divisa</span> <span class='ocrx_word' id='word_1_47' title='bbox 2548 1235 2610 1293; x_wconf 91' lang='lat' dir='ltr'>in</span> <span class='ocrx_word' id='word_1_48' title='bbox 2667 1236 2948 1312; x_wconf 88' lang='lat' dir='ltr'>aequalia</span> <span class='ocrx_word' id='word_1_49' title='bbox 2995 1236 3053 1296; x_wconf 91' lang='lat' dir='ltr'>in</span> <span class='ocrx_word' id='word_1_50' title='bbox 3102 1236 3156 1296; x_wconf 87' lang='lat' dir='ltr'>E</span> <span class='ocrx_word' id='word_1_51' title='bbox 3206 1240 3387 1319; x_wconf 89' lang='lat' dir='ltr'>eique</span> <span class='ocrx_word' id='word_1_52' title='bbox 3447 1246 3842 1323; x_wconf 80' lang='lat' dir='ltr'>aequidistet</span> 
     </span>
    </p>

    <p class='ocr_par' dir='ltr' id='par_1_5' title="bbox 1322 1318 3844 1409">
     <span class='ocr_line' id='line_1_8' title="bbox 1322 1318 3844 1409; baseline 0.008 -29"><span class='ocrx_word' id='word_1_53' title='bbox 1322 1369 1358 1409; x_wconf 42' lang='grc' dir='ltr'>,ζ</span> <span class='ocrx_word' id='word_1_54' title='bbox 1552 1360 1583 1409; x_wconf 70' lang='lat' dir='ltr'><strong>E</strong></span> <span class='ocrx_word' id='word_1_55' title='bbox 1795 1365 1825 1409; x_wconf 73' lang='lat' dir='ltr'>P</span> <span class='ocrx_word' id='word_1_56' title='bbox 1886 1318 2059 1381; x_wconf 82' lang='lat' dir='ltr'>FOG</span> <span class='ocrx_word' id='word_1_57' title='bbox 2122 1320 2399 1381; x_wconf 89' lang='lat' dir='ltr'>similiter</span> <span class='ocrx_word' id='word_1_58' title='bbox 2462 1321 2658 1381; x_wconf 79' lang='lat' dir='ltr'>divisa</span> <span class='ocrx_word' id='word_1_59' title='bbox 2724 1322 2779 1381; x_wconf 91' lang='lat' dir='ltr'>iu</span> <span class='ocrx_word' id='word_1_60' title='bbox 2849 1324 3132 1401; x_wconf 89' lang='lat' dir='ltr'>aequalia</span> <span class='ocrx_word' id='word_1_61' title='bbox 3200 1326 3258 1387; x_wconf 89' lang='lat' dir='ltr'>in</span> <span class='ocrx_word' id='word_1_62' title='bbox 3325 1326 3403 1391; x_wconf 89' lang='lat' dir='ltr'>O.</span> <span class='ocrx_word' id='word_1_63' title='bbox 3504 1332 3844 1400; x_wconf 86' lang='lat' dir='ltr'>Ducantur</span> 
     </span>
    </p>

    <p class='ocr_par' dir='ltr' id='par_1_6' title="bbox 1322 1408 3843 1849">
     <span class='ocr_line' id='line_1_9' title="bbox 1322 1408 3840 1488; baseline 0.008 -19"><span class='ocrx_word' id='word_1_64' title='bbox 1322 1409 1326 1413; x_wconf 81' lang='grc'><strong>’</strong></span> <span class='ocrx_word' id='word_1_65' title='bbox 1884 1419 2086 1470; x_wconf 88' lang='lat' dir='ltr'>rectae</span> <span class='ocrx_word' id='word_1_66' title='bbox 2119 1408 2243 1478; x_wconf 86' lang='grc' dir='ltr'>ΡΟ,</span> <span class='ocrx_word' id='word_1_67' title='bbox 2292 1408 2416 1481; x_wconf 80' lang='lat' dir='ltr'>EF,</span> <span class='ocrx_word' id='word_1_68' title='bbox 2466 1410 2655 1468; x_wconf 89' lang='lat' dir='ltr'>donec</span> <span class='ocrx_word' id='word_1_69' title='bbox 2702 1419 3064 1472; x_wconf 82' lang='lat' dir='ltr'>concurrant</span> <span class='ocrx_word' id='word_1_70' title='bbox 3114 1414 3172 1473; x_wconf 90' lang='lat' dir='ltr'>in</span> <span class='ocrx_word' id='word_1_71' title='bbox 3203 1415 3287 1475; x_wconf 80' lang='lat' dir='ltr'>K.</span> <span class='ocrx_word' id='word_1_72' title='bbox 3363 1416 3610 1482; x_wconf 87' lang='lat' dir='ltr'>Eodem</span> <span class='ocrx_word' id='word_1_73' title='bbox 3653 1427 3840 1488; x_wconf 88' lang='lat' dir='ltr'>modo</span> 
     </span>
     <span class='ocr_line' id='line_1_10' title="bbox 1883 1494 3843 1575; baseline 0.01 -18"><span class='ocrx_word' id='word_1_74' title='bbox 1883 1498 2176 1557; x_wconf 83' lang='lat' dir='ltr'>ducantur</span> <span class='ocrx_word' id='word_1_75' title='bbox 2219 1494 2365 1569; x_wconf 82' lang='lat' dir='ltr'>EO,</span> <span class='ocrx_word' id='word_1_76' title='bbox 2416 1497 2523 1556; x_wconf 73' lang='lat' dir='ltr'>NF</span> <span class='ocrx_word' id='word_1_77' title='bbox 2570 1496 2665 1555; x_wconf 80' lang='lat' dir='ltr'>vel</span> <span class='ocrx_word' id='word_1_78' title='bbox 2714 1496 2857 1570; x_wconf 89' lang='lat' dir='ltr'>PG,</span> <span class='ocrx_word' id='word_1_79' title='bbox 2908 1500 3099 1561; x_wconf 91' lang='lat' dir='ltr'>donec</span> <span class='ocrx_word' id='word_1_80' title='bbox 3149 1520 3526 1569; x_wconf 88' lang='lat' dir='ltr'>concurrant</span> <span class='ocrx_word' id='word_1_81' title='bbox 3576 1512 3640 1572; x_wconf 90' lang='lat' dir='ltr'>in</span> <span class='ocrx_word' id='word_1_82' title='bbox 3694 1514 3727 1574; x_wconf 97' lang='lat' dir='ltr'>I</span> <span class='ocrx_word' id='word_1_83' title='bbox 3776 1524 3843 1575; x_wconf 87' lang='lat' dir='ltr'>et</span> 
     </span>
     <span class='ocr_line' id='line_1_11' title="bbox 1884 1583 3842 1666; baseline 0.009 -21"><span class='ocrx_word' id='word_1_84' title='bbox 1884 1593 2319 1645; x_wconf 86' lang='lat' dir='ltr'>connectantur</span> <span class='ocrx_word' id='word_1_85' title='bbox 2365 1584 2440 1654; x_wconf 77' lang='lat' dir='ltr'>K,</span> <span class='ocrx_word' id='word_1_86' title='bbox 2492 1585 2540 1656; x_wconf 95' lang='lat' dir='ltr'>I,</span> <span class='ocrx_word' id='word_1_87' title='bbox 2589 1583 2724 1643; x_wconf 86' lang='lat' dir='ltr'>dico</span> <span class='ocrx_word' id='word_1_88' title='bbox 2759 1585 2850 1645; x_wconf 86' lang='lat' dir='ltr'>KI</span> <span class='ocrx_word' id='word_1_89' title='bbox 2901 1589 3319 1666; x_wconf 79' lang='lat' dir='ltr'>aequidistare</span> <span class='ocrx_word' id='word_1_90' title='bbox 3368 1595 3634 1659; x_wconf 84' lang='lat' dir='ltr'>basibus</span> <span class='ocrx_word' id='word_1_91' title='bbox 3665 1601 3842 1663; x_wconf 80' lang='lat' dir='ltr'>NEP</span> 
     </span>
     <span class='ocr_line' id='line_1_12' title="bbox 1438 1668 3840 1765; baseline 0.005 -32"><span class='ocrx_word' id='word_1_92' title='bbox 1438 1721 1450 1749; x_wconf 18' lang='grc' dir='ltr'>Δ.</span> <span class='ocrx_word' id='word_1_93' title='bbox 1884 1682 1949 1733; x_wconf 93' lang='lat' dir='ltr'>et</span> <span class='ocrx_word' id='word_1_94' title='bbox 1994 1668 2185 1732; x_wconf 79' lang='lat' dir='ltr'><strong>FOG.</strong></span> <span class='ocrx_word' id='word_1_95' title='bbox 2278 1671 2437 1730; x_wconf 75' lang='lat' dir='ltr'>Nam</span> <span class='ocrx_word' id='word_1_96' title='bbox 2484 1671 2541 1730; x_wconf 91' lang='lat' dir='ltr'>iu</span> <span class='ocrx_word' id='word_1_97' title='bbox 2609 1671 2934 1749; x_wconf 77' lang='lat' dir='ltr'>triangulis</span> <span class='ocrx_word' id='word_1_98' title='bbox 2983 1675 3170 1749; x_wconf 77' lang='lat' dir='ltr'>NEI,</span> <span class='ocrx_word' id='word_1_99' title='bbox 3221 1678 3368 1742; x_wconf 83' lang='lat' dir='ltr'>FOI</span> <span class='ocrx_word' id='word_1_100' title='bbox 3435 1686 3624 1765; x_wconf 88' lang='lat' dir='ltr'>aequi</span> <span class='ocrx_word' id='word_1_101' title='bbox 3689 1699 3840 1751; x_wconf 76' lang='lat' dir='ltr'>sunt</span> 
     </span>
     <span class='ocr_line' id='line_1_13' title="bbox 1358 1755 3840 1849; baseline -0.001 -16"><span class='ocrx_word' id='word_1_102' title='bbox 1358 1761 1763 1849; x_wconf 46' lang='lat' dir='ltr'>F⁸³—fl⁴-&#39;&#39;&#39;÷2&#39;G</span> <span class='ocrx_word' id='word_1_103' title='bbox 1885 1760 2088 1836; x_wconf 79' lang='lat' dir='ltr'>anguli</span> <span class='ocrx_word' id='word_1_104' title='bbox 2135 1757 2308 1830; x_wconf 58' lang='lat'>3131,</span> <span class='ocrx_word' id='word_1_105' title='bbox 2358 1755 2496 1817; x_wconf 87' lang='lat' dir='ltr'>FOI</span> <span class='ocrx_word' id='word_1_106' title='bbox 2546 1758 2651 1827; x_wconf 82' lang='grc' dir='ltr'>(Ε.</span> <span class='ocrx_word' id='word_1_107' title='bbox 2702 1759 2750 1831; x_wconf 93' lang='grc' dir='ltr'>Ι,</span> <span class='ocrx_word' id='word_1_108' title='bbox 2801 1758 2941 1833; x_wconf 82' lang='grc'><strong>29).</strong></span> <span class='ocrx_word' id='word_1_109' title='bbox 3037 1761 3144 1825; x_wconf 90' lang='lat' dir='ltr'>Sic</span> <span class='ocrx_word' id='word_1_110' title='bbox 3205 1776 3271 1827; x_wconf 88' lang='lat' dir='ltr'>et</span> <span class='ocrx_word' id='word_1_111' title='bbox 3315 1769 3495 1845; x_wconf 80' lang='lat' dir='ltr'>EM,</span> <span class='ocrx_word' id='word_1_112' title='bbox 3571 1772 3723 1838; x_wconf 88' lang='lat' dir='ltr'>OFI</span> <span class='ocrx_word' id='word_1_113' title='bbox 3774 1788 3840 1839; x_wconf 79' lang='lat' dir='ltr'>et</span> 
     </span>
    </p>

    <p class='ocr_par' dir='ltr' id='par_1_7' title="bbox 1278 1841 3834 2208">
     <span class='ocr_line' id='line_1_14' title="bbox 1370 1841 3810 1944; baseline 0.011 -43"><span class='ocrx_word' id='word_1_114' title='bbox 1370 1885 1386 1925; x_wconf 69' lang='lat'>4.</span> <span class='ocrx_word' id='word_1_115' title='bbox 1495 1857 1559 1925; x_wconf 52' lang='lat' dir='ltr'>..si</span> <span class='ocrx_word' id='word_1_116' title='bbox 1679 1841 1703 1930; x_wconf 45' lang='grc' dir='ltr'>μ’</span> <span class='ocrx_word' id='word_1_117' title='bbox 1884 1847 2213 1910; x_wconf 90' lang='lat' dir='ltr'>communis</span> <span class='ocrx_word' id='word_1_118' title='bbox 2259 1848 2335 1905; x_wconf 86' lang='lat' dir='ltr'>ad</span> <span class='ocrx_word' id='word_1_119' title='bbox 2385 1846 2434 1904; x_wconf 96' lang='grc' dir='ltr'>Ι.</span> <span class='ocrx_word' id='word_1_120' title='bbox 2527 1845 2954 1924; x_wconf 84' lang='lat' dir='ltr'>Aequiangula</span> <span class='ocrx_word' id='word_1_121' title='bbox 3018 1851 3202 1928; x_wconf 80' lang='lat' dir='ltr'>igitur</span> <span class='ocrx_word' id='word_1_122' title='bbox 3274 1869 3420 1918; x_wconf 89' lang='lat' dir='ltr'>sunt</span> <span class='ocrx_word' id='word_1_123' title='bbox 3487 1862 3810 1944; x_wconf 85' lang='lat' dir='ltr'>triangula</span> 
     </span>
     <span class='ocr_line' id='line_1_15' title="bbox 1330 1914 3834 2029; baseline 0.014 -56"><span class='ocrx_word' id='word_1_124' title='bbox 1330 1929 1370 2029; x_wconf 55' lang='lat' dir='ltr'><em>s</em></span> <span class='ocrx_word' id='word_1_125' title='bbox 1554 2017 1555 2020; x_wconf 63' lang='lat'>,</span> <span class='ocrx_word' id='word_1_126' title='bbox 1655 1935 1679 2025; x_wconf 73' lang='lat'>41·</span> <span class='ocrx_word' id='word_1_127' title='bbox 1885 1945 1951 1997; x_wconf 76' lang='lat' dir='ltr'>et</span> <span class='ocrx_word' id='word_1_128' title='bbox 1997 1934 2099 2006; x_wconf 83' lang='lat' dir='ltr'>(E.</span> <span class='ocrx_word' id='word_1_129' title='bbox 2151 1934 2262 2005; x_wconf 92' lang='lat' dir='ltr'>VI,</span> <span class='ocrx_word' id='word_1_130' title='bbox 2310 1929 2382 2003; x_wconf 71' lang='lat'>4)</span> <span class='ocrx_word' id='word_1_131' title='bbox 2450 1932 2646 1992; x_wconf 88' lang='lat' dir='ltr'>latera</span> <span class='ocrx_word' id='word_1_132' title='bbox 2709 1937 3210 2013; x_wconf 86' lang='lat' dir='ltr'>proportionalia.</span> <span class='ocrx_word' id='word_1_133' title='bbox 3308 1942 3522 2014; x_wconf 84' lang='lat' dir='ltr'>Quare</span> <span class='ocrx_word' id='word_1_134' title='bbox 3593 1961 3669 2013; x_wconf 90' lang='lat' dir='ltr'>ut</span> <span class='ocrx_word' id='word_1_135' title='bbox 3715 1914 3834 2016; x_wconf 61' lang='lat' dir='ltr'>Nl}</span> 
     </span>
     <span class='ocr_line' id='line_1_16' title="bbox 1302 2017 3833 2109; baseline 0.014 -40"><span class='ocrx_word' id='word_1_136' title='bbox 1302 2029 1330 2101; x_wconf 60' lang='lat'>:³</span> <span class='ocrx_word' id='word_1_137' title='bbox 1382 2081 1402 2109; x_wconf 12' lang='grc' dir='ltr'>,ἢ</span> <span class='ocrx_word' id='word_1_138' title='bbox 1651 2025 1655 2037; x_wconf 84' lang='grc'><em>“</em></span> <span class='ocrx_word' id='word_1_139' title='bbox 1885 2025 1965 2086; x_wconf 78' lang='lat' dir='ltr'>ad</span> <span class='ocrx_word' id='word_1_140' title='bbox 2000 2020 2108 2083; x_wconf 84' lang='lat' dir='ltr'>FO</span> <span class='ocrx_word' id='word_1_141' title='bbox 2155 2022 2241 2081; x_wconf 89' lang='lat' dir='ltr'>sic</span> <span class='ocrx_word' id='word_1_142' title='bbox 2282 2022 2364 2081; x_wconf 88' lang='lat' dir='ltr'>EI</span> <span class='ocrx_word' id='word_1_143' title='bbox 2396 2019 2470 2079; x_wconf 89' lang='lat' dir='ltr'>ad</span> <span class='ocrx_word' id='word_1_144' title='bbox 2501 2017 2609 2080; x_wconf 91' lang='lat'>01.</span> <span class='ocrx_word' id='word_1_145' title='bbox 2685 2020 2919 2084; x_wconf 85' lang='lat' dir='ltr'>Eodem</span> <span class='ocrx_word' id='word_1_146' title='bbox 2969 2027 3147 2088; x_wconf 90' lang='lat' dir='ltr'>modo</span> <span class='ocrx_word' id='word_1_147' title='bbox 3196 2032 3499 2109; x_wconf 90' lang='lat' dir='ltr'>probatur</span> <span class='ocrx_word' id='word_1_148' title='bbox 3547 2039 3610 2099; x_wconf 89' lang='lat' dir='ltr'>in</span> <span class='ocrx_word' id='word_1_149' title='bbox 3656 2040 3833 2105; x_wconf 86' lang='lat' dir='ltr'>EPK</span> 
     </span>
     <span class='ocr_line' id='line_1_17' title="bbox 1475 2041 3832 2208; baseline 0.004 -34.229"><span class='ocrx_word' id='word_1_150' title='bbox 1475 2142 1483 2169; x_wconf 39' lang='grc' dir='ltr'>ν.</span> <span class='ocrx_word' id='word_1_151' title='bbox 1615 2041 1651 2181; x_wconf 60' lang='lat' dir='ltr'><em>s</em></span> <span class='ocrx_word' id='word_1_152' title='bbox 1885 2123 1950 2174; x_wconf 91' lang='lat' dir='ltr'>et</span> <span class='ocrx_word' id='word_1_153' title='bbox 1978 2108 2165 2182; x_wconf 82' lang='lat' dir='ltr'>FOK,</span> <span class='ocrx_word' id='word_1_154' title='bbox 2216 2128 2349 2169; x_wconf 88' lang='lat' dir='ltr'>esse</span> <span class='ocrx_word' id='word_1_155' title='bbox 2398 2116 2462 2166; x_wconf 91' lang='lat' dir='ltr'>ut</span> <span class='ocrx_word' id='word_1_156' title='bbox 2493 2106 2597 2167; x_wconf 85' lang='grc' dir='ltr'>ΕΡ</span> <span class='ocrx_word' id='word_1_157' title='bbox 2642 2108 2719 2167; x_wconf 88' lang='lat' dir='ltr'>ad</span> <span class='ocrx_word' id='word_1_158' title='bbox 2749 2108 2860 2170; x_wconf 80' lang='lat' dir='ltr'>FO</span> <span class='ocrx_word' id='word_1_159' title='bbox 2910 2114 2998 2173; x_wconf 91' lang='lat' dir='ltr'>sic</span> <span class='ocrx_word' id='word_1_160' title='bbox 3030 2115 3142 2176; x_wconf 83' lang='lat' dir='ltr'>PK</span> <span class='ocrx_word' id='word_1_161' title='bbox 3183 2119 3262 2179; x_wconf 90' lang='lat' dir='ltr'>ad</span> <span class='ocrx_word' id='word_1_162' title='bbox 3291 2117 3434 2183; x_wconf 87' lang='lat' dir='ltr'>OK.</span> <span class='ocrx_word' id='word_1_163' title='bbox 3506 2126 3832 2208; x_wconf 68' lang='lat' dir='ltr'>Aequales</span> 
     </span>
    </p>

    <p class='ocr_par' dir='ltr' id='par_1_8' title="bbox 1114 2194 3835 2477">
     <span class='ocr_line' id='line_1_18' title="bbox 1491 2194 3832 2280; baseline 0.005 -18"><span class='ocrx_word' id='word_1_164' title='bbox 1491 2211 1499 2249; x_wconf 45' lang='grc' dir='ltr'>ἢ</span> <span class='ocrx_word' id='word_1_165' title='bbox 1591 2232 1604 2273; x_wconf 58' lang='lat' dir='ltr'>‚a</span> <span class='ocrx_word' id='word_1_166' title='bbox 1883 2210 2027 2262; x_wconf 83' lang='lat' dir='ltr'>vero</span> <span class='ocrx_word' id='word_1_167' title='bbox 2074 2198 2199 2270; x_wconf 84' lang='grc' dir='ltr'>ΕΡ,</span> <span class='ocrx_word' id='word_1_168' title='bbox 2247 2197 2380 2257; x_wconf 76' lang='lat' dir='ltr'>EN.</span> <span class='ocrx_word' id='word_1_169' title='bbox 2457 2196 2542 2255; x_wconf 77' lang='lat' dir='ltr'>Ut.</span> <span class='ocrx_word' id='word_1_170' title='bbox 2587 2194 2773 2272; x_wconf 85' lang='lat' dir='ltr'>igitur</span> <span class='ocrx_word' id='word_1_171' title='bbox 2816 2198 2932 2259; x_wconf 77' lang='lat' dir='ltr'>NE</span> <span class='ocrx_word' id='word_1_172' title='bbox 2978 2203 3060 2263; x_wconf 87' lang='lat' dir='ltr'>ad</span> <span class='ocrx_word' id='word_1_173' title='bbox 3105 2204 3215 2266; x_wconf 80' lang='lat' dir='ltr'>FO</span> <span class='ocrx_word' id='word_1_174' title='bbox 3264 2208 3353 2270; x_wconf 89' lang='lat' dir='ltr'>sic</span> <span class='ocrx_word' id='word_1_175' title='bbox 3397 2210 3516 2280; x_wconf 89' lang='lat' dir='ltr'>PK</span> <span class='ocrx_word' id='word_1_176' title='bbox 3564 2217 3649 2277; x_wconf 79' lang='lat' dir='ltr'>ad</span> <span class='ocrx_word' id='word_1_177' title='bbox 3692 2216 3832 2280; x_wconf 85' lang='lat' dir='ltr'>OK.</span> 
     </span>
     <span class='ocr_line' id='line_1_19' title="bbox 1499 2265 3835 2421; baseline 0.004 -74"><span class='ocrx_word' id='word_1_178' title='bbox 1499 2265 1587 2421; x_wconf 31' lang='lat' dir='ltr'>K</span> <span class='ocrx_word' id='word_1_179' title='bbox 1881 2289 2060 2353; x_wconf 88' lang='lat' dir='ltr'>Prius</span> <span class='ocrx_word' id='word_1_180' title='bbox 2126 2305 2265 2346; x_wconf 82' lang='lat' dir='ltr'>vero</span> <span class='ocrx_word' id='word_1_181' title='bbox 2323 2285 2407 2344; x_wconf 84' lang='lat' dir='ltr'>sic</span> <span class='ocrx_word' id='word_1_182' title='bbox 2473 2283 2653 2343; x_wconf 88' lang='lat' dir='ltr'>etiam</span> <span class='ocrx_word' id='word_1_183' title='bbox 2715 2295 2852 2345; x_wconf 88' lang='lat' dir='ltr'>erat</span> <span class='ocrx_word' id='word_1_184' title='bbox 2899 2288 2988 2349; x_wconf 89' lang='lat' dir='ltr'>EI</span> <span class='ocrx_word' id='word_1_185' title='bbox 3038 2293 3116 2351; x_wconf 89' lang='lat' dir='ltr'>ad</span> <span class='ocrx_word' id='word_1_186' title='bbox 3165 2290 3285 2370; x_wconf 88' lang='lat'>01,</span> <span class='ocrx_word' id='word_1_187' title='bbox 3356 2316 3549 2377; x_wconf 77' lang='lat' dir='ltr'>quare</span> <span class='ocrx_word' id='word_1_188' title='bbox 3600 2313 3671 2365; x_wconf 76' lang='lat' dir='ltr'>ut</span> <span class='ocrx_word' id='word_1_189' title='bbox 3722 2307 3835 2369; x_wconf 80' lang='lat' dir='ltr'>PK</span> 
     </span>
     <span class='ocr_line' id='line_1_20' title="bbox 1114 2357 3833 2477; baseline 0.008 -43"><span class='ocrx_word' id='word_1_190' title='bbox 1114 2377 1231 2477; x_wconf 40' lang='grc' dir='ltr'>Ξῖ</span> <span class='ocrx_word' id='word_1_191' title='bbox 1528 2357 1595 2473; x_wconf 63' lang='lat'>4⁸1</span> <span class='ocrx_word' id='word_1_192' title='bbox 1885 2378 1964 2440; x_wconf 70' lang='lat' dir='ltr'>ad</span> <span class='ocrx_word' id='word_1_193' title='bbox 2012 2374 2129 2436; x_wconf 75' lang='grc' dir='ltr'>οι(</span> <span class='ocrx_word' id='word_1_194' title='bbox 2175 2374 2262 2434; x_wconf 72' lang='lat' dir='ltr'>sic</span> <span class='ocrx_word' id='word_1_195' title='bbox 2309 2372 2395 2432; x_wconf 84' lang='lat' dir='ltr'>EI</span> <span class='ocrx_word' id='word_1_196' title='bbox 2444 2370 2518 2430; x_wconf 77' lang='lat' dir='ltr'>ad</span> <span class='ocrx_word' id='word_1_197' title='bbox 2568 2367 2673 2430; x_wconf 90' lang='lat'>01.</span> <span class='ocrx_word' id='word_1_198' title='bbox 2749 2372 2835 2432; x_wconf 86' lang='lat' dir='ltr'>Et</span> <span class='ocrx_word' id='word_1_199' title='bbox 2882 2375 2987 2446; x_wconf 79' lang='lat' dir='ltr'>(E.</span> <span class='ocrx_word' id='word_1_200' title='bbox 3023 2379 3102 2452; x_wconf 86' lang='lat' dir='ltr'>v,</span> <span class='ocrx_word' id='word_1_201' title='bbox 3149 2381 3222 2454; x_wconf 86' lang='lat'>5)</span> <span class='ocrx_word' id='word_1_202' title='bbox 3271 2392 3341 2445; x_wconf 87' lang='lat' dir='ltr'>ut</span> <span class='ocrx_word' id='word_1_203' title='bbox 3386 2386 3502 2449; x_wconf 82' lang='lat' dir='ltr'>Po</span> <span class='ocrx_word' id='word_1_204' title='bbox 3552 2393 3635 2453; x_wconf 70' lang='lat' dir='ltr'>aa</span> <span class='ocrx_word' id='word_1_205' title='bbox 3688 2392 3833 2470; x_wconf 73' lang='lat' dir='ltr'>ox,</span> 
     </span>
    </p>

    <p class='ocr_par' dir='ltr' id='par_1_9' title="bbox 1085 2459 3837 3094">
     <span class='ocr_line' id='line_1_21' title="bbox 1233 2459 3833 2545; baseline 0.004 -18"><span class='ocrx_word' id='word_1_206' title='bbox 1233 2469 1323 2477; x_wconf 42' lang='lat'>&#39;⁵2&#39;</span> <span class='ocrx_word' id='word_1_207' title='bbox 1601 2465 1743 2473; x_wconf 74' lang='grc'><em>”“““</em></span> <span class='ocrx_word' id='word_1_208' title='bbox 1888 2469 1977 2529; x_wconf 89' lang='lat' dir='ltr'>sic</span> <span class='ocrx_word' id='word_1_209' title='bbox 2025 2462 2136 2525; x_wconf 90' lang='lat' dir='ltr'>EO</span> <span class='ocrx_word' id='word_1_210' title='bbox 2184 2462 2262 2523; x_wconf 88' lang='lat' dir='ltr'>ad</span> <span class='ocrx_word' id='word_1_211' title='bbox 2309 2459 2418 2532; x_wconf 91' lang='lat'>01,</span> <span class='ocrx_word' id='word_1_212' title='bbox 2468 2468 2530 2518; x_wconf 89' lang='lat' dir='ltr'>et</span> <span class='ocrx_word' id='word_1_213' title='bbox 2576 2464 2971 2536; x_wconf 85' lang='lat' dir='ltr'>permutatim</span> <span class='ocrx_word' id='word_1_214' title='bbox 3021 2476 3088 2528; x_wconf 93' lang='lat' dir='ltr'>ut</span> <span class='ocrx_word' id='word_1_215' title='bbox 3134 2469 3245 2530; x_wconf 91' lang='grc' dir='ltr'>ΡΟ</span> <span class='ocrx_word' id='word_1_216' title='bbox 3296 2474 3374 2534; x_wconf 92' lang='lat' dir='ltr'>ad</span> <span class='ocrx_word' id='word_1_217' title='bbox 3416 2473 3534 2537; x_wconf 88' lang='grc' dir='ltr'>ΟΕ</span> <span class='ocrx_word' id='word_1_218' title='bbox 3583 2482 3678 2543; x_wconf 85' lang='lat' dir='ltr'>sic</span> <span class='ocrx_word' id='word_1_219' title='bbox 3711 2481 3833 2545; x_wconf 85' lang='grc' dir='ltr'>ΚΟ</span> 
     </span>
     <span class='ocr_line' id='line_1_22' title="bbox 1085 2547 3833 2634; baseline 0 -1"><span class='ocrx_word' id='word_1_220' title='bbox 1085 2571 1165 2633; x_wconf 91' lang='lat' dir='ltr'>ad</span> <span class='ocrx_word' id='word_1_221' title='bbox 1231 2568 1339 2630; x_wconf 91' lang='lat'>01.</span> <span class='ocrx_word' id='word_1_222' title='bbox 1433 2566 1550 2626; x_wconf 87' lang='lat' dir='ltr'>Est</span> <span class='ocrx_word' id='word_1_223' title='bbox 1615 2569 1817 2621; x_wconf 91' lang='lat' dir='ltr'>autem</span> <span class='ocrx_word' id='word_1_224' title='bbox 1885 2553 2052 2617; x_wconf 89' lang='lat' dir='ltr'>EOP</span> <span class='ocrx_word' id='word_1_225' title='bbox 2118 2550 2388 2630; x_wconf 89' lang='lat' dir='ltr'>aequalis</span> <span class='ocrx_word' id='word_1_226' title='bbox 2449 2547 2665 2625; x_wconf 87' lang='lat' dir='ltr'>angulo</span> <span class='ocrx_word' id='word_1_227' title='bbox 2723 2547 2875 2610; x_wconf 75' lang='lat'>101&lt;</span> <span class='ocrx_word' id='word_1_228' title='bbox 2941 2555 3020 2615; x_wconf 92' lang='lat' dir='ltr'>ad</span> <span class='ocrx_word' id='word_1_229' title='bbox 3087 2560 3378 2623; x_wconf 82' lang='lat' dir='ltr'>verticem</span> <span class='ocrx_word' id='word_1_230' title='bbox 3442 2565 3590 2630; x_wconf 87' lang='lat' dir='ltr'>sito.</span> <span class='ocrx_word' id='word_1_231' title='bbox 3686 2572 3833 2634; x_wconf 89' lang='lat' dir='ltr'>Tri-</span> 
     </span>
     <span class='ocr_line' id='line_1_23' title="bbox 1085 2632 3837 2738; baseline 0 -24"><span class='ocrx_word' id='word_1_232' title='bbox 1085 2659 1311 2738; x_wconf 76' lang='lat' dir='ltr'>angula</span> <span class='ocrx_word' id='word_1_233' title='bbox 1375 2654 1557 2733; x_wconf 87' lang='lat' dir='ltr'>igitur</span> <span class='ocrx_word' id='word_1_234' title='bbox 1602 2648 1804 2721; x_wconf 90' lang='lat' dir='ltr'>EOP,</span> <span class='ocrx_word' id='word_1_235' title='bbox 1854 2643 2006 2707; x_wconf 89' lang='lat' dir='ltr'>IOK</span> <span class='ocrx_word' id='word_1_236' title='bbox 2056 2640 2156 2712; x_wconf 89' lang='lat' dir='ltr'>(E.</span> <span class='ocrx_word' id='word_1_237' title='bbox 2213 2640 2328 2711; x_wconf 77' lang='lat' dir='ltr'>VI,</span> <span class='ocrx_word' id='word_1_238' title='bbox 2382 2632 2451 2708; x_wconf 90' lang='grc'>6)</span> <span class='ocrx_word' id='word_1_239' title='bbox 2516 2643 2657 2695; x_wconf 90' lang='lat' dir='ltr'>sunt</span> <span class='ocrx_word' id='word_1_240' title='bbox 2717 2640 3126 2720; x_wconf 87' lang='lat' dir='ltr'>aequiangula</span> <span class='ocrx_word' id='word_1_241' title='bbox 3191 2656 3256 2708; x_wconf 90' lang='lat' dir='ltr'>et</span> <span class='ocrx_word' id='word_1_242' title='bbox 3322 2645 3622 2731; x_wconf 83' lang='lat' dir='ltr'>aequales</span> <span class='ocrx_word' id='word_1_243' title='bbox 3689 2669 3837 2722; x_wconf 83' lang='lat' dir='ltr'>sunt</span> 
     </span>
     <span class='ocr_line' id='line_1_24' title="bbox 1086 2723 3833 2828; baseline 0.001 -19"><span class='ocrx_word' id='word_1_244' title='bbox 1086 2746 1239 2809; x_wconf 85' lang='lat' dir='ltr'>OKI</span> <span class='ocrx_word' id='word_1_245' title='bbox 1287 2745 1383 2806; x_wconf 91' lang='lat' dir='ltr'>vel</span> <span class='ocrx_word' id='word_1_246' title='bbox 1428 2741 1574 2803; x_wconf 89' lang='lat' dir='ltr'>PKI</span> <span class='ocrx_word' id='word_1_247' title='bbox 1619 2747 1684 2799; x_wconf 88' lang='lat' dir='ltr'>et</span> <span class='ocrx_word' id='word_1_248' title='bbox 1729 2734 1892 2797; x_wconf 88' lang='lat' dir='ltr'>OPE</span> <span class='ocrx_word' id='word_1_249' title='bbox 1942 2734 2035 2793; x_wconf 86' lang='lat' dir='ltr'>vel</span> <span class='ocrx_word' id='word_1_250' title='bbox 2085 2728 2270 2789; x_wconf 86' lang='lat' dir='ltr'>KPE.</span> <span class='ocrx_word' id='word_1_251' title='bbox 2349 2725 2550 2795; x_wconf 86' lang='lat' dir='ltr'>Quare</span> <span class='ocrx_word' id='word_1_252' title='bbox 2600 2723 2701 2794; x_wconf 88' lang='lat' dir='ltr'>(E.</span> <span class='ocrx_word' id='word_1_253' title='bbox 2734 2725 2785 2797; x_wconf 81' lang='lat' dir='ltr'>I,</span> <span class='ocrx_word' id='word_1_254' title='bbox 2819 2724 2959 2804; x_wconf 80' lang='lat'><strong>28),</strong></span> <span class='ocrx_word' id='word_1_255' title='bbox 3008 2731 3116 2792; x_wconf 87' lang='grc' dir='ltr'>ΕΡ</span> <span class='ocrx_word' id='word_1_256' title='bbox 3163 2743 3226 2795; x_wconf 92' lang='lat' dir='ltr'>et</span> <span class='ocrx_word' id='word_1_257' title='bbox 3273 2736 3366 2799; x_wconf 89' lang='grc' dir='ltr'>ΚΙ</span> <span class='ocrx_word' id='word_1_258' title='bbox 3415 2752 3563 2805; x_wconf 89' lang='lat' dir='ltr'>sunt</span> <span class='ocrx_word' id='word_1_259' title='bbox 3610 2749 3833 2828; x_wconf 87' lang='lat' dir='ltr'>aequi-</span> 
     </span>
     <span class='ocr_line' id='line_1_25' title="bbox 1088 2812 3832 2914; baseline -0.003 -16"><span class='ocrx_word' id='word_1_260' title='bbox 1088 2836 1405 2898; x_wconf 87' lang='lat' dir='ltr'>distantes.</span> <span class='ocrx_word' id='word_1_261' title='bbox 1500 2830 1667 2890; x_wconf 88' lang='lat' dir='ltr'>Idem</span> <span class='ocrx_word' id='word_1_262' title='bbox 1734 2826 1917 2886; x_wconf 89' lang='lat' dir='ltr'>etiam</span> <span class='ocrx_word' id='word_1_263' title='bbox 1987 2821 2060 2881; x_wconf 90' lang='lat' dir='ltr'>de</span> <span class='ocrx_word' id='word_1_264' title='bbox 2107 2817 2271 2878; x_wconf 88' lang='lat' dir='ltr'>EPK</span> <span class='ocrx_word' id='word_1_265' title='bbox 2331 2825 2393 2875; x_wconf 88' lang='lat' dir='ltr'>et</span> <span class='ocrx_word' id='word_1_266' title='bbox 2438 2812 2573 2874; x_wconf 90' lang='lat' dir='ltr'>EPI</span> <span class='ocrx_word' id='word_1_267' title='bbox 2637 2830 2840 2875; x_wconf 82' lang='lat' dir='ltr'>verum</span> <span class='ocrx_word' id='word_1_268' title='bbox 2909 2827 3047 2894; x_wconf 87' lang='lat' dir='ltr'>est;</span> <span class='ocrx_word' id='word_1_269' title='bbox 3116 2840 3271 2901; x_wconf 90' lang='lat' dir='ltr'>quae</span> <span class='ocrx_word' id='word_1_270' title='bbox 3336 2827 3516 2891; x_wconf 86' lang='lat' dir='ltr'>basin</span> <span class='ocrx_word' id='word_1_271' title='bbox 3582 2835 3832 2914; x_wconf 82' lang='lat' dir='ltr'>quidem</span> 
     </span>
     <span class='ocr_line' id='line_1_26' title="bbox 1087 2898 3834 2998; baseline -0.002 -12"><span class='ocrx_word' id='word_1_272' title='bbox 1087 2939 1491 2990; x_wconf 88' lang='lat' dir='ltr'>communem,</span> <span class='ocrx_word' id='word_1_273' title='bbox 1538 2914 1844 2998; x_wconf 88' lang='lat' dir='ltr'>portiones</span> <span class='ocrx_word' id='word_1_274' title='bbox 1906 2928 2047 2971; x_wconf 81' lang='lat' dir='ltr'>vero</span> <span class='ocrx_word' id='word_1_275' title='bbox 2107 2901 2568 2985; x_wconf 86' lang='lat' dir='ltr'>aequidistantis</span> <span class='ocrx_word' id='word_1_276' title='bbox 2615 2901 2664 2960; x_wconf 89' lang='lat' dir='ltr'>F</span> <span class='ocrx_word' id='word_1_277' title='bbox 2669 2898 2728 2962; x_wconf 88' lang='lat' dir='ltr'>G</span> <span class='ocrx_word' id='word_1_278' title='bbox 2775 2907 3066 2984; x_wconf 88' lang='lat' dir='ltr'>aequales</span> <span class='ocrx_word' id='word_1_279' title='bbox 3125 2911 3542 2994; x_wconf 87' lang='lat' dir='ltr'>intercipiunt.</span> <span class='ocrx_word' id='word_1_280' title='bbox 3641 2924 3834 2987; x_wconf 82' lang='lat' dir='ltr'>Patet</span> 
     </span>
     <span class='ocr_line' id='line_1_27' title="bbox 1094 3007 2765 3094; baseline -0.005 -20"><span class='ocrx_word' id='word_1_281' title='bbox 1094 3031 1241 3094; x_wconf 88' lang='lat' dir='ltr'>ergo</span> <span class='ocrx_word' id='word_1_282' title='bbox 1288 3007 1681 3091; x_wconf 89' lang='lat' dir='ltr'>propositum.</span> <span class='ocrx_word' id='word_1_283' title='bbox 2525 3079 2537 3092; x_wconf 93' lang='lat'>.</span> <span class='ocrx_word' id='word_1_284' title='bbox 2753 3077 2765 3089; x_wconf 91' lang='lat'>.</span> 
     </span>
    </p>

    <p class='ocr_par' dir='ltr' id='par_1_10' title="bbox 1090 3084 3834 4051">
     <span class='ocr_line' id='line_1_28' title="bbox 1266 3084 3830 3162; baseline -0.004 -1"><span class='ocrx_word' id='word_1_285' title='bbox 1266 3102 1517 3162; x_wconf 88' lang='lat' dir='ltr'>Lemma</span> <span class='ocrx_word' id='word_1_286' title='bbox 1563 3095 1646 3155; x_wconf 92' lang='grc' dir='ltr'>ΙΙ.</span> <span class='ocrx_word' id='word_1_287' title='bbox 1694 3089 2038 3152; x_wconf 87' lang='lat' dir='ltr'>Problema.</span> <span class='ocrx_word' id='word_1_288' title='bbox 2116 3084 2474 3144; x_wconf 90' lang='lat' dir='ltr'>Punctum</span> <span class='ocrx_word' id='word_1_289' title='bbox 2523 3096 2883 3152; x_wconf 77' lang='lat' dir='ltr'>invenire,</span> <span class='ocrx_word' id='word_1_290' title='bbox 2936 3087 3126 3161; x_wconf 90' lang='lat' dir='ltr'>quod</span> <span class='ocrx_word' id='word_1_291' title='bbox 3175 3091 3502 3156; x_wconf 89' lang='lat' dir='ltr'>totidem</span> <span class='ocrx_word' id='word_1_292' title='bbox 3551 3096 3830 3161; x_wconf 79' lang='lat' dir='ltr'>diame-</span> 
     </span>
     <span class='ocr_line' id='line_1_29' title="bbox 1090 3166 3834 3254; baseline -0 -1"><span class='ocrx_word' id='word_1_293' title='bbox 1090 3191 1236 3254; x_wconf 89' lang='lat' dir='ltr'>tris</span> <span class='ocrx_word' id='word_1_294' title='bbox 1288 3184 1619 3250; x_wconf 89' lang='lat' dir='ltr'>lucentis</span> <span class='ocrx_word' id='word_1_295' title='bbox 1669 3181 1919 3242; x_wconf 91' lang='lat' dir='ltr'>distet</span> <span class='ocrx_word' id='word_1_296' title='bbox 1965 3196 2002 3234; x_wconf 93' lang='lat' dir='ltr'>a</span> <span class='ocrx_word' id='word_1_297' title='bbox 2050 3175 2379 3243; x_wconf 89' lang='lat' dir='ltr'>lucente,</span> <span class='ocrx_word' id='word_1_298' title='bbox 2431 3175 2608 3248; x_wconf 91' lang='lat' dir='ltr'>quot</span> <span class='ocrx_word' id='word_1_299' title='bbox 2664 3166 3062 3233; x_wconf 87' lang='lat' dir='ltr'>diametris</span> <span class='ocrx_word' id='word_1_300' title='bbox 3122 3176 3530 3244; x_wconf 89' lang='lat' dir='ltr'>fenestrae</span> <span class='ocrx_word' id='word_1_301' title='bbox 3582 3186 3834 3252; x_wconf 85' lang='lat' dir='ltr'>distat</span> 
     </span>
     <span class='ocr_line' id='line_1_30' title="bbox 1093 3255 3831 3356; baseline -0.004 -17"><span class='ocrx_word' id='word_1_302' title='bbox 1093 3302 1131 3341; x_wconf 89' lang='lat' dir='ltr'>a</span> <span class='ocrx_word' id='word_1_303' title='bbox 1178 3280 1536 3339; x_wconf 81' lang='lat' dir='ltr'>fenestra.</span> <span class='ocrx_word' id='word_1_304' title='bbox 1632 3269 1731 3330; x_wconf 90' lang='lat' dir='ltr'>Sit</span> <span class='ocrx_word' id='word_1_305' title='bbox 1773 3266 1941 3330; x_wconf 67' lang='lat' dir='ltr'>NEP</span> <span class='ocrx_word' id='word_1_306' title='bbox 2006 3263 2301 3323; x_wconf 86' lang='lat' dir='ltr'>diameter</span> <span class='ocrx_word' id='word_1_307' title='bbox 2366 3255 2645 3329; x_wconf 81' lang='lat' dir='ltr'>lucentiS,</span> <span class='ocrx_word' id='word_1_308' title='bbox 2714 3256 2887 3334; x_wconf 90' lang='lat' dir='ltr'>eique</span> <span class='ocrx_word' id='word_1_309' title='bbox 2955 3264 3373 3340; x_wconf 87' lang='lat' dir='ltr'>aequidistans</span> <span class='ocrx_word' id='word_1_310' title='bbox 3430 3279 3498 3332; x_wconf 91' lang='lat' dir='ltr'>et</span> <span class='ocrx_word' id='word_1_311' title='bbox 3556 3292 3831 3356; x_wconf 79' lang='lat' dir='ltr'>perpen-</span> 
     </span>
     <span class='ocr_line' id='line_1_31' title="bbox 1097 3345 3833 3437; baseline -0.004 -9"><span class='ocrx_word' id='word_1_312' title='bbox 1097 3365 1454 3429; x_wconf 86' lang='lat' dir='ltr'>diculariter</span> <span class='ocrx_word' id='word_1_313' title='bbox 1521 3360 1799 3437; x_wconf 83' lang='lat' dir='ltr'>subjecta</span> <span class='ocrx_word' id='word_1_314' title='bbox 1861 3350 2027 3414; x_wconf 84' lang='lat' dir='ltr'>FOG</span> <span class='ocrx_word' id='word_1_315' title='bbox 2099 3350 2395 3411; x_wconf 86' lang='lat' dir='ltr'>diameter</span> <span class='ocrx_word' id='word_1_316' title='bbox 2460 3345 2795 3417; x_wconf 88' lang='lat' dir='ltr'>fenestrae,</span> <span class='ocrx_word' id='word_1_317' title='bbox 2866 3357 2931 3408; x_wconf 93' lang='lat' dir='ltr'>et</span> <span class='ocrx_word' id='word_1_318' title='bbox 2994 3348 3108 3412; x_wconf 89' lang='lat' dir='ltr'>EO</span> <span class='ocrx_word' id='word_1_319' title='bbox 3168 3358 3695 3434; x_wconf 77' lang='lat' dir='ltr'>perpendicularis</span> <span class='ocrx_word' id='word_1_320' title='bbox 3754 3366 3833 3427; x_wconf 62' lang='lat' dir='ltr'>ad</span> 
     </span>
     <span class='ocr_line' id='line_1_32' title="bbox 1098 3435 3826 3532; baseline -0.005 -14"><span class='ocrx_word' id='word_1_321' title='bbox 1098 3465 1439 3532; x_wconf 87' lang='lat' dir='ltr'>utramque.</span> <span class='ocrx_word' id='word_1_322' title='bbox 1533 3449 1844 3509; x_wconf 90' lang='lat' dir='ltr'>Ducantur</span> <span class='ocrx_word' id='word_1_323' title='bbox 1892 3462 1965 3503; x_wconf 84' lang='lat' dir='ltr'>ex</span> <span class='ocrx_word' id='word_1_324' title='bbox 2011 3441 2066 3502; x_wconf 71' lang='lat' dir='ltr'>N</span> <span class='ocrx_word' id='word_1_325' title='bbox 2117 3448 2181 3498; x_wconf 91' lang='lat' dir='ltr'>et</span> <span class='ocrx_word' id='word_1_326' title='bbox 2228 3438 2277 3498; x_wconf 91' lang='lat' dir='ltr'>P</span> <span class='ocrx_word' id='word_1_327' title='bbox 2324 3443 2524 3497; x_wconf 89' lang='lat' dir='ltr'>rectae</span> <span class='ocrx_word' id='word_1_328' title='bbox 2580 3452 2688 3514; x_wconf 90' lang='lat' dir='ltr'>per</span> <span class='ocrx_word' id='word_1_329' title='bbox 2733 3435 2781 3493; x_wconf 86' lang='lat' dir='ltr'><strong>F</strong></span> <span class='ocrx_word' id='word_1_330' title='bbox 2828 3445 2891 3496; x_wconf 92' lang='lat' dir='ltr'>et</span> <span class='ocrx_word' id='word_1_331' title='bbox 2939 3435 2998 3498; x_wconf 91' lang='lat' dir='ltr'><strong>G</strong></span> <span class='ocrx_word' id='word_1_332' title='bbox 3047 3443 3365 3518; x_wconf 82' lang='lat' dir='ltr'>terminos,</span> <span class='ocrx_word' id='word_1_333' title='bbox 3425 3447 3626 3512; x_wconf 89' lang='lat' dir='ltr'>donec</span> <span class='ocrx_word' id='word_1_334' title='bbox 3673 3472 3826 3515; x_wconf 88' lang='lat' dir='ltr'>con..</span> 
     </span>
     <span class='ocr_line' id='line_1_33' title="bbox 1095 3525 3829 3606; baseline -0 0"><span class='ocrx_word' id='word_1_335' title='bbox 1095 3551 1364 3606; x_wconf 89' lang='lat' dir='ltr'>currant.</span> <span class='ocrx_word' id='word_1_336' title='bbox 1461 3537 1805 3599; x_wconf 87' lang='lat' dir='ltr'>Concursus</span> <span class='ocrx_word' id='word_1_337' title='bbox 1852 3532 1935 3593; x_wconf 90' lang='lat' dir='ltr'>sit</span> <span class='ocrx_word' id='word_1_338' title='bbox 1980 3530 2051 3590; x_wconf 91' lang='lat' dir='ltr'>I:</span> <span class='ocrx_word' id='word_1_339' title='bbox 2112 3527 2243 3587; x_wconf 92' lang='lat' dir='ltr'>dico</span> <span class='ocrx_word' id='word_1_340' title='bbox 2292 3525 2405 3585; x_wconf 85' lang='lat' dir='ltr'>hoc</span> <span class='ocrx_word' id='word_1_341' title='bbox 2455 3543 2588 3583; x_wconf 92' lang='lat' dir='ltr'>esse</span> <span class='ocrx_word' id='word_1_342' title='bbox 2643 3531 2924 3601; x_wconf 87' lang='lat' dir='ltr'>punctum</span> <span class='ocrx_word' id='word_1_343' title='bbox 2982 3526 3357 3606; x_wconf 88' lang='lat' dir='ltr'>imperatum.</span> <span class='ocrx_word' id='word_1_344' title='bbox 3455 3535 3614 3601; x_wconf 88' lang='lat' dir='ltr'>Cum</span> <span class='ocrx_word' id='word_1_345' title='bbox 3666 3543 3829 3604; x_wconf 88' lang='lat' dir='ltr'>enim</span> 
     </span>
     <span class='ocr_line' id='line_1_34' title="bbox 1095 3608 3831 3706; baseline -0.003 -12"><span class='ocrx_word' id='word_1_346' title='bbox 1095 3633 1157 3694; x_wconf 91' lang='lat' dir='ltr'>in</span> <span class='ocrx_word' id='word_1_347' title='bbox 1209 3629 1512 3706; x_wconf 88' lang='lat' dir='ltr'>triangulo</span> <span class='ocrx_word' id='word_1_348' title='bbox 1560 3623 1706 3687; x_wconf 80' lang='lat' dir='ltr'>ME</span> <span class='ocrx_word' id='word_1_349' title='bbox 1757 3620 1932 3682; x_wconf 83' lang='lat' dir='ltr'>lateri</span> <span class='ocrx_word' id='word_1_350' title='bbox 1980 3618 2092 3680; x_wconf 75' lang='lat' dir='ltr'>M:</span> <span class='ocrx_word' id='word_1_351' title='bbox 2141 3614 2506 3693; x_wconf 87' lang='lat' dir='ltr'>aequidistet</span> <span class='ocrx_word' id='word_1_352' title='bbox 2550 3608 2687 3680; x_wconf 85' lang='lat' dir='ltr'>FO,</span> <span class='ocrx_word' id='word_1_353' title='bbox 2746 3612 2863 3673; x_wconf 89' lang='lat' dir='ltr'>erit</span> <span class='ocrx_word' id='word_1_354' title='bbox 2926 3624 2991 3676; x_wconf 92' lang='lat' dir='ltr'>ut</span> <span class='ocrx_word' id='word_1_355' title='bbox 3038 3615 3127 3677; x_wconf 89' lang='lat'>10</span> <span class='ocrx_word' id='word_1_356' title='bbox 3187 3621 3263 3680; x_wconf 88' lang='lat' dir='ltr'>ad</span> <span class='ocrx_word' id='word_1_357' title='bbox 3312 3618 3425 3682; x_wconf 88' lang='lat' dir='ltr'>OF</span> <span class='ocrx_word' id='word_1_358' title='bbox 3472 3626 3564 3687; x_wconf 89' lang='lat' dir='ltr'>sic</span> <span class='ocrx_word' id='word_1_359' title='bbox 3613 3629 3705 3690; x_wconf 92' lang='grc' dir='ltr'>ῙΕ</span> <span class='ocrx_word' id='word_1_360' title='bbox 3754 3633 3831 3693; x_wconf 78' lang='lat' dir='ltr'>ad</span> 
     </span>
     <span class='ocr_line' id='line_1_35' title="bbox 1098 3699 3832 3797; baseline 0.002 -21"><span class='ocrx_word' id='word_1_361' title='bbox 1098 3721 1255 3791; x_wconf 87' lang='lat' dir='ltr'>EN,</span> <span class='ocrx_word' id='word_1_362' title='bbox 1325 3736 1508 3797; x_wconf 89' lang='lat' dir='ltr'>quare</span> <span class='ocrx_word' id='word_1_363' title='bbox 1556 3722 1623 3775; x_wconf 92' lang='lat' dir='ltr'>ut</span> <span class='ocrx_word' id='word_1_364' title='bbox 1671 3710 1793 3783; x_wconf 91' lang='lat'>10,</span> <span class='ocrx_word' id='word_1_365' title='bbox 1863 3706 2154 3770; x_wconf 82' lang='lat' dir='ltr'>distantia</span> <span class='ocrx_word' id='word_1_366' title='bbox 2200 3704 2231 3764; x_wconf 96' lang='lat' dir='ltr'>I</span> <span class='ocrx_word' id='word_1_367' title='bbox 2279 3702 2356 3762; x_wconf 88' lang='lat' dir='ltr'>ab</span> <span class='ocrx_word' id='word_1_368' title='bbox 2405 3699 2479 3775; x_wconf 89' lang='lat' dir='ltr'>O,</span> <span class='ocrx_word' id='word_1_369' title='bbox 2529 3701 2604 3761; x_wconf 87' lang='lat' dir='ltr'>ad</span> <span class='ocrx_word' id='word_1_370' title='bbox 2653 3699 2762 3760; x_wconf 79' lang='lat' dir='ltr'>FG</span> <span class='ocrx_word' id='word_1_371' title='bbox 2812 3702 3080 3781; x_wconf 88' lang='lat' dir='ltr'>duplam,</span> <span class='ocrx_word' id='word_1_372' title='bbox 3146 3726 3299 3786; x_wconf 88' lang='lat' dir='ltr'>quae</span> <span class='ocrx_word' id='word_1_373' title='bbox 3361 3720 3461 3772; x_wconf 88' lang='lat' dir='ltr'>est</span> <span class='ocrx_word' id='word_1_374' title='bbox 3523 3714 3832 3781; x_wconf 87' lang='lat' dir='ltr'>diameter</span> 
     </span>
     <span class='ocr_line' id='line_1_36' title="bbox 1097 3790 3829 3880; baseline -0.001 -8"><span class='ocrx_word' id='word_1_375' title='bbox 1097 3813 1427 3880; x_wconf 83' lang='lat' dir='ltr'>fenestrae,</span> <span class='ocrx_word' id='word_1_376' title='bbox 1479 3803 1564 3864; x_wconf 90' lang='lat' dir='ltr'>sic</span> <span class='ocrx_word' id='word_1_377' title='bbox 1604 3801 1688 3861; x_wconf 86' lang='grc' dir='ltr'>ΙΕ</span> <span class='ocrx_word' id='word_1_378' title='bbox 1738 3798 2029 3859; x_wconf 86' lang='lat' dir='ltr'>distantia</span> <span class='ocrx_word' id='word_1_379' title='bbox 2072 3796 2101 3855; x_wconf 91' lang='grc' dir='ltr'>Ι</span> <span class='ocrx_word' id='word_1_380' title='bbox 2149 3793 2225 3853; x_wconf 88' lang='lat' dir='ltr'>ab</span> <span class='ocrx_word' id='word_1_381' title='bbox 2266 3791 2320 3851; x_wconf 88' lang='lat' dir='ltr'>E</span> <span class='ocrx_word' id='word_1_382' title='bbox 2372 3791 2602 3850; x_wconf 85' lang='lat' dir='ltr'>lucente</span> <span class='ocrx_word' id='word_1_383' title='bbox 2651 3790 2727 3849; x_wconf 87' lang='lat' dir='ltr'>ad</span> <span class='ocrx_word' id='word_1_384' title='bbox 2767 3790 2896 3864; x_wconf 77' lang='lat' dir='ltr'>NP,</span> <span class='ocrx_word' id='word_1_385' title='bbox 2945 3793 3188 3871; x_wconf 88' lang='lat' dir='ltr'>duplam</span> <span class='ocrx_word' id='word_1_386' title='bbox 3237 3797 3317 3857; x_wconf 89' lang='lat' dir='ltr'>ad</span> <span class='ocrx_word' id='word_1_387' title='bbox 3346 3798 3462 3860; x_wconf 71' lang='lat' dir='ltr'>NE</span> <span class='ocrx_word' id='word_1_388' title='bbox 3512 3812 3579 3864; x_wconf 89' lang='lat' dir='ltr'>et</span> <span class='ocrx_word' id='word_1_389' title='bbox 3630 3806 3829 3868; x_wconf 90' lang='lat' dir='ltr'>dime-</span> 
     </span>
     <span class='ocr_line' id='line_1_37' title="bbox 1097 3878 3827 3967; baseline -0.001 -5"><span class='ocrx_word' id='word_1_390' title='bbox 1097 3899 1349 3962; x_wconf 88' lang='lat' dir='ltr'>tientem</span> <span class='ocrx_word' id='word_1_391' title='bbox 1417 3891 1710 3963; x_wconf 78' lang='lat' dir='ltr'>lucent-iS,</span> <span class='ocrx_word' id='word_1_392' title='bbox 1781 3887 1935 3967; x_wconf 90' lang='lat' dir='ltr'>quod</span> <span class='ocrx_word' id='word_1_393' title='bbox 2004 3892 2134 3945; x_wconf 86' lang='lat' dir='ltr'>erat</span> <span class='ocrx_word' id='word_1_394' title='bbox 2201 3879 2557 3941; x_wconf 88' lang='lat' dir='ltr'>faciendum.</span> <span class='ocrx_word' id='word_1_395' title='bbox 2670 3878 2824 3939; x_wconf 88' lang='lat' dir='ltr'>Ilinc</span> <span class='ocrx_word' id='word_1_396' title='bbox 2901 3891 3101 3942; x_wconf 89' lang='lat' dir='ltr'>autem</span> <span class='ocrx_word' id='word_1_397' title='bbox 3174 3893 3387 3962; x_wconf 87' lang='lat' dir='ltr'>patet,</span> <span class='ocrx_word' id='word_1_398' title='bbox 3457 3888 3827 3957; x_wconf 86' lang='lat' dir='ltr'>diametrum</span> 
     </span>
     <span class='ocr_line' id='line_1_38' title="bbox 1102 3968 2760 4051; baseline -0.014 0"><span class='ocrx_word' id='word_1_399' title='bbox 1102 3990 1406 4051; x_wconf 90' lang='lat' dir='ltr'>fenestrae</span> <span class='ocrx_word' id='word_1_400' title='bbox 1456 3980 1674 4043; x_wconf 88' lang='lat' dir='ltr'>debere</span> <span class='ocrx_word' id='word_1_401' title='bbox 1723 3977 2012 4038; x_wconf 86' lang='lat' dir='ltr'>minorem</span> <span class='ocrx_word' id='word_1_402' title='bbox 2062 3990 2214 4044; x_wconf 86' lang='lat' dir='ltr'>esse,</span> <span class='ocrx_word' id='word_1_403' title='bbox 2266 3987 2441 4047; x_wconf 90' lang='lat' dir='ltr'>quam</span> <span class='ocrx_word' id='word_1_404' title='bbox 2490 3968 2760 4027; x_wconf 78' lang='lat' dir='ltr'>lucentis,</span> 
     </span>
    </p>
   </div>
   <div class='ocr_carea' id='block_1_3' title="bbox 1327 2469 1533 2477">
    <p class='ocr_par' dir='ltr' id='par_1_11' title="bbox 1327 2469 1533 2477">
     <span class='ocr_line' id='line_1_39' title="bbox 1327 2469 1533 2477; baseline 0 3715"><span class='ocrx_word' id='word_1_405' title='bbox 1327 2469 1533 2477; x_wconf 95' lang='lat' dir='ltr'> </span> 
     </span>
    </p>
   </div>
   <div class='ocr_carea' id='block_1_4' title="bbox 1099 4055 3829 4948">
    <p class='ocr_par' dir='ltr' id='par_1_12' title="bbox 1099 4055 3829 4948">
     <span class='ocr_line' id='line_1_40' title="bbox 1282 4055 3826 4150; baseline -0.008 -14"><span class='ocrx_word' id='word_1_406' title='bbox 1282 4076 1464 4150; x_wconf 88' lang='lat' dir='ltr'>Prop.</span> <span class='ocrx_word' id='word_1_407' title='bbox 1498 4070 1612 4130; x_wconf 87' lang='lat' dir='ltr'>VI.</span> <span class='ocrx_word' id='word_1_408' title='bbox 1666 4065 1833 4128; x_wconf 88' lang='lat' dir='ltr'>Cum</span> <span class='ocrx_word' id='word_1_409' title='bbox 1887 4066 2221 4123; x_wconf 86' lang='lat' dir='ltr'>fenestra</span> <span class='ocrx_word' id='word_1_410' title='bbox 2268 4057 2590 4117; x_wconf 87' lang='lat' dir='ltr'>totidem</span> <span class='ocrx_word' id='word_1_411' title='bbox 2639 4056 2796 4115; x_wconf 89' lang='lat' dir='ltr'>suis</span> <span class='ocrx_word' id='word_1_412' title='bbox 2845 4055 3826 4147; x_wconf 65' lang='lat' dir='ltr'>dimetientibusapariete</span> 
     </span>
     <span class='ocr_line' id='line_1_41' title="bbox 1100 4145 3829 4239; baseline -0.006 -11"><span class='ocrx_word' id='word_1_413' title='bbox 1100 4166 1384 4235; x_wconf 87' lang='lat' dir='ltr'>distat,</span> <span class='ocrx_word' id='word_1_414' title='bbox 1458 4165 1637 4239; x_wconf 91' lang='lat' dir='ltr'>quot</span> <span class='ocrx_word' id='word_1_415' title='bbox 1702 4152 2152 4233; x_wconf 88' lang='lat' dir='ltr'>superficies</span> <span class='ocrx_word' id='word_1_416' title='bbox 2221 4147 2471 4207; x_wconf 87' lang='lat' dir='ltr'>lucens</span> <span class='ocrx_word' id='word_1_417' title='bbox 2538 4145 2735 4205; x_wconf 88' lang='lat' dir='ltr'>suis:</span> <span class='ocrx_word' id='word_1_418' title='bbox 2805 4147 3143 4207; x_wconf 83' lang='lat' dir='ltr'>confusio</span> <span class='ocrx_word' id='word_1_419' title='bbox 3223 4151 3639 4229; x_wconf 85' lang='lat' dir='ltr'>figurarum</span> <span class='ocrx_word' id='word_1_420' title='bbox 3709 4169 3829 4224; x_wconf 66' lang='lat' dir='ltr'>est</span> 
     </span>
     <span class='ocr_line' id='line_1_42' title="bbox 1099 4234 3826 4329; baseline -0.004 -14"><span class='ocrx_word' id='word_1_421' title='bbox 1099 4248 1703 4316; x_wconf 88' lang='lat' dir='ltr'>evidentissima,</span> <span class='ocrx_word' id='word_1_422' title='bbox 1753 4253 1824 4304; x_wconf 93' lang='lat' dir='ltr'>et</span> <span class='ocrx_word' id='word_1_423' title='bbox 1873 4242 2111 4319; x_wconf 85' lang='lat' dir='ltr'>figura</span> <span class='ocrx_word' id='word_1_424' title='bbox 2157 4234 2347 4297; x_wconf 87' lang='lat' dir='ltr'>radii</span> <span class='ocrx_word' id='word_1_425' title='bbox 2398 4253 2482 4294; x_wconf 81' lang='lat' dir='ltr'>ex</span> <span class='ocrx_word' id='word_1_426' title='bbox 2542 4253 2766 4313; x_wconf 86' lang='lat' dir='ltr'>aequo</span> <span class='ocrx_word' id='word_1_427' title='bbox 2823 4235 3243 4315; x_wconf 87' lang='lat' dir='ltr'>participat</span> <span class='ocrx_word' id='word_1_428' title='bbox 3290 4239 3374 4299; x_wconf 92' lang='lat' dir='ltr'>de</span> <span class='ocrx_word' id='word_1_429' title='bbox 3422 4245 3826 4329; x_wconf 78' lang='lat' dir='ltr'>utriusque</span> 
     </span>
     <span class='ocr_line' id='line_1_43' title="bbox 1102 4322 3828 4421; baseline -0.01 -17"><span class='ocrx_word' id='word_1_430' title='bbox 1102 4342 1380 4421; x_wconf 86' lang='lat' dir='ltr'>figura.</span> <span class='ocrx_word' id='word_1_431' title='bbox 1475 4337 1578 4397; x_wconf 91' lang='lat' dir='ltr'>At</span> <span class='ocrx_word' id='word_1_432' title='bbox 1623 4352 1772 4395; x_wconf 90' lang='lat' dir='ltr'>cum</span> <span class='ocrx_word' id='word_1_433' title='bbox 1821 4328 2294 4410; x_wconf 89' lang='lat' dir='ltr'>paucioribus</span> <span class='ocrx_word' id='word_1_434' title='bbox 2344 4324 2499 4384; x_wconf 84' lang='lat' dir='ltr'>suis</span> <span class='ocrx_word' id='word_1_435' title='bbox 2547 4322 3116 4391; x_wconf 88' lang='lat' dir='ltr'>dimetientibus</span> <span class='ocrx_word' id='word_1_436' title='bbox 3165 4327 3386 4389; x_wconf 86' lang='lat' dir='ltr'>abest</span> <span class='ocrx_word' id='word_1_437' title='bbox 3433 4351 3472 4391; x_wconf 82' lang='lat' dir='ltr'>a</span> <span class='ocrx_word' id='word_1_438' title='bbox 3519 4337 3828 4411; x_wconf 64' lang='lat' dir='ltr'>pariete</span> 
     </span>
     <span class='ocr_line' id='line_1_44' title="bbox 1101 4412 3828 4503; baseline -0.008 -10"><span class='ocrx_word' id='word_1_439' title='bbox 1101 4434 1467 4499; x_wconf 72' lang='lat' dir='ltr'>fenestra,</span> <span class='ocrx_word' id='word_1_440' title='bbox 1523 4425 1766 4503; x_wconf 86' lang='lat' dir='ltr'>figura</span> <span class='ocrx_word' id='word_1_441' title='bbox 1814 4418 2005 4496; x_wconf 76' lang='lat' dir='ltr'>radii</span> <span class='ocrx_word' id='word_1_442' title='bbox 2055 4418 2392 4493; x_wconf 89' lang='lat' dir='ltr'>situsque</span> <span class='ocrx_word' id='word_1_443' title='bbox 2441 4412 2601 4492; x_wconf 90' lang='lat' dir='ltr'>ejus</span> <span class='ocrx_word' id='word_1_444' title='bbox 2649 4412 2953 4491; x_wconf 91' lang='lat' dir='ltr'>propius</span> <span class='ocrx_word' id='word_1_445' title='bbox 3002 4415 3305 4477; x_wconf 87' lang='lat' dir='ltr'>accedit</span> <span class='ocrx_word' id='word_1_446' title='bbox 3351 4418 3445 4478; x_wconf 93' lang='lat' dir='ltr'>ad</span> <span class='ocrx_word' id='word_1_447' title='bbox 3495 4421 3828 4501; x_wconf 63' lang='lat' dir='ltr'>figuram</span> 
     </span>
     <span class='ocr_line' id='line_1_45' title="bbox 1101 4500 3828 4583; baseline -0.008 -2"><span class='ocrx_word' id='word_1_448' title='bbox 1101 4521 1498 4583; x_wconf 81' lang='lat' dir='ltr'>fenestrae.</span> <span class='ocrx_word' id='word_1_449' title='bbox 1613 4511 1782 4573; x_wconf 89' lang='lat' dir='ltr'>Cum</span> <span class='ocrx_word' id='word_1_450' title='bbox 1857 4527 2030 4568; x_wconf 85' lang='lat' dir='ltr'>vero</span> <span class='ocrx_word' id='word_1_451' title='bbox 2098 4507 2362 4567; x_wconf 86' lang='lat' dir='ltr'>lucens</span> <span class='ocrx_word' id='word_1_452' title='bbox 2434 4500 2923 4579; x_wconf 86' lang='lat' dir='ltr'>paucioribus</span> <span class='ocrx_word' id='word_1_453' title='bbox 3001 4502 3155 4563; x_wconf 89' lang='lat' dir='ltr'>suis</span> <span class='ocrx_word' id='word_1_454' title='bbox 3245 4505 3828 4576; x_wconf 67' lang='lat' dir='ltr'>dimetientibug</span> 
     </span>
     <span class='ocr_line' id='line_1_46' title="bbox 1101 4590 3827 4682; baseline -0.005 -10"><span class='ocrx_word' id='word_1_455' title='bbox 1101 4610 1315 4672; x_wconf 87' lang='lat' dir='ltr'>abest</span> <span class='ocrx_word' id='word_1_456' title='bbox 1378 4628 1414 4666; x_wconf 86' lang='lat' dir='ltr'>a</span> <span class='ocrx_word' id='word_1_457' title='bbox 1477 4602 1790 4682; x_wconf 84' lang='lat' dir='ltr'>pariete,</span> <span class='ocrx_word' id='word_1_458' title='bbox 1867 4598 2115 4677; x_wconf 88' lang='lat' dir='ltr'>figura</span> <span class='ocrx_word' id='word_1_459' title='bbox 2181 4590 2372 4654; x_wconf 88' lang='lat' dir='ltr'>radii</span> <span class='ocrx_word' id='word_1_460' title='bbox 2421 4590 2649 4669; x_wconf 88' lang='lat' dir='ltr'>magis</span> <span class='ocrx_word' id='word_1_461' title='bbox 2716 4591 3052 4651; x_wconf 89' lang='lat' dir='ltr'>imitatur</span> <span class='ocrx_word' id='word_1_462' title='bbox 3117 4592 3430 4671; x_wconf 88' lang='lat' dir='ltr'>figuram</span> <span class='ocrx_word' id='word_1_463' title='bbox 3496 4596 3827 4665; x_wconf 81' lang='lat' dir='ltr'>lucentis</span> 
     </span>
     <span class='ocr_line' id='line_1_47' title="bbox 1101 4678 3828 4769; baseline -0.009 -9"><span class='ocrx_word' id='word_1_464' title='bbox 1101 4715 1360 4760; x_wconf 88' lang='lat' dir='ltr'>everso</span> <span class='ocrx_word' id='word_1_465' title='bbox 1408 4693 1582 4765; x_wconf 89' lang='lat' dir='ltr'>situ,</span> <span class='ocrx_word' id='word_1_466' title='bbox 1634 4699 1710 4751; x_wconf 91' lang='lat' dir='ltr'>et</span> <span class='ocrx_word' id='word_1_467' title='bbox 1757 4708 1888 4769; x_wconf 91' lang='lat' dir='ltr'>quo</span> <span class='ocrx_word' id='word_1_468' title='bbox 1929 4685 2160 4765; x_wconf 87' lang='lat' dir='ltr'>magis</span> <span class='ocrx_word' id='word_1_469' title='bbox 2217 4680 2428 4752; x_wconf 90' lang='lat' dir='ltr'>illud,</span> <span class='ocrx_word' id='word_1_470' title='bbox 2489 4680 2620 4740; x_wconf 85' lang='lat' dir='ltr'>hoc</span> <span class='ocrx_word' id='word_1_471' title='bbox 2673 4678 2904 4758; x_wconf 85' lang='lat' dir='ltr'>magis</span> <span class='ocrx_word' id='word_1_472' title='bbox 2962 4689 3035 4740; x_wconf 89' lang='lat' dir='ltr'>et</span> <span class='ocrx_word' id='word_1_473' title='bbox 3088 4680 3236 4743; x_wconf 89' lang='lat' dir='ltr'>hoc.</span> <span class='ocrx_word' id='word_1_474' title='bbox 3324 4681 3422 4744; x_wconf 89' lang='lat' dir='ltr'>Sit</span> <span class='ocrx_word' id='word_1_475' title='bbox 3469 4690 3828 4767; x_wconf 61' lang='lat' dir='ltr'>superficie,</span> 
     </span>
     <span class='ocr_line' id='line_1_48' title="bbox 1101 4768 3826 4855; baseline -0.012 -4"><span class='ocrx_word' id='word_1_476' title='bbox 1101 4790 1306 4852; x_wconf 89' lang='lat' dir='ltr'>lucens</span> <span class='ocrx_word' id='word_1_477' title='bbox 1355 4779 1655 4855; x_wconf 83' lang='lat' dir='ltr'>QRSPN,</span> <span class='ocrx_word' id='word_1_478' title='bbox 1704 4786 1909 4840; x_wconf 89' lang='lat' dir='ltr'>centro</span> <span class='ocrx_word' id='word_1_479' title='bbox 1955 4775 2036 4841; x_wconf 78' lang='lat' dir='ltr'>E,</span> <span class='ocrx_word' id='word_1_480' title='bbox 2087 4773 2380 4833; x_wconf 83' lang='lat' dir='ltr'>diametro</span> <span class='ocrx_word' id='word_1_481' title='bbox 2426 4769 2556 4836; x_wconf 67' lang='lat' dir='ltr'>NP,</span> <span class='ocrx_word' id='word_1_482' title='bbox 2606 4770 2689 4829; x_wconf 86' lang='lat' dir='ltr'>sit</span> <span class='ocrx_word' id='word_1_483' title='bbox 2734 4778 2797 4830; x_wconf 90' lang='lat' dir='ltr'>et</span> <span class='ocrx_word' id='word_1_484' title='bbox 2843 4769 3110 4829; x_wconf 88' lang='lat' dir='ltr'>fenestra</span> <span class='ocrx_word' id='word_1_485' title='bbox 3148 4768 3340 4844; x_wconf 84' lang='lat' dir='ltr'>FOG,</span> <span class='ocrx_word' id='word_1_486' title='bbox 3385 4772 3642 4838; x_wconf 75' lang='lat' dir='ltr'>011in</span> <span class='ocrx_word' id='word_1_487' title='bbox 3686 4780 3826 4841; x_wconf 58' lang='lat' dir='ltr'>di,-</span> 
     </span>
     <span class='ocr_line' id='line_1_49' title="bbox 1103 4857 3827 4948; baseline -0.007 -8"><span class='ocrx_word' id='word_1_488' title='bbox 1103 4884 1294 4941; x_wconf 89' lang='lat' dir='ltr'>meter</span> <span class='ocrx_word' id='word_1_489' title='bbox 1340 4883 1404 4936; x_wconf 92' lang='lat' dir='ltr'>et</span> <span class='ocrx_word' id='word_1_490' title='bbox 1451 4878 1586 4933; x_wconf 90' lang='lat' dir='ltr'>tota</span> <span class='ocrx_word' id='word_1_491' title='bbox 1638 4870 1830 4948; x_wconf 86' lang='lat' dir='ltr'>figura</span> <span class='ocrx_word' id='word_1_492' title='bbox 1885 4861 2249 4942; x_wconf 85' lang='lat' dir='ltr'>aequidistet</span> <span class='ocrx_word' id='word_1_493' title='bbox 2304 4857 2877 4936; x_wconf 87' lang='lat' dir='ltr'>perpendiculariter</span> <span class='ocrx_word' id='word_1_494' title='bbox 2941 4857 3234 4934; x_wconf 89' lang='lat' dir='ltr'>subjecta.</span> <span class='ocrx_word' id='word_1_495' title='bbox 3320 4860 3602 4925; x_wconf 74' lang='lat' dir='ltr'>Ducatur</span> <span class='ocrx_word' id='word_1_496' title='bbox 3650 4886 3728 4929; x_wconf 83' lang='lat' dir='ltr'>ex</span> <span class='ocrx_word' id='word_1_497' title='bbox 3771 4868 3827 4929; x_wconf 89' lang='grc' dir='ltr'>Ε</span> 
     </span>
    </p>
   </div>
   <div class='ocr_carea' id='block_1_5' title="bbox 1100 4945 3826 5129">
    <p class='ocr_par' dir='ltr' id='par_1_13' title="bbox 1100 4945 3826 5129">
     <span class='ocr_line' id='line_1_50' title="bbox 1100 4945 3826 5048; baseline -0.007 -19"><span class='ocrx_word' id='word_1_498' title='bbox 1100 4959 1612 5048; x_wconf 87' lang='lat' dir='ltr'>perpendicularis</span> <span class='ocrx_word' id='word_1_499' title='bbox 1658 4976 1767 5037; x_wconf 90' lang='lat' dir='ltr'>per</span> <span class='ocrx_word' id='word_1_500' title='bbox 1813 4953 1907 5026; x_wconf 92' lang='grc' dir='ltr'>Ο,</span> <span class='ocrx_word' id='word_1_501' title='bbox 1973 4969 2121 5032; x_wconf 90' lang='lat' dir='ltr'>quae</span> <span class='ocrx_word' id='word_1_502' title='bbox 2170 4948 2252 5010; x_wconf 89' lang='lat' dir='ltr'>sit</span> <span class='ocrx_word' id='word_1_503' title='bbox 2295 4947 2401 5007; x_wconf 86' lang='lat' dir='ltr'>EI.</span> <span class='ocrx_word' id='word_1_504' title='bbox 2496 4946 2578 5006; x_wconf 84' lang='lat' dir='ltr'>Et</span> <span class='ocrx_word' id='word_1_505' title='bbox 2624 4946 2680 5007; x_wconf 89' lang='lat' dir='ltr'>in</span> <span class='ocrx_word' id='word_1_506' title='bbox 2739 4946 2900 5048; x_wconf 80' lang='lat' dir='ltr'>linea</span> <span class='ocrx_word' id='word_1_507' title='bbox 2940 4945 3026 5005; x_wconf 87' lang='lat' dir='ltr'>EI</span> <span class='ocrx_word' id='word_1_508' title='bbox 3072 4964 3181 5047; x_wconf 83' lang='lat' dir='ltr'>per</span> <span class='ocrx_word' id='word_1_509' title='bbox 3226 4948 3445 5016; x_wconf 84' lang='lat' dir='ltr'>lemma</span> <span class='ocrx_word' id='word_1_510' title='bbox 3490 4957 3826 5019; x_wconf 76' lang='lat' dir='ltr'>secundum</span> 
     </span>
     <span class='ocr_line' id='line_1_51' title="bbox 1103 5035 3825 5129; baseline -0.004 -12"><span class='ocrx_word' id='word_1_511' title='bbox 1103 5055 1445 5121; x_wconf 87' lang='lat' dir='ltr'>inveniatur</span> <span class='ocrx_word' id='word_1_512' title='bbox 1508 5057 1820 5129; x_wconf 86' lang='lat' dir='ltr'>punctum,</span> <span class='ocrx_word' id='word_1_513' title='bbox 1890 5041 2045 5122; x_wconf 89' lang='lat' dir='ltr'>quod</span> <span class='ocrx_word' id='word_1_514' title='bbox 2121 5038 2374 5099; x_wconf 91' lang='lat' dir='ltr'>totidem</span> <span class='ocrx_word' id='word_1_515' title='bbox 2441 5035 2743 5096; x_wconf 88' lang='lat' dir='ltr'>fenestrae</span> <span class='ocrx_word' id='word_1_516' title='bbox 2828 5035 3136 5096; x_wconf 77' lang='lat' dir='ltr'>diametris</span> <span class='ocrx_word' id='word_1_517' title='bbox 3195 5037 3358 5098; x_wconf 87' lang='lat' dir='ltr'>absit</span> <span class='ocrx_word' id='word_1_518' title='bbox 3421 5057 3461 5098; x_wconf 90' lang='lat' dir='ltr'>a</span> <span class='ocrx_word' id='word_1_519' title='bbox 3527 5041 3825 5118; x_wconf 83' lang='lat' dir='ltr'>fenestra,</span> 
     </span>
    </p>
   </div>
  </div>
 </body>
</html>
