4584 6192
575 615 642 688 262
1048 619 1240 685 enurpomsss
1256 619 1283 670 rs
1301 617 1468 671 mauram.

576 815 663 882 quam
686 794 952 860 intersectionem:
982 797 1106 877 globum
1134 814 1208 857 vero
1231 814 1357 877 aqueum
1381 802 1500 856 tantum
1522 793 1579 857 boc
1601 802 1758 875 praestare
1781 813 1849 857 cum
1873 796 1936 858 suis

575 887 825 962 retractionibus,
849 894 883 948 nt
904 886 1006 966 purior
1029 885 1084 946 flat
1105 884 1296 958 intersectio,
1330 902 1406 963 quae
1430 884 1459 945 in
1483 884 1552 963 ipsa
1579 884 1736 964 superficie
1768 883 1936 968 crystallini

575 976 614 1038 ob
637 974 893 1057 propinquitatem
925 974 964 1035 ad
994 973 1127 1035 foramen
1157 973 1287 1035 nundum
1320 979 1368 1034 est
1394 972 1548 1053 perlecta3
1582 972 1647 1035 lieri
1678 971 1758 1035 enim
1790 972 1937 1034 beneficio

575 1064 803 1139 refractionum,
827 1072 863 1125 ut
884 1063 915 1125 iu
939 1070 1001 1124 tam
1025 1069 1156 1141 angusto
1180 1061 1257 1122 ocull
1281 1060 1381 1139 spatio
1404 1068 1649 1141 repraesentetur
1669 1060 1848 1123 intersectio
1872 1069 1936 1123 tam

575 1153 721 1233 diligens,
754 1170 843 1232 quam
868 1147 920 1212 vix
942 1152 974 1212 in
998 1151 1099 1231 ampla
1122 1149 1226 1230 aliqua
1248 1167 1368 1211 camera
1399 1150 1476 1211 citra
1498 1147 1709 1211 refractionem
1732 1168 1803 1212 esse
1825 1150 1935 1231 possit.

575 1239 718 1306 Ceterum
741 1260 789 1302 me
814 1240 918 1301 statim
943 1238 980 1299 ad
1005 1240 1121 1300 oculum
1146 1238 1293 1298 refutavit
1324 1237 1432 1317 globus
1465 1256 1595 1319 aqueus,
1629 1238 1677 1318 qui
1704 1257 1793 1300 uuum
1816 1246 1936 1301 tautum

574 1337 717 1410 punctum
740 1337 811 1409 post
842 1348 874 1390 se
904 1327 1024 1399 habuit,
1049 1327 1078 1387 iu
1108 1346 1166 1406 quo
1190 1326 1332 1387 distincte
1356 1326 1496 1406 pingeret
1516 1326 1686 1407 portionem
1711 1326 1936 1406 hemisphaerii,

574 1427 645 1480 ante
670 1426 702 1479 et
725 1424 796 1497 post
818 1416 947 1478 minime.
994 1414 1108 1476 Debuit
1131 1423 1232 1477 autem
1257 1414 1285 1475 in
1310 1415 1433 1476 remotis
1457 1415 1576 1493 punctis
1601 1414 1773 1477 distinctius
1796 1415 1934 1496 pingere,

574 1506 601 1569 si
625 1507 691 1568 sola
713 1505 887 1567 intersectio
910 1504 1058 1585 picturam
1080 1502 1158 1564 hanc
1182 1510 1363 1582 praestaret.
1397 1504 1441 1565 Ut
1463 1511 1582 1564 taceam
1606 1521 1682 1584 quae
1705 1521 1798 1584 supra
1812 1505 1888 1568 Nro.
1903 1503 1934 1567 2.

575 1595 671 1668 dicta,
707 1594 785 1675 quod
814 1612 868 1674 per
900 1612 1012 1654 meram
1041 1591 1286 1653 intersectionem
1319 1592 1392 1664 (non
1421 1590 1585 1654 accedente
1614 1600 1647 1653 et
1673 1592 1854 1655 collectione
1881 1612 1936 1673 per

573 1684 799 1755 refractionem)
820 1701 968 1763 uunquam
991 1679 1187 1761 perveniatur
1210 1679 1249 1740 ad
1273 1679 1534 1742 distinctissimam
1557 1680 1702 1742 visionem
1727 1699 1825 1743 rerum
1850 1681 1934 1743 lora-

574 1771 653 1836 mine
677 1790 771 1834 uveao
795 1770 951 1833 minorum.
999 1770 1115 1849 ltaque,
1140 1776 1174 1830 ut
1197 1768 1388 1842 concludam,
1413 1768 1439 1830 si
1462 1769 1518 1829 hoc
1542 1788 1644 1846 unum,
1669 1770 1765 1831 Porta
1793 1770 1935 1832 solertis-

571 1861 671 1935 sime,
701 1868 771 1921 tuae
800 1859 969 1922 sententiae
999 1856 1171 1919 addideris:
1210 1857 1359 1937 picturam
1386 1857 1416 1918 in
1444 1857 1620 1939 crystallino
1651 1858 1748 1920 adhuc
1778 1857 1935 1920 conmssm

575 1968 645 2010 esse
669 1947 845 2022 admodum,
873 1946 1052 2028 praesertim
1081 1945 1209 2007 dilatato
1234 1943 1380 2008 foramine
1404 1963 1514 2021 uveae,
1544 1963 1600 2006 nec
1622 1947 1686 2008 fieri
1710 1946 1858 2008 visionem
1881 1966 1937 2027 per

568 2036 815 2117 'conjunctionem
837 2036 913 2098 lucis
936 2055 1003 2098 cnm
1026 2034 1212 2117 crystallino,
1238 2034 1292 2095 sed
1315 2033 1498 2096 descendere
1522 2033 1551 2095 iu
1571 2034 1706 2110 retinam,
1728 2036 1935 2116 descensuque

574 2144 610 2188 eo
634 2132 667 2187 et
698 2125 796 2205 magis
830 2124 965 2205 separari
996 2123 1182 2185 diversorum
1212 2132 1244 2183 et
1273 2122 1413 2203 conjungi
1441 2121 1574 2203 ejusdem
1603 2124 1707 2204 puncti
1736 2123 1934 2197 radiationes,

574 2213 663 2293 inque
687 2214 755 2293 ipsa
778 2212 877 2275 retina
900 2213 998 2275 locum
1022 2231 1091 2273 esse
1115 2211 1302 2274 collectionis
1326 2211 1364 2272 ad
1388 2219 1540 2291 punctum,
1566 2230 1643 2292 quae
1667 2210 1846 2274 evidentiam
1865 2212 1932 2292 pic·

574 2311 661 2364 turae
685 2309 835 2382 praestat,
858 2302 981 2381 fierique
1004 2310 1036 2363 et
1057 2320 1111 2382 per
1130 2300 1216 2361 illam
1231 2299 1484 2374 intersectionem,
1509 2308 1543 2361 ut
1566 2301 1665 2380 imago
1687 2302 1743 2362 fiat
1760 2318 1878 2375 eversa,
1904 2311 1937 2361 et

570 2391 727 2468 perhanc
759 2390 981 2467 collectionem,
1011 2396 1047 2451 ut
1079 2388 1310 2451 distinctissime
1333 2388 1375 2449 sit
1397 2396 1430 2449 et
1452 2388 1700 2453 evidentissima:
1733 2389 1789 2452 hoc
1811 2389 1934 2470 iuquam

571 2478 598 2539 si
622 2478 775 2541 addideris
798 2487 871 2541 tuae
895 2478 1076 2553 sententiae,
1100 2477 1190 2558 plane
1214 2475 1382 2539 absolveris
1406 2476 1531 2540 visionis
1555 2478 1684 2540 modum.

676 2615 707 2682 5.
746 2617 846 2689 Quas
868 2637 912 2681 err
935 2619 1094 2681 visionis
1117 2618 1221 2680 modo
1244 2619 1278 2681 in
1302 2617 1581 2682 Astronomiam
1602 2617 1826 2689 redundent,

1010 2726 1075 2768 seu
1099 2708 1140 2769 de
1163 2708 1307 2769 vitiata
1329 2707 1491 2770 visione.

657 2830 727 2892 Etsi
750 2829 896 2909 perfectio
920 2829 1002 2891 visus
1026 2829 1056 2891 iu
1080 2829 1196 2893 duobus
1218 2831 1360 2893 consistit
1388 2831 1498 2893 oculis:
1532 2828 1698 2891 astronomi
1730 2836 1833 2890 tamen
1865 2828 1931 2890 visu

571 2925 696 2982 utuntur
737 2938 795 2980 non
841 2938 960 2999 semper
991 2918 1031 2981 ad
1068 2918 1328 2983 internoscendum
1365 2920 1503 3000 objecta:
1547 2917 1738 2997 utplurimum
1778 2935 1850 2978 vero
1893 2919 1930 2978 ad

566 3007 808 3069 constituendum
840 3009 981 3087 angulum
1013 3007 1092 3070 inter
1124 3006 1212 3070 binas
1243 3009 1367 3070 stellas:
1401 3027 1458 3088 quo
1492 3007 1522 3069 in
1553 3006 1674 3086 negotio
1712 3013 1817 3067 centro
1853 3006 1930 3086 ipsis

568 3115 642 3177 opus
666 3103 715 3157 est
737 3095 834 3169 unico,
859 3096 897 3157 ad
922 3096 1001 3176 quod
1026 3095 1153 3176 angulus
1177 3096 1363 3159 aestimetur.
1398 3094 1499 3167 Quare
1524 3094 1643 3158 oculum
1665 3094 1792 3156 altemm
1817 3112 1929 3174 seque-

568 3192 679 3259 strant,
703 3183 814 3247 imitati
838 3184 979 3259 artifices,
1006 3186 1054 3265 qui
1079 3186 1200 3265 regulae
1224 3185 1434 3247 rectitudinem
1459 3182 1642 3265 exploraturi
1666 3201 1756 3244 unum
1783 3181 1929 3245 adhibent

569 3273 699 3335 oculum.
747 3273 876 3335 Faciunt
908 3270 986 3333 idem
1019 3280 1051 3334 et
1083 3273 1133 3353 qui
1166 3273 1339 3353 scorpiones
1371 3274 1479 3355 quique
1512 3271 1694 3335 bombardae
1726 3269 1862 3350 dirigunt
1891 3273 1930 3332 ad

567 3367 689 3423 metam.
736 3361 816 3424 Nam
838 3360 886 3423 his
910 3360 1046 3423 omuibus
1069 3362 1107 3423 ob
1136 3361 1273 3424 diversas
1297 3362 1416 3444 quidem
1448 3381 1557 3424 causas
1589 3359 1683 3422 officit
1706 3366 1831 3440 uterque
1855 3378 1930 3422 ocu-

570 3446 616 3511 lus
642 3449 809 3523 adhibitus3
843 3468 902 3529 qua
929 3449 965 3510 de
998 3468 1031 3511 re
1060 3450 1181 3530 dignum
1208 3449 1386 3533 philosopho
1412 3451 1528 3512 censuit
1550 3449 1734 3511 Aristoteles
1766 3447 1928 3528 inquirere,

567 3535 701 3598 sectione
726 3535 780 3600 31.
805 3537 991 3619 problemate
1014 3535 1035 3599 2
1059 3545 1091 3600 et
1113 3536 1167 3602 20.
1214 3540 1259 3601 At
1282 3558 1377 3619 neque
1400 3539 1505 3600 unicus
1530 3539 1632 3599 oculus
1656 3537 1809 3599 adhibitus
1837 3538 1929 3616 plane

566 3621 650 3686 nulla
680 3626 820 3688 cautione
852 3644 926 3706 opus
958 3626 1072 3688 habet:
1110 3628 1179 3707 quin
1211 3627 1328 3707 gemino
1356 3629 1445 3690 modo
1472 3626 1502 3688 in
1534 3644 1664 3689 errorem
1700 3644 1754 3688 nos
1786 3625 1930 3687 inducero

567 3714 676 3794 possit.
723 3714 845 3777 Etenim
869 3714 898 3776 in
922 3716 1050 3795 pictura,
1076 3734 1135 3795 qua
1158 3715 1304 3778 visionem
1327 3717 1391 3778 lieri
1415 3717 1601 3790 dixeramus,
1636 3714 1712 3776 duae
1735 3713 1930 3795 potissimum

567 3802 645 3864 oculi
670 3803 808 3883 regiones
832 3802 1074 3865 considerautur:
1100 3811 1235 3866 centmm
1260 3804 1336 3866 oculi
1361 3814 1392 3866 et
1406 3805 1577 3885 superficies
1601 3812 1704 3866 centro
1724 3802 1928 3882 circumjecta,

565 3890 716 3971 picturam
754 3893 916 3974 excipiens.
973 3893 1095 3954 Dictum
1126 3901 1175 3955 est
1207 3894 1300 3963 enirn,
1333 3893 1378 3955 ita
1413 3894 1583 3955 ordinatam
1620 3911 1688 3955 esse
1716 3892 1865 3973 picturam
1899 3892 1929 3952 in

562 3985 569 3992 '
613 3999 666 4066 rig.
688 3997 731 4049 85.
782 3981 928 4043 retiformi
953 3982 1072 4050 tunica,
1099 3990 1131 4043 ut
1155 3983 1272 4062 ejectae
1296 4002 1334 4043 ex
1356 3981 1481 4061 singulis
1506 3982 1571 4063 ejus
1593 3980 1714 4063 punctis
1741 3988 1846 4042 rectae
1874 3999 1930 4060 per

780 4070 859 4131 idem
894 4071 956 4130 fere
989 4069 1076 4131 vitrei
1109 4078 1245 4133 centrum
1278 4071 1307 4133 in
1340 4079 1453 4150 puncta
1479 4070 1523 4132 rei
1555 4069 1683 4132 visibilis
1712 4070 1769 4131 sibi
1797 4088 1927 4152 respon-

781 4159 885 4219 dentia
908 4158 1057 4220 incisurae
1081 4158 1152 4234 siut,
1177 4161 1202 4220 si
1226 4160 1437 4238 producantur.

870 4244 946 4309 Cum
971 4247 1072 4328 itaque
1097 4248 1254 4310 stellarum
1279 4248 1444 4310 distantiae
1473 4246 1683 4310 instrumentis
1713 4247 1928 4311 astronomicis

780 4343 851 4397 sunt
875 4336 1058 4416 capiendae,
1091 4336 1298 4415 diligentiores
1321 4336 1499 4410 astronomi,
1533 4345 1567 4398 ut
1590 4336 1715 4410 dictum,
1748 4355 1807 4398 nou
1830 4337 1929 4400 fidunt

779 4424 875 4485 oculo.
933 4422 1040 4485 Sciunt
1073 4424 1169 4494 enim,
1204 4425 1260 4487 etsi
1292 4426 1395 4487 oculus
1428 4425 1525 4505 ipsum
1565 4424 1756 4487 instmmenti
1789 4434 1926 4489 centrum

690 4516 696 4553 ·'
778 4511 913 4591 attingat
933 4512 1027 4592 (quod
1047 4519 1147 4575 tamen
1173 4513 1334 4575 difficulter
1357 4513 1534 4587 obtinetur),
1558 4534 1616 4575 nou
1637 4513 1788 4592 attingere
1810 4523 1924 4586 tamem

777 4599 836 4661 uisi
860 4601 1116 4678 superficietenus,
1141 4602 1171 4662 in
1197 4622 1256 4682 qua
1279 4602 1398 4682 quidem
1423 4602 1519 4663 lineae
1544 4622 1582 4663 ex
1605 4612 1732 4683 utraque
1755 4604 1849 4666 stella
1872 4623 1927 4683 per

777 4688 932 4766 superiora
954 4689 1128 4767 pinnacidia
1153 4691 1262 4753 ductae
1285 4710 1343 4752 non
1368 4699 1557 4753 concurrant.
1598 4690 1668 4753 Sint
1686 4692 1720 4765 F,
1738 4688 1778 4760 G,
1803 4693 1923 4765 stellae,

776 4775 851 4838 Bac
875 4777 1122 4852 instrumentum,
1147 4787 1250 4840 centro
1275 4803 1309 4853 u,
1341 4780 1399 4840 DA
1424 4780 1597 4858 superficies
1621 4780 1714 4855 oculi,
1738 4779 1765 4841 Ε
1789 4793 1925 4844 centrum

776 4864 864 4926 oculi.
912 4864 988 4927 Cum
1013 4868 1104 4947 igitur
1127 4886 1185 4929 non
1211 4886 1249 4928 ex
1272 4893 1305 4941 a,
1331 4868 1385 4929 sed
1410 4888 1447 4929 ex
1471 4868 1497 4929 E
1522 4877 1624 4931 centro
1657 4869 1737 4931 oculi
1764 4871 1924 4950 fingendae

775 4952 838 5013 siut
865 4956 966 5035 egredi
1001 4965 1103 5017 rectae
1127 4955 1156 5017 in
1181 4956 1216 5024 F,
1242 4955 1271 5017 G
1295 4957 1481 5018 incidentes:
1514 4958 1677 5039 applicatis
1710 4976 1782 5037 ergo
1811 4959 1922 5039 pinna-

676 5071 677 5075 =
773 5041 860 5103 cidiis
883 5043 919 5117 B,
947 5042 983 5118 Ο,
1008 5052 1042 5105 ut
1064 5043 1155 5119 EBF,
1179 5042 1267 5107 ECG
1290 5046 1351 5108 sint
1374 5046 1404 5106 in
1428 5054 1530 5108 recta:
1561 5047 1688 5127 angulus
1711 5044 1789 5109 Bac
1813 5047 1923 5110 vitiose

771 5131 914 5203 metietur
928 5131 1118 5207 distantiam,
1143 5133 1258 5215 eritque
1279 5134 1362 5215 justo
1380 5135 1485 5215 major,
1508 5135 1577 5216 quia
1590 5136 1717 5198 interior
1735 5154 1824 5214 quam
1840 5134 1922 5199 BEC
