4584 6192
549 605 615 677 484
788 605 889 658 Literte
906 603 1009 672 Kepteri
1026 604 1177 670 alienusque
1194 608 1296 655 mamae
1313 602 1345 655 de
1362 602 1430 654 Jorie
1449 601 1602 656 satellitibus
1620 603 1666 659 &a

549 796 599 851 tnr
621 787 701 849 inter
735 806 781 859 se,
816 791 847 846 et
877 784 922 846 sic
945 783 1069 845 confusa
1092 788 1124 843 et
1146 781 1302 844 uniformis
1334 783 1388 845 fiat
1411 781 1486 845 visio
1516 786 1610 847 totius
1640 782 1769 847 visibilis
1802 784 1903 861 parti-

550 877 646 952 culae,
671 896 728 937 non
752 895 839 936 secus
863 894 898 935 ac
921 873 947 933 si
970 892 1028 933 uon
1051 871 1200 950 particula
1223 872 1276 932 sed
1301 872 1417 933 unicum
1441 872 1568 934 visibilis
1592 875 1635 936 rei
1650 879 1791 954 punctum
1807 881 1901 934 esset.

552 965 614 1028 Sed
639 973 670 1026 et
692 965 750 1025 hnc
774 964 893 1033 addam,
917 962 994 1041 quod
1019 961 1106 1040 plane
1129 978 1184 1037 pro
1207 979 1285 1020 nova
1309 960 1483 1040 quaestione
1507 970 1610 1040 potest
1628 962 1750 1024 haberi:
1777 971 1904 1041 quaerat

550 1054 627 1115 enim
651 1053 769 1132 aliquis,
794 1052 864 1130 quid
888 1051 936 1111 hic
952 1049 1045 1110 saciat
1068 1047 1230 1109 diversitas
1253 1068 1459 1125 concavorum,
1484 1052 1510 1111 si
1533 1059 1722 1131 comparetur
1737 1050 1903 1111 distantia?

550 1142 731 1221 Respondeo
764 1141 914 1202 distincte.
971 1139 1049 1200 Nam
1083 1138 1108 1197 si
1141 1146 1262 1197 maneat
1294 1138 1396 1199 oculus
1425 1138 1453 1198 in
1479 1140 1582 1199 eadem
1607 1139 1754 1201 distantia
1778 1160 1797 1199 a
1820 1140 1902 1200 lente

551 1248 686 1291 convexa
709 1237 741 1290 et
764 1228 911 1306 interponi
934 1227 1052 1304 possint
1075 1226 1196 1286 diversa
1219 1245 1366 1287 concava:
1391 1234 1461 1289 tunc
1481 1228 1521 1312 id,
1547 1230 1632 1307 cnjus
1650 1236 1698 1289 est
1721 1227 1818 1288 minor
1841 1227 1902 1289 cir-

552 1319 636 1380 cnlns
658 1317 867 1390 concavitatis,
893 1315 984 1378 debet
1006 1314 1160 1375 admoveri
1180 1315 1264 1375 oculo
1287 1314 1420 1394 propius,
1445 1317 1528 1396 cujus
1552 1336 1622 1379 vero
1646 1318 1741 1396 major
1764 1316 1901 1391 circulus,

551 1408 670 1485 longius
693 1405 783 1466 debet
806 1406 844 1466 ab
868 1405 952 1466 oculo
976 1403 1148 1476 discedere,
1174 1403 1291 1464 scilicet
1319 1404 1358 1465 ad
1382 1404 1436 1465 hoc
1462 1405 1668 1480 efficiendum,
1699 1415 1733 1466 ut
1756 1413 1902 1484 sequatur

550 1513 605 1576 per
636 1501 791 1574 ntmmque
825 1493 903 1554 idem
936 1492 1059 1555 visionis
1092 1493 1217 1553 effectus
1254 1492 1283 1551 in
1316 1492 1463 1572 qualitate
1501 1501 1533 1554 et
1571 1495 1658 1574 copia
1695 1494 1900 1555 videndorum.

534 1581 740 1645 'Contrarium
764 1600 835 1643 vero
859 1581 978 1650 accidit,
1004 1581 1028 1642 si
1053 1580 1194 1641 concavis
1217 1580 1397 1659 perspicillis
1415 1589 1534 1643 utamur
1552 1584 1706 1653 solitariis,
1731 1583 1781 1661 qui
1797 1601 1899 1643 sumne

549 1689 682 1751 myopes.
721 1671 798 1731 Nam
822 1671 848 1730 si
874 1670 950 1750 quod
974 1667 1178 1749 perspicillum
1202 1677 1250 1730 est
1272 1686 1326 1746 pro
1350 1688 1395 1730 mo
1411 1669 1497 1731 nimis
1513 1690 1684 1740 concavum,
1709 1671 1745 1744 si,
1768 1672 1899 1751 inquam,

549 1759 750 1821 concavitatis
774 1759 901 1820 circulus
925 1767 973 1819 est
995 1756 1082 1819 nimis
1113 1776 1243 1835 parvus,
1276 1765 1348 1818 tune
1379 1777 1517 1819 removeo
1545 1760 1749 1839 perepicillum
1783 1759 1901 1836 longius

550 1847 589 1908 ab
614 1847 699 1907 oculo
724 1856 755 1907 et
779 1847 912 1927 seqnitur
927 1847 1072 1907 distincta
1094 1846 1180 1906 visio.
1228 1843 1309 1915 Quia
1331 1845 1410 1908 enim
1433 1866 1566 1908 concava
1590 1850 1766 1927 disgregaut
1790 1848 1901 1920 radios,

549 1957 570 1997 a
592 1936 688 1996 latere
712 1935 889 2014 disgregant
912 1934 1080 1996 evidentius
1104 1953 1191 2013 quam
1215 1934 1296 1994 circa
1318 1942 1452 1996 centrum
1478 1936 1578 2011 fundi,
1612 1937 1660 1998 ubi
1692 1937 1801 1997 rectior
1825 1935 1902 1995 inci-

550 2024 671 2096 dentia,
706 2023 801 2085 minor
834 2024 985 2085 retractio.
1033 2022 1065 2084 Si
1099 2042 1171 2101 ergo
1195 2022 1434 2102 disgregatorum
1459 2025 1550 2085 nimia
1578 2036 1624 2087 est
1648 2025 1799 2096 diversio,
1832 2032 1902 2084 tunc

551 2112 742 2190 elongatione
766 2112 890 2173 concavi
914 2113 952 2173 ab
975 2112 1060 2174 oculo
1084 2119 1258 2190 praestatur
1281 2111 1321 2187 id,
1346 2120 1378 2173 ut
1402 2112 1445 2173 illi
1470 2113 1591 2175 nimium
1610 2114 1800 2191 divergentes
1824 2112 1901 2172 ioci-

552 2202 626 2261 daut
649 2200 676 2260 in
700 2200 854 2280 pupillam.

640 2286 794 2358 Quantum
832 2291 860 2349 iu
897 2289 954 2350 hoc
991 2307 1100 2367 genere
1137 2286 1291 2362 intellexi,
1329 2288 1397 2349 Tibi
1425 2289 1620 2351 Nobilissime
1645 2289 1756 2350 Octavi
1789 2288 1901 2349 detexi.

551 2376 640 2449 Quod
665 2387 804 2456 superest
825 2388 856 2439 tc
885 2378 976 2437 etiam
1005 2386 1095 2456 atque
1124 2375 1216 2436 etiam
1250 2396 1339 2456 rogo,
1378 2377 1439 2439 ista
1469 2378 1538 2440 boui
1570 2380 1711 2439 consulas
1745 2385 1776 2437 et
1809 2376 1903 2437 sicubi

551 2466 761 2544 rescripseris,
801 2466 901 2527 missis
940 2466 998 2526 illis
1036 2465 1095 2527 tuis
1133 2465 1414 2536 observationibus,
1453 2467 1524 2528 mihi
1557 2467 1705 2529 mehercle
1737 2465 1902 2545 probrosis,

552 2555 719 2618 orationem
744 2554 884 2633 dignitati
909 2563 978 2615 tuae
1003 2573 1151 2634 personae
1175 2561 1376 2633 attemperes,
1415 2562 1447 2616 ut
1480 2564 1511 2616 et
1543 2563 1576 2616 tu
1604 2556 1754 2616 laudando
1787 2563 1819 2614 et
1847 2572 1903 2632 ego

553 2644 711 2724 gaudendo
742 2657 865 2722 uterque
894 2643 974 2703 intra
999 2642 1191 2704 Christianae
1216 2642 1382 2704 modestiae
1406 2645 1480 2705 lines
1503 2664 1558 2705 nos
1583 2645 1798 2706 contineamus.

642 2732 721 2793 Vale
745 2751 849 2811 meque
874 2750 952 2792 ama.
998 2731 1077 2794 Nob.
1102 2732 1159 2793 Ex.
1185 2731 1267 2792 Tuae

1554 2819 1838 2881 observantissimus

1580 2908 1613 2973 J.
1637 2908 1806 2991 Keplerae.

643 3050 698 3101 Has
715 3050 800 3099 literas
818 3047 923 3098 Pisanus
941 3065 991 3098 uon
1011 3050 1137 3112 accepisse
1156 3049 1263 3104 ridetur.
1288 3063 1343 3098 cum
1362 3049 1386 3095 iu
1405 3047 1496 3097 ultimis
1519 3011 1583 3097 illins
1600 3049 1691 3106 literis,
1710 3064 1772 3114 quas
1790 3049 1906 3100 exhibent

554 3122 660 3179 codices,
681 3123 746 3171 datis
765 3120 789 3169 d.
812 3120 833 3170 t.
853 3119 914 3183 Maj.
936 3118 1013 3169 tote.
1034 3121 1138 3169 eandem
1158 3129 1256 3169 moreat
1274 3121 1444 3183 quaestionem
1463 3118 1563 3169 ethius
1582 3121 1639 3169 tude
1656 3119 1731 3184 plane
1749 3123 1905 3172 obmutuerit.

644 3192 850 3256 „Ephemerides“
871 3206 933 3256 ques
951 3204 1026 3255 supra
1043 3198 1128 3240 mouet
1140 3191 1262 3254 Keplerus
1275 3192 1394 3239 Pisanum
1411 3190 1558 3255 relegendas
1571 3206 1638 3248 sese,
1657 3192 1674 3240 l.
1689 3207 1711 3243 c.
1724 3192 1788 3242 haec
1800 3192 1907 3243 habent:

555 3264 642 3335 Quod
668 3266 780 3325 Metius
804 3264 943 3324 inventor
977 3263 1132 3341 telescopii
1165 3264 1324 3341 pollicetur
1349 3261 1616 3337 ,instrumentum
1652 3283 1707 3343 quo
1740 3265 1845 3325 literas
1869 3283 1907 3324 ex

553 3354 711 3415 intervallo
745 3353 834 3414 trium
859 3352 1029 3413 milliarium
1053 3352 1152 3429 legere
1185 3353 1321 3430 possis;“
1357 3350 1386 3410 id
1418 3350 1573 3429 pulchrum
1606 3372 1689 3425 ausu,
1724 3352 1907 3431 impossibile

553 3443 637 3503 factu
659 3448 743 3522 puto.
788 3441 857 3502 Non
882 3441 958 3500 vidit
982 3442 1069 3501 homo
1094 3447 1145 3500 aut
1170 3460 1227 3501 non
1252 3439 1385 3519 percepit
1409 3439 1682 3501 demonstrationes
1715 3463 1733 3501 a
1762 3461 1809 3502 me
1832 3461 1907 3520 pro-

554 3532 643 3592 ditas.
669 3530 811 3592 Unciales
827 3530 931 3590 literas
948 3537 1143 3609 repraesento
1169 3529 1265 3602 facile,
1292 3545 1367 3607 quae
1391 3537 1462 3588 sunt
1480 3528 1611 3607 scriptae
1626 3531 1772 3590 communi
1787 3530 1908 3609 magni-

554 3619 666 3691 tudine,
690 3620 743 3680 sed
762 3619 839 3692 illas,
857 3637 932 3697 quae
949 3638 1005 3678 nou
1026 3618 1141 3678 distant
1166 3619 1258 3678 multo
1278 3618 1345 3695 plus
1370 3637 1388 3675 a
1411 3617 1489 3677 vitro
1514 3636 1601 3695 qnam
1622 3620 1731 3679 vitrum
1752 3622 1790 3679 ab
1810 3620 1907 3680 oculo.

557 3710 656 3769 Datur
681 3707 829 3787 appositio
855 3707 892 3766 ad
922 3707 1051 3785 speciem
1084 3708 1111 3768 in
1145 3707 1309 3779 infinitum,
1344 3714 1376 3766 at
1410 3705 1554 3766 divisione
1588 3708 1704 3767 infinita
1731 3708 1907 3769 incrementi

552 3797 659 3877 primi,
694 3816 752 3858 non
777 3796 954 3873 repetitione
981 3796 1156 3857 incrementi
1180 3795 1322 3874 ejusdem.
1371 3792 1493 3864 Quanto
1531 3796 1629 3875 majus
1666 3806 1792 3875 apparet
1831 3798 1910 3876 qood

552 3886 657 3959 vides,
682 3893 768 3946 tanto
793 3885 889 3945 minor
913 3892 961 3945 est
984 3882 1162 3946 incrementi
1186 3884 1296 3945 auctio.
1344 3882 1425 3954 Quid
1458 3885 1534 3962 quod
1567 3897 1598 3945 et
1631 3895 1741 3964 quanto
1776 3905 1808 3945 se
1842 3886 1908 3963 ipso

555 3976 651 4054 majus
676 3982 803 4053 apparet
827 3974 905 4052 quod
929 3973 1032 4047 vides,
1057 3979 1142 4033 tauto
1167 3992 1237 4052 pars
1262 3973 1298 4031 de
1323 3980 1398 4045 toto,
1424 3991 1499 4050 quae
1526 3973 1553 4034 in
1578 3993 1635 4034 uno
1660 3974 1823 4056 perspicilli
1849 3974 1910 4034 situ

553 4064 680 4137 videtur,
706 4062 801 4122 minor
823 4062 895 4121 est?
934 4063 1016 4139 Lego
1041 4070 1140 4121 tamen
1167 4070 1198 4122 et
1221 4061 1286 4139 ipse
1310 4062 1414 4122 literas
1438 4081 1475 4121 ex
1499 4062 1657 4122 intervallo
1683 4064 1770 4123 trium
1794 4064 1909 4124 millia-

554 4152 641 4225 rium,
666 4152 719 4211 sed
744 4151 905 4228 inscriptas
930 4150 1074 4228 horologii
1099 4150 1228 4223 circulo,
1254 4151 1378 4229 pedales
1403 4157 1434 4210 et
1458 4150 1605 4211 cubitales
1638 4152 1825 4226 existentes,
1855 4171 1910 4212 nec

555 4238 614 4301 nisi
638 4238 694 4300 diis
719 4238 891 4299 faventibus
914 4238 1031 4300 Juoone
1056 4247 1087 4298 et
1111 4239 1244 4300 Phoebo.
1271 4272 1312 4282 —

643 4344 806 4393 Conciunarit
823 4344 946 4408 Keplems
974 4358 1030 4393 eam
1057 4344 1217 4407 praefationis
1246 4346 1278 4394 ud
1303 4344 1476 4408 promerides
1505 4346 1564 4393 anni
1584 4342 1660 4393 1617.
1690 4352 1801 4410 partem,
1828 4362 1913 4413 equa

552 4417 689 4482 praemissa
708 4416 877 4472 desumeimus,
903 4417 982 4464 torma
1009 4416 1130 4479 epistolae
1148 4418 1181 4465 ad
1198 4417 1354 4466 Davidem
1378 4416 1562 4465 Fabricium
1588 4417 1677 4473 datae,
1706 4418 1858 4481 respondens
1878 4420 1911 4469 ad

553 4487 795 4552 „interpellationes“
822 4487 899 4544 illius,
923 4488 1028 4536 insertas
1046 4488 1213 4551 Prognosticis
1237 4503 1356 4537 annorum
1385 4484 1531 4534 1615-17.
1565 4486 1660 4551 (comp.
1687 4489 1745 4552 Opt.
1769 4507 1793 4553 p.
1817 4488 1866 4539 ¹09
1886 4498 1912 4540 et

553 4560 689 4610 comment.
710 4555 819 4619 blartis.)
856 4560 958 4607 Praeter
976 4571 1021 4614 es,
1050 4573 1113 4621 quae
1132 4560 1256 4622 Keplerns
1274 4559 1314 4607 hic
1334 4559 1364 4607 de
1383 4558 1441 4606 tubo
1465 4552 1546 4621 optico
1573 4561 1680 4621 profert,
1710 4560 1760 4610 alia
1785 4563 1912 4625 quaedam

551 4631 755 4694 deprehendimus
774 4636 862 4679 notatu
878 4630 962 4694 digna,
981 4644 1045 4693 quae
1059 4646 1132 4694 quum
1145 4632 1242 4694 propius
1262 4631 1388 4677 attineant
1404 4629 1520 4686 libellum,
1540 4646 1611 4693 quem
1628 4632 1751 4695 inscripsit
1767 4632 1912 4696 Keplerns:

551 4701 803 4751 Phaenomenon
831 4700 1008 4764 Singulare
1036 4717 1092 4751 een
1119 4700 1303 4750 Mercurius
1331 4702 1362 4749 iu
1391 4700 1462 4750 Sole
1490 4702 1590 4758 risus,
1619 4702 1736 4753 adhunc
1760 4707 1913 4756 reservanda

554 4775 703 4827 censuimus,
723 4786 770 4835 qno
789 4772 844 4821 Vol.
864 4772 898 4821 ΙΙ.
917 4772 1077 4822 concluditur.
1097 4796 1131 4806 -

645 4843 703 4892 Jaur
721 4843 823 4892 tandem
841 4843 914 4892 libros
926 4843 1037 4906 Kepleri,
1050 4844 1081 4893 de
1100 4844 1187 4907 quibas
1205 4843 1253 4891 huc
1270 4857 1346 4906 usque
1365 4843 1468 4907 egimus,
1487 4845 1642 4906 proponimus
1661 4845 1708 4896 hoc
1727 4847 1826 4897 ordine:

642 4933 668 4994 Ι.
693 4930 939 4993 Dissertatio.
986 4933 1025 4992 ll.
1051 4930 1240 4993 Narratio.
1287 4931 1342 4992 111.
1367 4931 1575 5010 Dioptrioe.

1110 5120 1349 5133 m
