4584 6192
931 533 1051 585 derebus
1071 533 1175 599 Ophieis,
1221 579 1223 584 .
1689 528 1732 597 43

369 706 502 781 catheto,
529 708 561 769 id
582 716 688 771 tamen
713 728 766 788 per
790 710 931 771 accidens
955 711 998 784 fit,
1022 710 1106 771 nulla
1128 710 1158 769 vi
1187 709 1311 770 catheti.
1358 708 1415 770 Jus
1448 717 1550 772 autem
1573 711 1629 771 hoc
1653 711 1731 772 inra-

371 795 447 876 ginis
472 796 624 859 locandae
660 798 795 859 obtinent
826 799 923 859 lineae
956 799 1027 870 DB,
1062 800 1120 871 lH,
1155 819 1192 859 ex
1216 798 1294 860 binis
1327 798 1421 859 oculis
1445 798 1487 868 B,
1519 799 1546 872 Ι,
1581 799 1629 860 vel
1653 799 1732 861 binis

370 885 489 966 punctis
511 886 615 956 (oculo
639 887 803 960 translato)
828 889 908 948 ultra
932 888 973 959 D,
998 889 1026 948 H
1050 888 1244 949 continuatae
1275 888 1314 948 ad
1338 906 1514 949 concmsum
1538 888 1575 948 Ε.
1623 889 1731 967 Imago

373 974 447 1036 enim
471 982 505 1035 et
529 976 596 1052 ejus
631 976 740 1037 locatio
764 986 813 1038 est
845 977 970 1038 fallacia
1002 996 1143 1037 sensuum
1177 986 1208 1036 et
1232 978 1260 1036 in
1285 977 1340 1036 hoc
1364 976 1430 1054 ipso
1466 996 1572 1037 sensus
1605 978 1730 1051 fallitur,

374 1063 450 1145 quod
473 1065 590 1124 realem
616 1066 730 1127 radium
761 1065 890 1127 lucidum
918 1084 1125 1144 repercussum
1150 1067 1191 1126 lll
1217 1075 1248 1126 et
1270 1065 1325 1125 llll
1358 1064 1513 1126 continuat
1537 1065 1728 1145 imaginando

373 1153 400 1214 in
420 1152 491 1226 HE,
517 1151 584 1213 DE.
631 1155 679 1214 Ex
702 1155 747 1215 his
767 1156 831 1233 jam
855 1155 919 1235 ipse
943 1156 996 1216 illa
1018 1163 1071 1215 tua
1095 1156 1189 1215 verba
1211 1154 1355 1214 aestima:
1381 1154 1497 1226 „videri
1521 1154 1576 1215 tihi
1600 1155 1730 1216 osticium

376 1241 580 1321 perpendiculi
596 1243 665 1316 DK,
691 1254 724 1304 ut
747 1244 907 1322 imaginem
922 1244 1034 1321 dirigat
1057 1252 1088 1304 et
1111 1244 1264 1304 ordinet.“
1293 1241 1374 1303 Ohe!
1401 1241 1551 1304 Cathetus
1567 1252 1616 1304 est
1638 1262 1730 1321 repu-

376 1331 466 1404 diata,
492 1350 570 1410 qnae
594 1332 693 1411 ipsam
710 1334 867 1411 imaginem
889 1334 1008 1406 transit,
1034 1343 1065 1393 et
1084 1335 1147 1412 jam
1168 1341 1199 1392 tu
1215 1330 1457 1411 perpendicnlum
1472 1350 1625 1411 surrogas,
1650 1332 1730 1411 qnod

377 1419 549 1499 longissime
574 1422 672 1483 abest.
720 1419 781 1483 Cur
805 1430 906 1482 autem
930 1423 1009 1482 linea
1032 1422 1133 1501 aliqua
1157 1420 1348 1499 imaginaria,
1386 1420 1564 1498 imaginaria
1598 1420 1728 1499 inquam,

378 1528 430 1571 non
454 1528 548 1570 sensu
573 1511 782 1590 oculorumque
807 1510 987 1584 directione,
1018 1520 1050 1571 ut
1078 1530 1162 1571 meae
1196 1510 1387 1584 metatrices,
1419 1510 1474 1570 sed
1497 1509 1729 1571 ratiocinatione

377 1616 426 1677 per
448 1608 548 1658 artem
572 1601 704 1677 opticam
727 1599 846 1669 saltem,
878 1609 911 1659 et
934 1619 982 1661 res
1006 1599 1094 1660 bruta
1117 1600 1230 1660 efficiat
1253 1599 1292 1671 id,
1328 1598 1406 1677 quod
1430 1607 1477 1659 est
1510 1617 1617 1659 seusus
1642 1616 1727 1676 opus,

379 1686 537 1767 imaginem
560 1688 699 1749 scilicet?
744 1688 783 1749 Et
807 1687 878 1766 quid
902 1697 953 1748 tuo
977 1688 1116 1762 ‚‚videri“
1140 1708 1214 1767 opus
1238 1695 1299 1760 est,
1330 1706 1398 1747 cum
1421 1687 1550 1747 nondum
1574 1705 1726 1766 conquas-

379 1776 490 1836 sareris
516 1794 615 1837 mcum
639 1777 777 1850 ‚‚videri“
801 1778 1056 1839 demonstratum?
1102 1777 1198 1838 Miror
1213 1786 1323 1849 autem,
1349 1783 1379 1837 te
1395 1775 1611 1853 experientiam
1635 1775 1728 1836 etiarn

379 1864 518 1944 allegare,
545 1884 622 1944 quae
646 1866 725 1927 locet
749 1866 907 1944 imaginem
932 1885 989 1926 non
1014 1866 1042 1926 in
1067 1867 1199 1939 catheto,
1225 1864 1278 1926 sed
1302 1865 1331 1925 in
1354 1864 1503 1944 parallela
1522 1863 1728 1942 apparentiae.

379 1954 467 2027 Ecce,
507 1962 540 2014 te
577 1954 675 2033 ipsum
712 1955 934 2016 diversissimae
968 1956 1170 2034 experientiae
1208 1952 1470 2015 commonefaciam
1506 1953 1649 2013 oblitum:
1689 1951 1732 2013 sit

381 2044 437 2121 thg.
455 2039 515 2116 20)
540 2044 671 2122 sphaera
695 2040 761 2115 GL,
786 2052 817 2105 et
840 2044 868 2104 D
892 2053 1034 2122 punctum
1057 2063 1261 2123 repercussus,
1286 2043 1312 2103 B
1337 2042 1449 2116 oculus,
1475 2042 1505 2103 A
1524 2041 1625 2102 stella.
1673 2040 1729 2114 Tu,

380 2132 532 2210 quaesitus
551 2132 602 2192 ubi
626 2143 772 2211 appareat
795 2152 848 2210 per
871 2152 1087 2212 repercussum,
1113 2133 1195 2193 dices
1218 2133 1248 2192 in
1274 2129 1310 2204 O,
1337 2130 1510 2209 longissime
1533 2131 1614 2190 ultra
1634 2137 1730 2190 totum

379 2221 516 2299 globum:
542 2240 610 2281 cum
633 2229 745 2282 certum
769 2231 870 2282 tamen
896 2223 944 2295 sit,
970 2223 1000 2283 in
1025 2223 1079 2283 tali
1096 2221 1258 2283 incidentia
1281 2239 1385 2281 omnes
1401 2219 1549 2297 imagines
1564 2217 1732 2279 consistere

381 2310 454 2371 iutra
476 2311 668 2388 complexum
692 2311 850 2389 sphaerae.
898 2309 961 2372 Sed
984 2319 1016 2371 tu
1041 2321 1071 2372 te
1095 2312 1192 2390 ipsum
1217 2309 1307 2381 t'allis,
1333 2309 1392 2389 qni,
1416 2327 1482 2370 cum
1506 2306 1672 2385 incepisses
1696 2307 1733 2368 de

380 2398 566 2478 experientia
590 2417 789 2461 connexorum
813 2408 845 2460 et
867 2419 1073 2474 camararum,
1100 2400 1212 2461 desinis
1237 2400 1265 2459 in
1281 2397 1499 2476 experientiam
1524 2397 1634 2458 saltem
1657 2413 1732 2456 cou-

381 2506 533 2556 tererem,
566 2487 615 2548 ubi
643 2487 770 2565 primum
794 2508 898 2550 vocem
922 2490 995 2550 loci
1027 2489 1173 2550 mutuaris
1205 2507 1242 2548 ex
1265 2488 1378 2549 conicis
1402 2485 1599 2548 sectionibus:
1633 2494 1667 2545 at
1688 2483 1730 2546 ibi

382 2576 436 2638 dixi
457 2577 490 2638 in
514 2575 627 2637 circulo
651 2576 749 2638 focum
773 2579 802 2639 in
825 2588 927 2639 centro
951 2598 1019 2638 esse
1045 2579 1117 2650 (IV,
1142 2574 1189 2650 4).
1236 2578 1261 2637 F
1264 2576 1359 2637 elellit
1382 2583 1481 2636 autem
1505 2583 1536 2635 te
1554 2572 1732 2653 Maginus

384 2684 443 2727 cum
467 2684 523 2727 sno
549 2667 680 2743 speculo,
696 2661 721 2737 ⁶)
744 2667 793 2746 qui
818 2686 855 2727 ex
877 2668 995 2728 Joanne
1010 2667 1153 2745 Baptista
1173 2668 1266 2727 Porta
1288 2665 1381 2726 verba
1405 2664 1545 2725 nonnulla
1567 2670 1731 2735 mutuatus,

384 2773 451 2834 qnae
476 2764 566 2817 erant
591 2755 627 2815 de
651 2773 791 2828 concavo,
818 2775 874 2817 non
900 2757 1056 2834 sphaerico
1081 2758 1133 2818 sed
1158 2755 1340 2834 parabolice,
1374 2752 1471 2821 dicta.
1504 2771 1661 2831 perperam
1695 2750 1733 2810 ad

383 2862 459 2905 mum
483 2843 674 2923 sphaericum
698 2846 914 2913 accommodat,
939 2846 1017 2923 quod
1041 2845 1181 2906 incendat
1199 2845 1229 2905 iu
1245 2852 1353 2925 quarta
1367 2842 1515 2903 diametri.
1563 2840 1648 2902 Scito
1668 2839 1731 2900 ita·

384 2950 442 3013 qne,
466 2932 498 2994 in
522 2932 575 2994 illo
599 2933 714 3012 Magini
739 2934 860 3012 speculo
875 2934 1032 3013 sphaerico
1057 2953 1188 2995 concavo
1213 2933 1314 3011 spargi
1329 2932 1432 2993 radios
1447 2930 1528 2993 Solis
1551 2948 1605 3009 per
1621 2929 1731 2992 lineam

384 3022 417 3081 ad
442 3028 581 3083 centrum
614 3022 760 3101 sphaerae
791 3024 963 3084 tendentem
994 3019 1025 3084 et
1057 3024 1216 3083 incendere
1249 3023 1410 3081 secundum
1434 3019 1530 3098 magis
1564 3027 1596 3079 et
1624 3018 1732 3079 minus.

385 3108 571 3191 Colliguntur
600 3128 659 3171 non
693 3112 720 3171 in
756 3131 843 3173 uuum
874 3121 1015 3192 punctum
1046 3122 1080 3172 ut
1107 3112 1135 3171 in
1164 3111 1323 3190 parabole,
1358 3111 1412 3171 sed
1441 3109 1471 3170 in
1499 3126 1589 3170 unam
1612 3107 1732 3167 lineam.

385 3198 471 3261 Porro
495 3207 529 3261 nt
553 3198 668 3275 videas,
693 3201 762 3279 quid
778 3201 872 3261 Porta
895 3201 1004 3262 dixerit
1023 3209 1160 3279 quartam
1186 3199 1334 3269 diametri,
1358 3198 1474 3278 respice
1489 3198 1525 3259 ad
1543 3196 1665 3259 schema
1680 3193 1733 3258 58.

386 3285 427 3349 Sit
439 3286 529 3352 ΜΞΝ
543 3289 643 3370 portio
658 3290 822 3368 parabolici
838 3290 1047 3359 determinata,
1072 3291 1135 3351 MN
1151 3290 1231 3351 linea
1246 3307 1300 3367 per
1313 3289 1343 3350 A
1359 3289 1456 3350 locum
1471 3288 1510 3349 ad
1530 3305 1617 3347 axem
1632 3293 1732 3348 recta:

389 3383 450 3438 bruc
473 3377 538 3440 MN
574 3386 622 3438 est
646 3378 791 3440 diameter
822 3379 935 3456 speculi
959 3380 1138 3457 parabolici,
1174 3378 1251 3458 qnod
1276 3378 1338 3439 fere
1361 3374 1639 3455 speciem'exhibet
1662 3394 1735 3435 sex·

386 3466 472 3527 tantis
496 3465 663 3544 sphaerici,
695 3468 773 3545 quod
797 3468 951 3546 Maginum
981 3467 1098 3529 refellit.
1145 3466 1200 3529 AS
1225 3485 1295 3528 vero
1323 3465 1512 3544 profunditas
1541 3463 1656 3544 speculi
1687 3471 1735 3525 est

388 3563 489 3633 quarta
511 3554 652 3618 diametri
676 3557 738 3618 MN
763 3558 856 3636 (quod
886 3557 975 3619 miror
1003 3576 1055 3619 cnr
1078 3559 1186 3634 neges)
1211 3566 1243 3617 et
1266 3574 1334 3615 uere
1369 3556 1469 3627 iocus,
1504 3572 1538 3614 eo
1563 3554 1649 3634 quod·
1664 3553 1735 3614 illuc

387 3644 531 3704 confluant
563 3664 668 3706 omnes
691 3647 853 3724 parallelae
879 3646 928 3707 axi
953 3666 989 3707 ex
1019 3654 1084 3707 tota
1108 3646 1240 3706 caritate
1270 3644 1399 3722 speculi;
1433 3653 1523 3723 etqne
1546 3643 1592 3703 hic
1617 3643 1734 3703 demum

387 3744 427 3791 est
449 3733 672 3794 violentissima
696 3734 837 3795 incensio.

466 3820 557 3891 Quod
580 3823 798 3902 experientiam
826 3825 921 3903 ipsam
946 3833 976 3884 et
1001 3823 1050 3885 lib.
1076 3822 1169 3893 Vlll,
1198 3819 1246 3884 ll.
1272 3820 1447 3882 Vitelliouis
1477 3820 1600 3892 attinet,
1635 3816 1733 3876 beasti

387 3928 435 3984 me,
458 3929 492 3971 re
514 3910 555 3972 ob
579 3911 681 3973 oculos
705 3912 806 3990 posita
830 3921 861 3975 et
884 3911 1069 3990 experientia
1091 3912 1234 3973 refutata.
1280 3911 1360 3970 Nam
1383 3910 1409 3970 si
1433 3909 1599 3979 scivissem,
1626 3905 1732 3967 fortis-

388 3996 484 4061 timum
506 3999 577 4061 iude
602 4008 807 4079 argumentum
831 4000 1030 4062 extruxissem
1053 4020 1105 4081 pro
1130 4000 1205 4060 meis
1228 3998 1487 4060 metatricibus
1517 4003 1621 4057 contra
1644 4002 1732 4055 vete-

387 4105 439 4150 rem
453 4088 619 4152 cathetum.
666 4089 745 4151 b'aur
764 4090 813 4152 ubi
829 4090 1024 4151 Vitelliouem
1043 4089 1143 4151 deficit
1157 4106 1319 4149 concursus
1334 4106 1400 4149 cum
1415 4087 1548 4157 catheto,
1572 4083 1733 4163 imaginem

388 4175 412 4237 in
432 4178 588 4257 superficie
612 4178 707 4249 locat,
739 4198 816 4258 quae
840 4198 909 4240 vere
939 4188 987 4239 est
1011 4179 1121 4240 infra.
1168 4178 1219 4238 Me
1245 4196 1394 4256 uunquam
1418 4175 1518 4238 delicit
1545 4174 1736 4253 portiuncula

389 4266 557 4345 superficiei,
581 4267 727 4329 exhibens
751 4266 866 4330 dnobus
891 4268 985 4330 oculis
1010 4269 1068 4328 duo
1092 4275 1204 4346 puncta
1226 4266 1399 4327 reflexionis
1423 4266 1461 4325 ah
1477 4264 1583 4325 eadem
1597 4283 1640 4324 re.
1687 4263 1734 4324 De

390 4354 511 4435 imagine
536 4374 609 4417 vero
632 4367 703 4435 post
726 4358 841 4419 oculum
865 4376 968 4418 verum
993 4365 1054 4429 est,
1080 4363 1114 4417 ut
1137 4355 1227 4431 dicis,
1251 4354 1463 4416 stultissimam
1486 4371 1554 4413 esse
1580 4351 1651 4413 honi
1674 4350 1734 4411 Vi-

390 4444 512 4506 telliouis
546 4443 770 4524 deceptionem,
804 4455 836 4507 et
859 4446 1048 4507 verissimum
1080 4455 1142 4517 est,
1175 4444 1223 4506 hic
1247 4442 1407 4521 imaginem
1435 4442 1524 4522 plane
1551 4441 1692 4503 aberrare
1717 4460 1737 4501 n

391 4533 512 4596 athera
560 4533 643 4595 Male
665 4552 713 4595 me
732 4536 833 4609 hahet,
858 4535 1029 4614 neglectum
1048 4534 1103 4595 hoc
1119 4553 1186 4594 esse
1206 4534 1236 4593 in
1250 4551 1317 4595 meo
1332 4531 1431 4611 capite
1447 4532 1501 4593 111.
1549 4529 1610 4591 Sed
1629 4537 1733 4591 tamen

391 4624 480 4685 nescio
504 4642 542 4682 an
567 4631 692 4702 utroque
716 4625 801 4684 oculo
825 4624 913 4686 unica
936 4625 1035 4703 imago
1058 4623 1153 4684 videri
1174 4623 1272 4701 possit
1295 4621 1390 4700 ipsius
1405 4618 1435 4690 Q
1449 4620 1514 4699 (fig.
1528 4616 1602 4693 21);
1627 4618 1736 4679 dantur

391 4711 584 4785 animemus,
610 4711 661 4773 uhi
684 4731 756 4786 non,
786 4719 817 4773 et
840 4722 910 4774 tunc
935 4721 1041 4774 neutra
1065 4714 1163 4792 imago
1188 4711 1280 4773 habet
1302 4719 1416 4772 certum
1440 4710 1551 4784 locum,
1585 4706 1734 4789 potiorem

392 4805 481 4862 tanea
510 4799 594 4861 illum
625 4800 655 4861 iu
684 4801 849 4879 superficie.
897 4802 976 4864 Nam
1006 4809 1055 4863 est
1082 4800 1191 4880 aliquis
1219 4800 1297 4861 situs
1327 4799 1479 4861 oculorum
1498 4805 1530 4857 et
1552 4796 1681 4858 visibilis
1704 4795 1735 4855 in

392 4889 519 4966 speculo,
553 4889 603 4950 ubi
627 4907 685 4950 non
716 4898 817 4969 potest
841 4891 870 4951 in
895 4900 1050 4971 utrumque
1074 4891 1193 4951 oculum
1222 4909 1260 4950 ex
1283 4888 1388 4949 eodem
1416 4895 1526 4967 puncto
1550 4885 1662 4947 visibili
1684 4885 1734 4945 in·

393 4975 472 5046 luere
495 4978 597 5040 radius
625 4978 682 5039 nisi
707 4978 784 5040 oculi
809 4980 1027 5053 divaricentur;
1062 4988 1093 5039 et
1122 4987 1194 5040 tunc
1218 4977 1315 5039 lineae
1346 4996 1433 5057 porro
1458 4975 1651 5037 continuatae
1675 4992 1734 5037 non

393 5071 501 5134 meunt.
545 5067 659 5132 Differo
679 5083 775 5149 nsque
800 5069 839 5129 ad
862 5068 1027 5149 periculum
1048 5067 1228 5130 faciendum.
