4584 6192
1026 591 1108 655 capua
1127 591 1171 642 x1.
1714 590 1779 658 357

416 770 500 831 siuns
524 776 610 830 totns
635 767 674 829 ad
697 775 855 829 secantem
889 768 1052 829 distantiae
1077 766 1159 828 Solis
1184 768 1355 842 avertice,
1380 766 1425 829 ita
1449 774 1576 847 tangens
1600 770 1779 834 minutorum

416 857 586 938 quindecim
612 857 651 919 ad
676 857 877 936 quantitatem
901 857 1115 918 semidiametri
1141 857 1296 930 brevioris,
1321 856 1351 917 in
1375 875 1524 931 mensura,
1549 878 1608 939 qna
1625 859 1694 932 AN,
1710 860 1778 938 NB,

416 968 454 1009 ex
477 946 678 1025 tangentibus
703 946 801 1007 datur.
839 947 923 1006 Haec
942 946 1034 1024 igitur
1057 945 1217 1007 ordinatim
1241 946 1395 1025 applicata
1414 954 1462 1007 est
1480 947 1592 1026 justior
1615 948 1779 1028 amplitudo

415 1036 531 1100 circelli
554 1035 688 1097 minoris.
730 1034 774 1096 Et
798 1034 868 1113 quia
891 1034 1053 1113 periculum
1079 1041 1136 1107 est,
1161 1044 1193 1096 nt
1216 1035 1246 1095 A
1271 1043 1301 1096 et
1324 1035 1349 1094 Β
1373 1043 1486 1114 puncta
1509 1054 1565 1097 non
1591 1036 1726 1115 praecise
1749 1037 1785 1100 in·

415 1126 514 1188 medio
539 1124 730 1186 circularium
755 1123 873 1204 apicum
898 1123 1010 1202 signes,
1034 1124 1165 1184 maxime
1190 1132 1224 1185 ut
1246 1132 1369 1202 propter
1393 1144 1507 1185 moram
1531 1126 1781 1189 intervenientem

415 1215 496 1277 radii
519 1214 624 1294 apices
649 1232 686 1273 ex
709 1214 749 1288 A,
773 1213 800 1272 Β
824 1211 906 1291 prins
931 1213 1104 1285 discedant,
1129 1231 1218 1291 quarn
1242 1211 1277 1286 C,
1303 1212 1332 1273 D
1355 1220 1467 1290 puncta
1491 1216 1697 1294 expresseris:
1723 1233 1780 1295 quo

415 1312 509 1384 pacto
534 1300 726 1383 quantitates
741 1298 796 1363 CL
815 1310 847 1362 et
864 1301 928 1361 DM
951 1302 1151 1363 vitiarentur:
1176 1301 1244 1362 ideo
1263 1319 1317 1379 per
1330 1301 1355 1375 I,
1373 1298 1426 1363 21.
1452 1302 1622 1364 conicorom
1642 1303 1779 1366 notabis:

416 1401 449 1454 nt
473 1400 523 1453 est
548 1390 665 1470 longior
689 1390 835 1451 diameter
858 1389 914 1449 AB
940 1390 1134 1469 (Apollonius
1160 1410 1247 1451 axem
1275 1390 1387 1469 figurae
1416 1393 1519 1463 vocat)
1544 1394 1582 1452 ad
1614 1392 1780 1455 breviorem

416 1482 460 1555 (in
486 1498 612 1561 genere,
638 1487 673 1541 ut
695 1479 808 1557 figurae
834 1478 914 1539 latus
947 1488 1152 1540 transversum
1177 1479 1214 1539 ad
1240 1482 1368 1551 rectum)
1402 1478 1445 1540 sic
1470 1499 1537 1542 esse
1570 1481 1780 1559 rectangulum

416 1570 503 1633 ALB
527 1569 567 1630 ad
592 1568 772 1649 quadratum
795 1565 859 1640 LO,
886 1576 918 1628 et
945 1568 1154 1646 rectangnlum
1178 1568 1268 1628 ΑΜΒ
1293 1568 1331 1627 ad
1356 1567 1533 1647 quadratum
1558 1569 1630 1631 MD.
1678 1573 1780 1651 Atque

416 1660 473 1720 boc
497 1667 590 1738 pacto
614 1657 813 1719 restituuntur
834 1652 888 1717 cL
904 1664 935 1715 et
949 1657 1021 1728 DM,
1046 1657 1070 1717 si
1095 1656 1200 1718 vitium
1224 1656 1338 1717 habent
1356 1676 1393 1717 ex
1417 1657 1664 1735 consignatione3
1689 1659 1778 1721 modo

417 1747 474 1809 AB
495 1748 585 1827 justa
608 1746 650 1807 sit
673 1755 705 1807 et
720 1744 799 1820 C,D
823 1753 1000 1822 punctorum
1016 1746 1099 1806 locus
1119 1747 1197 1806 inter
1216 1746 1255 1819 A,
1272 1746 1307 1819 B,
1333 1765 1426 1806 causa
1450 1746 1643 1825 longitudinis
1664 1747 1778 1824 justus,

418 1836 469 1898 ubi
491 1834 591 1896 minus
616 1844 664 1895 est
687 1834 716 1895 in
741 1833 969 1911 consignatione
993 1834 1127 1912 periculi.
1174 1833 1354 1912 Exemplum
1377 1835 1457 1895 infra
1480 1836 1508 1896 in
1533 1837 1629 1915 probl.
1655 1832 1706 1898 23.

505 1923 703 1986 Problema
735 1922 856 1985 XVIII.
912 1923 1184 1983 Inclinationes
1219 1924 1385 1984 Lunares
1423 1924 1599 2003 excipere
1637 1924 1780 1986 instru-

417 2021 555 2075 mento.
603 2009 782 2084 Circellnnr,
818 2011 915 2089 qualis
944 2020 993 2070 est
1020 2011 1049 2071 in
1081 2012 1195 2072 tabella
1218 2013 1366 2085 exterior,
1398 2012 1562 2074 solidarum
1595 2015 1726 2093 partium
1751 2022 1783 2077 et

416 2103 546 2164 recisum
570 2101 710 2180 nudique,
736 2099 865 2160 divisum
884 2120 902 2159 a
921 2118 1034 2160 summo
1060 2100 1087 2159 in
1112 2109 1216 2178 partes
1238 2096 1313 2172 360,
1340 2118 1514 2181 quacunque
1540 2102 1655 2163 ratione
1680 2110 1782 2164 statue

416 2191 444 2252 in
468 2190 686 2271 perpendiculo
719 2189 871 2250 radiorum
895 2188 1075 2262 Lunarinm,
1108 2190 1152 2250 sic
1177 2195 1208 2248 nt
1239 2188 1354 2249 initium
1386 2189 1542 2250 divisionis
1574 2191 1615 2252 sit
1647 2190 1782 2270 praecise

417 2299 559 2361 supremo
584 2278 664 2352 loco,
699 2296 756 2357 quo
781 2285 932 2338 momento
957 2276 1181 2338 inclinationem
1213 2277 1336 2356 deliquii
1359 2277 1490 2339 Lunaris
1514 2279 1599 2359 cupis
1624 2288 1781 2342 annotare.

417 2368 571 2431 Volvatnr
595 2367 624 2428 in
648 2366 758 2428 circulo
787 2366 907 2443 regula,
943 2366 1059 2443 longior
1092 2366 1238 2441 diametro
1269 2365 1391 2439 circuli,
1425 2367 1454 2427 in
1479 2369 1584 2447 regula
1607 2368 1648 2430 sit
1676 2378 1781 2431 trans·

419 2457 537 2521 versale
558 2456 681 2535 regulae
696 2455 952 2534 perpendiculare.
984 2451 1142 2516 Collocato
1158 2454 1260 2533 itaque
1281 2455 1401 2517 circello
1417 2464 1450 2516 nt
1465 2456 1569 2535 jussus
1590 2477 1632 2532 es,
1650 2458 1782 2520 transfer

418 2547 536 2608 oculum
560 2545 600 2605 ad
624 2546 759 2624 regulam
783 2562 907 2622 eamque
931 2544 1018 2605 volve
1043 2553 1074 2604 et
1097 2545 1213 2606 oculum
1237 2563 1333 2616 move,
1358 2544 1452 2606 donec
1477 2546 1684 2607 transversale
1709 2565 1779 2609 cor·

418 2635 506 2697 nibus
541 2634 648 2695 Lunae
681 2632 882 2694 subtendatnr
913 2651 951 2692 ex
984 2651 1089 2711 aequo.
1142 2633 1261 2711 Regula
1294 2634 1434 2694 ostendet
1461 2634 1491 2695 in
1525 2634 1634 2697 circulo
1667 2636 1781 2715 gradus

418 2722 624 2786 inclinationis
654 2722 819 2803 quaesitos.
867 2720 975 2781 Solent
1002 2721 1268 2783 instrumentorum
1298 2722 1515 2785 metallicerum
1547 2724 1679 2786 artifices
1703 2744 1780 2805 qna·

419 2813 560 2875 drentem
585 2811 613 2872 in
637 2812 759 2891 planum
782 2809 937 2871 verticalis
967 2820 1186 2889 competentem
1220 2812 1340 2890 infigere
1369 2811 1494 2891 tripodi,
1528 2821 1560 2873 et
1583 2813 1612 2873 in
1637 2813 1779 2876 circulum

419 2901 583 2963 immittere
616 2901 814 2980 quadrantem
850 2906 954 2979 aperto
986 2900 1121 2973 alveolo;
1155 2899 1298 2961 circulum
1328 2919 1399 2960 vero
1424 2920 1461 2960 ex
1485 2901 1600 2962 dnobus
1633 2901 1781 2982 oppositis

419 2990 540 3070 punctis
565 2989 595 3050 in
621 2988 701 3050 linea
723 2986 870 3049 horizonti
894 2987 1040 3067 parallelo
1062 2988 1158 3049 eidem
1183 2988 1294 3069 tripodi
1318 2990 1452 3069 ailigere.
1489 2991 1525 3050 Id
1549 2990 1780 3053 instrumentum

422 3078 558 3159 apprime
582 3086 630 3139 est
654 3077 736 3138 utile.

506 3168 576 3229 Hae
600 3166 761 3228 rationein
778 3165 883 3243 eclipsi
899 3164 1003 3226 Lunae
1028 3165 1180 3237 utendum,
1206 3166 1255 3227 ubi
1276 3173 1409 3227 nostrum
1429 3167 1660 3228 instrumentum
1684 3168 1781 3248 eclip-

418 3257 509 3318 ticum
533 3276 592 3316 non
617 3256 693 3316 satis
718 3255 830 3316 clarum
855 3262 992 3332 praestat
1016 3254 1132 3314 radium
1155 3255 1259 3316 Lunae
1284 3255 1450 3317 deficientis
1474 3256 1502 3317 in
1527 3256 1664 3330 obscuro,
1690 3265 1780 3337 atque

418 3347 520 3408 radius
544 3346 610 3423 ipse
634 3344 839 3424 praesentiam
868 3343 988 3404 accensi
1016 3341 1094 3403 cerei
1119 3362 1176 3403 non
1206 3344 1265 3404 fert
1289 3344 1326 3403 ad
1358 3344 1588 3407 dinumerandos
1612 3345 1640 3406 in
1666 3345 1782 3408 tabella

419 3436 530 3513 gradus
555 3432 801 3496 inclinationum:
828 3440 881 3491 ant
900 3432 925 3491 si
949 3432 1054 3493 crebra
1078 3450 1231 3495 cereorum
1251 3452 1317 3493 cum
1342 3435 1474 3496 tenebris
1497 3435 1679 3514 permutatio
1702 3434 1781 3496 visui

420 3524 446 3585 in
471 3524 678 3602 dignoscendo
702 3521 786 3582 radio
811 3519 1022 3599 impedimento
1047 3528 1104 3580 est.
1153 3523 1188 3581 In
1213 3524 1288 3583 bunc
1317 3524 1436 3584 modurn
1465 3524 1625 3586 observavi
1655 3522 1778 3601 eclipsin

422 3613 543 3686 Lunae,
576 3631 653 3692 quae
687 3610 743 3671 luit
773 3630 850 3670 anno
882 3606 976 3673 1603.
1014 3605 1063 3671 14.
1089 3605 1141 3671 24.
1167 3611 1260 3685 Maii,
1296 3611 1381 3691 cnjus
1412 3611 1633 3673 observationis
1670 3612 1778 3673 seriem

422 3700 580 3781 subjiciam
603 3699 784 3780 problemati
809 3698 863 3760 21.

508 3789 703 3852 Problema
739 3787 828 3848 XIX.
890 3786 1130 3865 Populariter
1167 3788 1343 3866 quasdam
1385 3788 1582 3868 utriusque
1621 3786 1782 3867 deliquii

422 3879 693 3942 inclinationes
718 3885 913 3938 annotare.
951 3874 1083 3953 Respice
1107 3874 1269 3953 diligenter
1288 3877 1327 3937 ad
1347 3896 1383 3937 ea
1398 3886 1559 3949 momenta,
1585 3896 1651 3937 cnm
1675 3876 1781 3937 umbra

422 3968 557 4046 praecise
591 3968 639 4028 vel
663 3967 692 4028 in
726 3966 839 4026 vertice
871 3971 919 4024 est
949 3964 997 4023 vel
1026 3964 1053 4023 in
1087 3962 1149 4023 ima
1181 3964 1333 4026 luminaris
1364 3973 1452 4044 parte
1484 3967 1531 4028 vel
1561 3966 1599 4025 ab
1633 3967 1781 4027 alterutro

422 4057 531 4131 latere,
556 4057 613 4118 boc
638 4065 687 4117 est
709 4074 776 4116 cum
800 4072 911 4115 cornua
935 4053 983 4113 vel
1006 4053 1143 4133 praecise
1175 4073 1290 4114 sursum
1322 4054 1429 4133 supina
1451 4055 1500 4115 vel
1523 4056 1662 4115 deorsum
1686 4072 1783 4133 prona

422 4155 570 4227 vergunt,
602 4146 649 4206 vel
679 4145 718 4206 ad
749 4142 992 4223 perpendicnlum
1024 4151 1126 4202 erecta
1159 4149 1252 4205 stant.
1298 4144 1377 4204 Nam
1409 4164 1466 4204 non
1501 4143 1589 4204 facile
1622 4143 1671 4205 hic
1702 4143 1782 4205 fallit

422 4234 606 4297 aestimatio.
659 4235 744 4295 Haec
774 4238 926 4293 momenta
963 4229 1122 4309 diligenter
1158 4240 1271 4292 annota
1306 4233 1402 4293 modis
1435 4233 1489 4307 iis,
1523 4231 1572 4312 qni
1607 4241 1780 4313 sequuntur.

423 4324 520 4404 Hujus
545 4324 701 4404 praecepti
725 4323 819 4383 multa
843 4319 982 4398 exempla
1010 4319 1239 4398 suppeditantur
1264 4342 1301 4382 ex
1324 4321 1585 4383 observationibus
1610 4320 1781 4403 Tychonis3

423 4414 575 4494 etiamque
598 4431 636 4472 ex
660 4413 707 4486 iis,
733 4430 809 4491 quae
834 4432 852 4472 a
876 4429 922 4469 me
947 4408 1110 4469 observata
1128 4409 1192 4489 jam
1216 4411 1321 4471 statim
1345 4411 1533 4490 subjungam.

463 4556 552 4618 Alio
582 4552 687 4616 modo
715 4552 793 4614 sine
822 4550 1066 4613 instrumento
1098 4550 1252 4630 deliquii
1277 4552 1433 4613 Lunaris
1461 4551 1735 4615 inclinationes

1006 4648 1197 4700 annotare.

506 4768 592 4832 Peue
616 4775 650 4829 ut
673 4765 754 4846 prius
778 4773 916 4844 tempora
939 4771 1020 4838 nota,
1046 4765 1164 4844 quando
1189 4784 1299 4826 cornua
1314 4765 1418 4826 Lunae
1442 4784 1509 4826 cum
1533 4762 1634 4844 aliqua
1656 4764 1781 4828 lixarum

424 4868 474 4920 ant
502 4860 697 4939 planetarum
727 4855 900 4916 coincidunt
923 4855 952 4916 in
986 4855 1112 4914 eandem
1144 4863 1258 4915 rectam
1287 4863 1340 4914 aut
1370 4854 1466 4914 eidem
1495 4853 1782 4933 perpendiculariter

425 4948 631 5011 obvertuntur.
678 4944 741 5007 Sed
764 4953 835 5006 tunc
859 4944 887 5003 in
913 4942 1110 5003 extricatione
1134 4943 1302 5004 memineris
1332 4941 1523 5021 parallaxeos
1547 4943 1665 5018 Lunae,
1690 4962 1781 5023 prae-

425 5038 526 5100 sertim
541 5037 570 5099 si
585 5036 625 5098 ad
648 5035 768 5097 stellam
793 5033 922 5094 vicinam
947 5038 1124 5112 comparata
1138 5033 1204 5094 fuit.
1242 5032 1342 5093 Aliter
1366 5032 1442 5093 enim
1466 5050 1577 5093 cornua
1599 5032 1658 5094 fnit
1680 5031 1781 5116 appli-

424 5135 547 5207 catnra,
582 5125 611 5188 si
641 5142 679 5186 ex
709 5131 812 5185 centro
837 5121 949 5183 Terrae
982 5128 1123 5201 spectata
1156 5122 1274 5183 fuisset.
1319 5120 1385 5182 Hoc
1419 5139 1507 5183 unum
1534 5120 1560 5183 si
1589 5128 1713 5198 teneas,
1745 5119 1783 5184 de
