4584 6192
983 568 1116 620 uaesano.
1664 573 1728 639 525

1535 750 1542 763 θ

463 736 538 801 Cum
563 751 625 805 tam
648 742 743 801 multa
766 744 862 820 prosit
877 745 978 823 optica
994 746 1121 808 scientia
1135 746 1346 827 philosophiae
1367 750 1508 821 naturali,
1528 768 1597 829 Jure
1612 751 1727 830 optimo

375 828 459 889 Pena
480 829 569 908 plura
593 830 683 891 etiarn
709 830 746 889 ab
771 832 871 909 optica
901 842 1075 912 exspectat,
1107 836 1137 897 in
1162 835 1263 914 magia
1288 844 1324 897 et
1343 836 1496 915 theologia
1519 839 1730 920 Porphyriana

374 917 462 996 inque
487 919 650 981 manuariis
674 918 848 998 praestigiis
873 921 1084 984 discutiendis:
1119 945 1174 985 nec
1198 944 1295 1004 pauca
1318 927 1468 1003 promittit
1491 926 1540 988 Jo.
1566 927 1727 1005 Baptistae

374 1005 485 1067 Portae
510 1008 616 1086 Magia
648 1007 813 1082 naturalis,
849 1029 936 1089 quam
967 1012 1062 1073 lector
1093 1014 1201 1087 adeat3
1239 1013 1356 1075 videbit
1385 1015 1514 1093 opticam
1539 1014 1728 1095 disciplinam

375 1102 442 1156 tota
466 1095 530 1156 vita
552 1098 683 1159 humana
706 1095 899 1160 admirabiles
924 1102 1075 1180 explicare
1100 1103 1259 1163 utilitates.

465 1184 620 1246 Hactenus
645 1184 736 1263 igitur
761 1186 843 1246 Pena
866 1188 952 1249 nobis
976 1191 1096 1250 auditus
1121 1199 1186 1251 esto
1217 1192 1252 1251 de
1277 1189 1469 1270 praestantia
1493 1190 1609 1268 optices
1634 1191 1729 1271 deque

376 1273 533 1352 stupendis
557 1276 622 1353 ejus
648 1273 802 1335 effectibus
827 1276 854 1336 in
880 1296 977 1338 rerum
1000 1288 1109 1339 natura
1133 1279 1303 1358 detegenda
1327 1278 1504 1339 doctissime
1529 1298 1683 1357 perorans.

464 1362 551 1423 Nunc
584 1373 715 1439 tempus,
751 1370 783 1422 ut
815 1366 970 1442 promissis
995 1368 1082 1427 fidem
1114 1377 1267 1445 praestem
1302 1368 1483 1446 doceamque
1519 1367 1575 1427 hac
1613 1368 1730 1446 optices

375 1456 480 1529 parte,
506 1469 594 1531 quam
619 1450 836 1528 Dioptricen
862 1455 1063 1532 appellamus,
1089 1456 1212 1536 ejusque
1236 1456 1373 1534 subjecto
1406 1455 1587 1534 perspicillis
1612 1476 1668 1517 nos
1692 1457 1729 1517 de

374 1558 476 1600 rernm
499 1547 607 1602 natura
632 1541 719 1617 longe
745 1541 1008 1604 admirabilissima
1032 1545 1114 1604 brevi
1147 1546 1292 1627 temporis
1323 1545 1423 1623 spatio
1455 1544 1614 1616 didicisse;
1653 1544 1729 1605 adeo

378 1627 512 1708 quidem,
546 1638 579 1690 ut
610 1627 737 1709 puerilia
764 1630 858 1690 videri
891 1633 1006 1709 possint
1033 1652 1224 1713 quaecunque
1259 1634 1404 1694 hacteuus
1438 1632 1553 1710 optices
1585 1632 1728 1694 beneficio

378 1718 500 1778 detecta
524 1737 562 1777 ex
583 1718 668 1778 Pena
691 1719 892 1795 produximus.

466 1806 618 1868 Versatur
641 1807 670 1865 in
694 1806 831 1867 inanibus
857 1809 985 1869 omniurn
1010 1808 1194 1871 Siderous
1220 1808 1395 1869 Galilaei
1421 1808 1576 1869 nuncius
1611 1815 1641 1869 et
1664 1828 1732 1870 rnea

379 1894 592 1974 qualiscunque
616 1914 681 1956 cum
706 1895 761 1955 hcc
786 1897 890 1956 nuncio
915 1898 1169 1971 Dissertatio,
1200 1906 1264 1958 turn
1293 1898 1385 1958 etiarn
1409 1896 1729 1972 Narratiuncula,

377 1982 487 2046 Nuncii
512 1983 620 2045 siderei
646 1984 875 2046 confirmatoria.
915 1986 1026 2047 Lector
1050 1988 1151 2067 itaque
1176 1988 1307 2047 breviter
1330 1985 1499 2064 perpendat
1523 1985 1626 2063 capita
1649 1984 1731 2047 illius

378 2071 497 2145 Nuncii,
524 2092 599 2151 quae
624 2081 655 2133 et
678 2082 791 2152 quanta
809 2075 977 2153 perspicilli
1003 2076 1081 2136 illius
1106 2076 1257 2147 beneficio,
1283 2076 1365 2152 cujus
1389 2074 1523 2134 rationes
1548 2074 1603 2134 hoc
1628 2072 1730 2135 libello

380 2160 566 2234 demonstro,
590 2162 700 2222 fuerint
725 2162 854 2223 detecta.
903 2165 1087 2225 Testabatur
1105 2164 1198 2238 visus,
1224 2183 1291 2224 esse
1316 2162 1436 2241 aliquod
1461 2162 1490 2223 in
1515 2162 1598 2222 coelo
1622 2181 1730 2241 corpus

379 2248 518 2323 lucidum,
546 2250 624 2329 quod
647 2250 762 2309 Lunam
788 2251 922 2323 dicimus,
948 2253 1183 2314 demonstratum
1210 2252 1265 2312 fuit
1288 2271 1327 2311 ex
1351 2250 1517 2311 rationibus
1541 2250 1666 2328 opticis,
1699 2251 1730 2312 id

380 2356 487 2416 corpus
513 2358 579 2399 esse
608 2339 783 2413 rotundum,
818 2342 1002 2402 astronomia
1033 2343 1123 2403 etiam
1153 2339 1431 2401 ratiocinationibus
1460 2338 1608 2400 nonnullis
1640 2357 1730 2417 super

380 2427 483 2505 optica
507 2427 702 2487 fundamenta
727 2428 883 2489 collocatis
909 2438 1100 2491 exstruxerat
1124 2430 1189 2508 ejus
1213 2429 1402 2489 altitudinem
1421 2429 1547 2489 aTerra
1570 2427 1732 2507 sexaginta

381 2514 502 2577 circiter
515 2516 804 2576 semidiametrorum
821 2518 941 2579 Terrae.
976 2518 1174 2599 Apparebant
1198 2518 1227 2577 in
1252 2517 1302 2577 illo
1322 2535 1444 2595 corpore
1461 2516 1562 2577 variae
1578 2516 1714 2577 maculae
1721 2534 1730 2589 ;

380 2612 413 2665 et
437 2611 542 2665 secuta
566 2613 614 2664 est
637 2604 764 2665 obscura
788 2605 885 2684 opinio
909 2627 1069 2686 paucorum
1098 2606 1359 2686 philosophorum,
1393 2604 1481 2665 illata
1510 2605 1548 2666 ab
1572 2604 1729 2666 Hecataeo

379 2693 409 2754 in
434 2692 553 2753 fabulas
578 2693 613 2753 de
638 2693 896 2774 Hyperboreorum
922 2697 1029 2766 insula,
1054 2697 1199 2757 montium
1223 2704 1254 2755 et
1277 2694 1413 2767 vallium,
1443 2693 1575 2754 humoris
1600 2700 1632 2754 et
1655 2711 1730 2754 con·

378 2781 538 2842 tinentium
563 2782 714 2842 alternata
747 2784 877 2861 conspici
910 2786 1079 2846 simulacra.
1128 2786 1173 2848 At
1201 2803 1276 2844 nunc
1304 2781 1509 2862 perspicillum
1532 2781 1633 2842 omnia
1657 2781 1732 2842 haec

379 2870 457 2930 adeo
481 2871 518 2930 ob
543 2871 644 2930 oculos
670 2870 815 2943 collocat,
849 2884 881 2934 ut
904 2876 992 2952 plane
1018 2874 1153 2935 timidum
1177 2891 1243 2933 esse
1273 2879 1428 2950 oporteat,
1465 2870 1514 2950 qui
1547 2870 1601 2931 tali
1630 2870 1732 2932 fruens

379 2967 507 3038 aspectu
530 2959 692 3020 etiamnum
724 2960 918 3023 dubitandum
948 2963 1109 3023 existimet.
1156 2961 1239 3024 Nihil
1269 2969 1316 3020 est
1344 2959 1472 3032 certius,
1508 2978 1597 3037 quam
1627 2965 1733 3036 partes

379 3048 484 3108 Lunae
508 3047 719 3108 meridionales
743 3049 879 3126 plurimis
904 3051 997 3129 iisque
1022 3051 1175 3111 immensis
1200 3058 1317 3110 scatere
1342 3048 1508 3121 montibus,
1533 3055 1637 3127 partes
1661 3064 1732 3108 vero

380 3136 652 3214 septentrionales,
691 3138 895 3215 depressiores
934 3140 1059 3218 quippe,
1102 3140 1228 3200 lacubus
1266 3136 1460 3216 amplissimis
1499 3136 1679 3195 defluentem
1716 3156 1735 3195 a

379 3224 504 3286 meridie
528 3225 680 3286 humorem
704 3226 850 3304 excipere.
899 3225 983 3297 Quae
1008 3229 1089 3307 prins
1114 3228 1198 3287 Pena
1227 3227 1412 3306 produxerat
1446 3225 1562 3303 optices
1591 3222 1734 3285 beneficio

379 3314 539 3394 patefacta
562 3313 714 3391 dogmata,
739 3315 793 3375 illa
817 3335 835 3374 a
859 3317 997 3376 tenuibus
1022 3319 1104 3378 risus
1124 3314 1313 3376 adminiculis
1337 3315 1481 3393 originem
1506 3311 1659 3373 trahentia
1681 3331 1736 3391 per

381 3404 489 3480 longas
520 3403 764 3464 ratiocinationes
789 3405 866 3464 inter
890 3425 923 3464 se
947 3424 1041 3465 nexas
1056 3405 1350 3477 demonstrabantur,
1377 3404 1420 3465 sic
1445 3411 1476 3463 ut
1501 3401 1610 3463 rationi
1633 3401 1735 3480 potius

380 3492 542 3565 hnmanae,
569 3511 656 3570 quam
681 3491 774 3552 oculis
799 3494 1086 3556 transcriberentur:
1120 3503 1153 3554 at
1183 3494 1229 3554 hic
1257 3493 1323 3571 jam
1351 3492 1427 3553 oculi
1459 3490 1515 3569 ipsi
1540 3508 1619 3551 nova
1642 3489 1736 3550 veluti

376 3580 473 3660 janua
493 3579 568 3640 coeli
583 3581 739 3658 patefacta
763 3581 791 3640 in
817 3591 1009 3660 conspectum
1034 3602 1131 3645 rernm
1157 3584 1362 3643 abstrusarum
1387 3581 1583 3640 adducuntur.
1619 3574 1735 3646 Quodsi

381 3668 427 3729 cui
456 3668 521 3746 jam
554 3687 644 3746 super
678 3669 763 3730 noris
794 3669 876 3731 hisce
905 3672 1168 3733 observationibus
1201 3671 1305 3731 lubeat
1328 3668 1419 3728 etiarn
1444 3666 1570 3728 rationis
1596 3666 1653 3726 rim
1678 3683 1733 3726 ex-

384 3764 503 3817 cutere:
542 3758 608 3836 quis
633 3777 689 3817 non
721 3757 821 3832 videt,
856 3778 944 3837 quarn
977 3761 1065 3839 longe
1095 3758 1311 3837 contemplatio
1343 3764 1468 3817 naturae
1500 3775 1555 3815 sua
1582 3752 1736 3832 pomoeria

381 3847 539 3925 prolatura
562 3846 619 3919 sit3
651 3847 719 3906 dum
745 3847 929 3925 quaerimus,
956 3849 1002 3909 cui
1027 3850 1103 3911 bono
1129 3849 1158 3908 in
1182 3849 1268 3909 Luna
1292 3846 1352 3906 sint
1382 3843 1525 3905 montium
1554 3841 1734 3919 valliumque

382 3942 517 4008 tractus,
553 3934 677 3995 marium
702 3936 889 4013 amplissima
913 3937 1027 4015 spatia;
1066 3946 1098 3997 et
1130 3957 1168 3997 an
1199 3956 1256 3996 non
1281 3933 1438 4013 ignobilior
1471 3933 1572 4012 aliqua
1595 3939 1736 3991 creatura

383 4042 472 4102 qnam
498 4023 584 4083 horno
609 4025 704 4085 statui
728 4025 836 4102 possit,
861 4045 936 4104 quae
962 4035 1077 4088 tractus
1102 4026 1170 4085 illos
1195 4022 1364 4085 inhabitet?

472 4112 537 4172 Nec
561 4111 658 4172 minus
683 4113 831 4174 deciditur
855 4114 923 4175 hinc
949 4123 980 4175 et
1003 4115 1056 4176 illa
1080 4115 1244 4193 quaestio,
1271 4132 1346 4192 quae
1377 4130 1452 4191 pene
1486 4128 1551 4170 curn
1575 4107 1642 4186 ipsa
1664 4106 1735 4186 pbi-

383 4200 521 4280 losophia
544 4209 626 4275 nata,
653 4211 809 4264 exercetur
832 4203 919 4264 hodie
944 4225 962 4264 a
986 4203 1182 4264 nobilissimis
1206 4202 1352 4281 ingeniis,
1386 4198 1521 4279 possitne
1545 4198 1640 4258 Terra
1671 4215 1737 4257 mo-

382 4290 447 4350 veri
472 4291 565 4369 (quod
590 4290 726 4350 theorica
749 4292 886 4352 doctrina
901 4292 1089 4370 planetarum
1105 4293 1194 4353 valde
1214 4292 1381 4362 desiderat)
1406 4288 1469 4347 sine
1494 4286 1630 4366 gravium
1653 4285 1739 4348 ruina

385 4385 440 4439 aut
462 4378 527 4438 sine
556 4380 726 4439 turbatione
761 4389 859 4441 motus
893 4382 1118 4442 elementorum.
1165 4381 1245 4441 Nam
1279 4380 1304 4440 si
1329 4379 1421 4438 'l'erra
1450 4397 1468 4437 a
1499 4382 1602 4436 centro
1636 4372 1737 4435 mundi

385 4467 505 4537 exulat,
529 4475 667 4529 metuunt
689 4469 820 4530 nonnulli
845 4490 882 4530 na
906 4491 1003 4550 aquae
1027 4471 1116 4548 globo
1142 4470 1254 4529 Terrae
1278 4470 1399 4529 deserto
1424 4463 1579 4526 inmundi
1603 4469 1737 4523 centrum

383 4557 523 4617 refluant.
570 4557 667 4636 Atqui
690 4558 826 4618 ridemus
851 4567 882 4619 et
912 4560 941 4619 in
965 4560 1052 4620 Luna
1076 4560 1175 4619 inesse
1208 4558 1268 4617 vim
1301 4554 1443 4628 humoris,
1478 4554 1638 4631 depressas
1672 4550 1738 4629 ejus

383 4644 466 4722 globi
483 4645 606 4705 lacunas
622 4645 830 4707 obsidentem:
856 4648 905 4726 qni
920 4648 1027 4725 globus
1044 4646 1180 4726 quamvis
1205 4647 1234 4707 in
1259 4646 1323 4724 ipso
1348 4643 1469 4703 aethere
1490 4640 1739 4709 circumducatur,

384 4741 473 4794 extra
497 4742 602 4794 centra
624 4753 681 4795 non
706 4735 805 4796 mundi
830 4743 948 4796 tantum
973 4736 1025 4796 sed
1050 4745 1081 4797 et
1096 4737 1209 4796 Terrae
1225 4741 1358 4804 nostrae,
1381 4750 1439 4791 non
1461 4738 1561 4791 tamen
1581 4728 1738 4808 quicquam

384 4822 545 4902 impeditur
577 4824 665 4902 copia
698 4844 842 4903 aquarum
866 4824 1044 4899 Lunarinm,
1071 4844 1127 4903 quo
1163 4823 1259 4884 minus
1292 4823 1330 4882 ad
1362 4829 1497 4882 centrum
1528 4817 1574 4878 sui
1603 4815 1738 4898 corporis

383 4903 512 4972 tendens
536 4912 640 4973 Lunae
670 4912 760 4992 globo
784 4921 926 4974 constans
951 4914 1125 4974 adhaereat.
1174 4913 1279 4991 ltaque
1311 4909 1412 4988 optica
1442 4909 1586 4969 reformat
1610 4906 1657 4966 vel
1681 4904 1737 4966 boc

382 4999 514 5061 Lunaris
547 5000 627 5080 globi
667 5002 804 5081 exemplo
838 5003 1004 5064 doctrinam
1042 5001 1177 5081 gravium
1211 5007 1242 5061 et
1273 4999 1403 5072 levium,
1442 4997 1655 5074 confirmatque
1688 4992 1755 5079 hic

381 5087 635 5151 introductionem
659 5110 756 5151 meam
779 5091 809 5151 in
834 5090 1060 5154 Commentaria
1082 5089 1192 5151 Martis
1216 5096 1359 5150 motuum.
