4584 6192
470 600 537 669 274
964 604 1138 654 amnonius
1156 603 1218 654 Para
1236 602 1334 668 opttca

467 781 589 843 voluere
614 780 746 843 fortasse
770 799 825 859 per
848 798 932 841 suam
960 778 1045 838 illam
1074 780 1188 841 frustra
1217 777 1372 857 explosam
1396 777 1434 838 ab
1457 777 1625 840 Aristotele
1646 778 1831 859 Ἀναχθονα,

468 870 639 932 defectuum
665 889 797 941 causam,
823 888 911 947 qnam
935 867 1066 940 Lunam)
1090 869 1120 928 in
1144 867 1202 927 hac
1231 874 1333 928 tamen
1357 886 1425 928 eam
1449 867 1566 929 differre
1592 867 1688 928 voluit
1711 889 1730 928 a
1753 869 1831 930 Ter-

467 977 539 1020 reuo
564 959 665 1035 globo,
691 959 769 1038 quod
784 958 871 1018 Luna
894 956 990 1016 instar
1014 956 1128 1033 speculi
1153 956 1247 1016 lucem
1267 955 1371 1016 aSole
1397 964 1552 1034 acceptam
1570 975 1673 1016 rursus
1696 958 1830 1030 emittat,

469 1065 536 1108 cum
559 1047 662 1120 Terra,
693 1046 787 1108 radiis
810 1046 934 1126 perfusa
957 1043 1048 1118 Solis,
1078 1051 1197 1104 tantum
1222 1044 1373 1104 clarescat
1397 1064 1456 1104 non
1479 1046 1623 1106 reluceat.
1671 1046 1734 1105 Imo
1759 1064 1831 1106 vero

467 1153 524 1214 par
547 1144 596 1197 est
619 1135 773 1216 utriusque
797 1134 874 1195 ratio
899 1133 1011 1193 Terrae
1036 1142 1067 1193 et
1090 1134 1207 1193 Lunae.
1254 1132 1333 1194 Nam
1357 1152 1452 1212 neque
1476 1134 1563 1194 Luna
1593 1133 1746 1211 speculum
1771 1142 1830 1207 est,

469 1223 547 1303 quod
570 1231 651 1285 recte
681 1243 773 1303 supra
796 1221 974 1283 Plutarchus
999 1230 1030 1282 et
1052 1220 1154 1282 Arabs
1183 1220 1233 1281 ille
1258 1228 1290 1281 et
1313 1220 1491 1283 Cleomedes
1519 1222 1705 1295 refutarunt,
1734 1242 1831 1302 neque

470 1312 564 1373 Terra
593 1332 651 1374 non
683 1313 764 1374 lucet
793 1310 858 1371 lnce
891 1310 1130 1371 communicata:
1167 1310 1243 1389 quod
1268 1309 1369 1389 capite
1392 1311 1433 1370 Il.
1462 1329 1547 1389 prop.
1574 1310 1603 1373 7.
1640 1309 1759 1371 abunde
1784 1320 1831 1372 est

468 1400 629 1479 probatum
652 1400 798 1479 exemplis
822 1399 951 1460 omnium
975 1398 1144 1477 parietum:
1177 1408 1358 1477 suggerente
1388 1398 1481 1459 etiam
1503 1399 1668 1460 Plutarcho
1691 1400 1831 1478 exempla

473 1489 612 1550 vestium.
659 1486 775 1558 Quodsi
802 1486 997 1560 Cleomedes,
1023 1485 1052 1546 id
1073 1486 1151 1566 quod
1175 1487 1239 1564 ipse
1264 1486 1407 1560 celebrat,
1427 1487 1532 1547 Lunae
1556 1487 1707 1566 proprium
1731 1487 1830 1549 lumen

470 1576 601 1639 colorem
624 1576 681 1638 dici
704 1577 837 1657 patitur,
872 1595 958 1654 quem
988 1595 1080 1655 supra
1108 1574 1227 1636 definiri
1261 1576 1356 1635 lucem
1390 1576 1538 1654 sepultam
1562 1576 1591 1637 in
1616 1576 1765 1649 materia,
1800 1576 1829 1638 in

468 1666 577 1727 ceteris
600 1666 688 1745 plane
713 1685 827 1727 mecum
851 1664 982 1743 loquitur
1013 1682 1188 1744 mecumque
1218 1664 1384 1739 concludit,
1418 1683 1533 1726 mecum
1563 1665 1689 1744 denique
1723 1675 1832 1725 contra

467 1753 661 1816 Posidonium
685 1754 801 1835 utrique
826 1762 857 1813 et
880 1753 985 1813 Lunae
1009 1761 1040 1812 et
1063 1753 1176 1813 Terrae
1200 1771 1271 1813 snos
1295 1753 1412 1814 colores
1435 1753 1556 1827 tribuit,
1588 1755 1637 1833 qui
1661 1754 1788 1815 excitati
1812 1776 1830 1813 a

469 1843 533 1904 luce
558 1842 639 1904 Solis
664 1843 784 1905 radient
805 1842 836 1903 in
860 1840 1013 1902 dimidium
1037 1840 1149 1913 orbem,
1173 1848 1208 1901 ut
1226 1841 1286 1901 ista
1310 1861 1403 1902 causa
1426 1842 1719 1921 resplendescentiae
1734 1844 1831 1903 Terra

467 1938 499 1991 et
521 1931 608 1992 Luna
635 1930 721 2010 paria
749 1931 871 1992 faciant.
919 1930 965 1990 De
989 1930 1045 1990 hac
1073 1929 1176 2009 itaque
1200 1930 1304 1991 Lunae
1334 1931 1537 1992 illustratione
1566 1930 1728 1993 certissimi
1759 1939 1831 1992 sunt

469 2020 655 2082 astronomi:
681 2019 759 2100 quod
783 2040 801 2080 a
825 2017 896 2080 Sole
920 2018 1023 2078 veniat
1046 2019 1182 2097 quodque
1206 2017 1254 2077 hic
1274 2018 1378 2079 Lunae
1402 2038 1510 2098 corpus
1535 2021 1631 2102 ipsum
1656 2040 1714 2081 non
1739 2019 1829 2080 aliter

471 2128 503 2169 se
528 2109 680 2181 exhibeat,
705 2127 793 2188 quam
817 2107 944 2189 quilibet
967 2106 1073 2167 obvius
1095 2107 1206 2186 paries.

556 2198 622 2260 Hoc
655 2198 848 2258 fundamento
879 2196 979 2275 posito
1008 2196 1073 2275 jam
1108 2196 1210 2257 varios
1242 2195 1329 2274 hujus
1361 2194 1587 2256 illuminationis
1620 2196 1723 2257 modos
1757 2196 1827 2256 inde

469 2286 608 2347 derivant
630 2286 805 2347 astronomi.
852 2284 983 2346 Primum
1008 2285 1174 2364 disputant,
1199 2304 1264 2345 cum
1285 2282 1339 2344 Sol
1363 2284 1522 2362 sphaerica
1546 2286 1643 2346 forma
1665 2286 1716 2359 sit,
1741 2285 1829 2346 Luna

467 2373 572 2436 itidem
596 2375 691 2436 forma
714 2373 887 2455 sphaerica,
921 2374 975 2434 sed
1003 2374 1127 2436 minori:
1163 2374 1280 2434 Lunam
1306 2371 1397 2452 igitur
1423 2375 1492 2452 plus
1516 2392 1605 2453 quam
1635 2373 1759 2435 dimidia
1782 2373 1829 2434 sni

468 2472 555 2543 parte
579 2484 598 2524 a
622 2461 694 2525 Sole
718 2463 893 2536 illuminari,
919 2469 949 2521 et
972 2462 1131 2523 terminum
1160 2460 1387 2522 illuminationis
1412 2482 1479 2523 esse
1503 2463 1658 2538 circulum,
1684 2463 1828 2524 minorem

468 2561 569 2613 tamen
593 2571 638 2626 eo,
664 2552 764 2632 quiin
790 2551 946 2633 sphaerico
970 2551 1075 2611 Lunae
1099 2570 1223 2632 corpore
1248 2548 1394 2610 maximus
1418 2550 1605 2625 describitur,
1630 2552 1748 2629 peril,
1773 2549 1828 2613 27.

469 2640 656 2702 Vitellionis.
703 2641 780 2702 Hinc
805 2640 870 2719 jaru
894 2639 1061 2718 anticipata
1089 2658 1175 2711 cura,
1210 2638 1334 2718 cognita
1362 2639 1509 2700 distantia
1541 2639 1694 2720 utriusque
1719 2640 1829 2701 sideris

469 2737 501 2789 et
523 2729 687 2804 diametris,
713 2730 822 2791 docent
845 2728 1028 2807 investigare
1052 2727 1290 2808 magnitudinem
1314 2727 1414 2788 circuli
1440 2727 1674 2790 illuminationis.

642 2868 673 2933 3.
720 2870 770 2930 De
795 2870 937 2931 circulo
961 2869 1263 2931 illuminationis
1287 2870 1413 2931 Lunae
1437 2878 1475 2930 et
1499 2871 1649 2932 Terrae.

558 2995 655 3075 Hujus
689 2993 821 3073 cognitio
853 2993 938 3055 nobis
970 3000 1078 3072 postea
1110 2994 1224 3054 serviet
1256 2995 1286 3054 in
1323 2993 1529 3072 problematis.
1581 2994 1769 3057 Reinholdus
1799 2996 1829 3055 in

471 3085 687 3148 commentario
711 3103 801 3162 super
824 3082 970 3144 Theorias
994 3082 1154 3143 Purbaohii
1186 3082 1387 3144 eruditissimo
1412 3089 1443 3143 et
1467 3082 1570 3162 digno,
1595 3086 1644 3164 qui
1668 3084 1831 3163 diligenter

470 3195 490 3235 a
513 3194 610 3235 rerum
634 3172 811 3235 coelestium
834 3171 978 3232 studiosis
1002 3170 1129 3249 legatur,
1159 3171 1209 3233 fol.
1228 3167 1300 3233 165.
1322 3175 1399 3240 (25³)
1419 3172 1619 3251 quantitatem
1642 3173 1745 3252 prodit
1768 3174 1828 3235 cir-

472 3263 531 3324 culi
550 3260 776 3323 illuminationis
796 3261 884 3322 hauc.
924 3258 973 3321 Sit
988 3264 1053 3332 (rig.
1075 3265 1121 3329 87)
1141 3258 1225 3322 ABC
1246 3260 1373 3321 circulus
1393 3260 1540 3321 maximus
1560 3262 1692 3341 corporis
1712 3264 1829 3337 Lunae,

473 3352 580 3412 ductus
604 3370 658 3430 per
681 3351 780 3429 polum
805 3348 1032 3410 illuminationis
1056 3348 1167 3423 circuli,
1192 3349 1279 3427 polus
1300 3369 1354 3409 seu
1376 3348 1504 3410 medium
1522 3352 1619 3428 partis
1642 3350 1831 3413 illuminatae

473 3439 513 3513 A,
538 3440 666 3500 circulus
691 3437 768 3499 alius
792 3438 938 3499 maximus
962 3456 999 3497 ex
1024 3438 1052 3499 A
1076 3437 1156 3515 polo,
1179 3437 1278 3517 perD
1301 3436 1429 3498 medium
1453 3438 1532 3499 inter
1550 3440 1617 3512 ΑΕ,
1644 3440 1687 3500 sit
1709 3437 1776 3514 PG,
1803 3440 1830 3498 ei

472 3528 639 3607 parallelus
668 3527 796 3588 circulus
827 3526 1052 3586 illuminationis
1075 3524 1145 3600 BG,
1177 3545 1285 3587 secans
1313 3526 1434 3604 globum
1457 3527 1562 3588 Lunae
1586 3527 1665 3588 infra
1693 3536 1831 3589 centrum

471 3616 510 3677 D.
549 3616 657 3677 Prodit
681 3633 752 3693 ergo
776 3614 963 3676 Reinholdus
988 3614 1190 3694 quantitatem
1208 3612 1293 3675 BAC
1316 3610 1471 3677 181045‘.
1510 3616 1642 3677 Aecum
1666 3618 1832 3678 secundum

474 3704 682 3765 Ptolemaeum
707 3705 793 3764 Luna
816 3705 844 3764 in
869 3721 1004 3783 apogaeo
1029 3710 1177 3782 appareat
1205 3703 1340 3782 aequalis
1365 3702 1445 3778 Soli,
1470 3704 1547 3765 unde
1570 3706 1621 3779 fit,
1644 3713 1679 3766 ut
1701 3705 1832 3767 circulus

471 3793 638 3854 terminans
662 3792 808 3853 visionem
831 3792 982 3853 coincidat
1004 3811 1070 3852 curn
1090 3792 1201 3853 circulo
1224 3791 1404 3852 terminante
1429 3792 1683 3868 illuminationem,
1708 3795 1736 3855 si
1755 3814 1831 3856 con-

472 3881 572 3961 tingat
595 3883 712 3942 Lunam
737 3882 775 3941 ad
800 3880 942 3941 amussim
966 3880 1187 3942 subtercurrere
1203 3878 1287 3941 Soli:
1312 3879 1379 3940 ideo
1404 3881 1508 3941 eadem
1533 3901 1624 3961 opera
1642 3883 1832 3945 Reinholdus

472 3971 574 4048 prodit
597 3970 748 4031 residuum
764 3970 801 4029 de
816 3967 909 4041 CAB,
936 3968 1051 4029 scilicet
1066 3966 1146 4029 CEB
1167 3987 1277 4041 arcum,
1302 3969 1351 4047 qni
1374 3977 1491 4046 partem
1514 3970 1609 4031 visam
1624 3991 1678 4051 per
1700 3972 1833 4032 medium

472 4058 605 4132 metitur,
633 4054 713 4119 178⁰
739 4054 800 4132 15¹,
825 4067 858 4118 nt
881 4065 1006 4136 uterque
1034 4056 1122 4118 simul
1147 4053 1230 4119 360⁰
1252 4056 1375 4117 efficiat.
1423 4055 1565 4119 Ceterum
1598 4059 1704 4139 quibus
1737 4080 1831 4140 prae-

471 4153 559 4208 terea
592 4146 794 4207 fundamentis
826 4145 945 4206 innixus
974 4146 1014 4206 sit
1047 4145 1094 4205 hic
1118 4145 1285 4206 doctissimi
1315 4145 1372 4206 viri
1395 4146 1543 4220 calculus,
1578 4147 1737 4209 obscurum
1772 4156 1830 4210 est.

472 4234 544 4312 lpsa
567 4234 687 4311 quidem
711 4234 880 4314 quantitas,
916 4234 992 4313 quod
1017 4253 1091 4313 pace
1119 4234 1199 4295 tanti
1229 4232 1286 4293 viri
1309 4233 1338 4293 in
1369 4235 1553 4295 commodum
1583 4236 1658 4298 artis
1692 4237 1831 4311 dixerim,

472 4321 584 4383 vitiosa
608 4328 665 4395 est,
690 4324 767 4402 quod
792 4324 836 4382 sic
860 4323 1040 4382 demonstro.
1089 4320 1165 4383 Cum
1188 4322 1367 4383 assumserit
1384 4322 1572 4384 Reinholdus
1596 4344 1633 4385 ex
1652 4325 1831 4388 Ptolemaeo

472 4410 564 4471 talem
589 4410 693 4471 Lunae
718 4412 757 4471 ad
781 4412 905 4472 Terram
929 4411 1168 4489 elongationem,
1193 4410 1223 4471 in
1248 4429 1306 4489 qua
1328 4411 1434 4471 Lunae
1458 4429 1565 4490 corpus
1590 4414 1695 4474 eodem
1719 4417 1831 4494 angulo

470 4498 581 4561 visorio
605 4507 761 4578 spectetur
784 4519 841 4579 quo
861 4506 892 4559 et
911 4496 983 4560 Sol:
1009 4507 1118 4578 tangat
1142 4517 1213 4577 ergo
1237 4507 1322 4561 recta
1341 4497 1397 4560 CH
1421 4518 1529 4578 corpus
1547 4501 1651 4562 Lunae
1670 4501 1701 4563 in
1725 4503 1831 4564 circuli

467 4587 694 4649 illuminationis
719 4587 771 4650 CB
795 4595 905 4665 puncto
926 4585 951 4649 O
975 4595 1006 4648 et
1030 4589 1219 4649 continuetur
1237 4587 1295 4648 AD
1320 4587 1386 4648 axis
1410 4588 1649 4664 illuminationis,
1675 4592 1776 4672 quoad
1799 4591 1831 4652 iu

467 4676 497 4737 H
513 4683 672 4739 concurrat
695 4695 762 4737 cum
777 4675 843 4738 CH.
882 4673 963 4745 Quia
987 4695 1057 4755 ergo
1074 4675 1130 4738 GH
1154 4676 1254 4754 tangit
1268 4676 1385 4737 Lunam
1405 4676 1435 4737 in
1455 4676 1564 4738 circulo
1588 4677 1829 4752 illuminationis,

465 4765 566 4845 tangit
589 4764 681 4827 etiam
705 4762 809 4825 Solem
832 4764 1061 4837 illuminantem,
1086 4764 1171 4843 cujus
1195 4770 1332 4825 ceutmm
1355 4764 1476 4843 fingitur
1498 4765 1529 4826 in
1551 4765 1611 4829 DA
1633 4787 1691 4828 axe
1714 4768 1830 4829 illumi-

467 4854 598 4915 nationis
628 4853 779 4913 elevatum
803 4853 925 4927 (Vitell.
950 4852 994 4926 ll,
1020 4851 1089 4926 27).
1135 4851 1179 4912 Et
1201 4852 1273 4931 quia
1301 4852 1405 4913 eodem
1434 4853 1544 4932 angulo
1572 4864 1752 4933 spectantur
1775 4854 1831 4918 Sol

466 4949 499 5003 ot
521 4943 628 5018 Luna,
662 4940 743 5002 linea
773 4960 846 5002 vero
869 4940 929 5002 AD
952 4958 1006 5019 per
1038 4946 1142 5001 centra
1165 4959 1225 5000 una
1248 4947 1315 5013 est,
1349 4946 1380 5000 et
1409 4940 1491 5002 linea
1514 4940 1570 5003 CH
1603 4944 1643 5004 ad
1675 4944 1831 5022 margines

467 5030 620 5111 utriusque
645 5028 799 5090 luminaris
823 5048 892 5103 nna,
916 5027 1041 5107 proinde
1065 5034 1097 5088 et
1115 5025 1201 5087 OHD
1225 5028 1352 5106 angulus
1376 5046 1452 5090 unns
1475 5031 1620 5104 elidem,
1645 5051 1718 5111 ergo
1744 5031 1831 5093 CHD

471 5120 598 5198 angulos
623 5126 686 5193 est,
711 5136 768 5197 quo
801 5124 957 5195 spectatur
979 5114 1134 5193 utriusque
1158 5116 1292 5194 corporis
1323 5117 1557 5180 semidiameter.
1604 5118 1651 5180 At
1674 5120 1831 5199 utriusque
