4584 6192
960 564 1084 616 derebus
1102 565 1206 631 Optieis.
1715 572 1759 640 23

396 732 530 812 sunnin
546 737 649 796 propter
666 747 759 786 ausu
775 750 851 800 snpra
868 733 987 798 elimae),
1005 739 1115 802 sequitur
1132 740 1234 791 schem
1246 755 1351 806 sequens
1369 745 1463 807 positus
1476 739 1503 809 J>
1518 749 1662 809 apparentis
1681 749 1715 799 ad
1725 747 1761 812 ,Θ

397 816 423 852 in
440 802 563 866 principio
582 809 660 868 atque
678 805 729 856 tine
747 806 851 870 eclipsis.
890 806 961 867 Quod
980 809 1001 856 si
1019 809 1123 859 ducatur
1139 812 1165 859 in
1185 825 1217 861 ea
1234 813 1275 861 ria
1294 806 1336 875 ),
1362 816 1459 878 patebit
1482 816 1558 866 otiam
1576 819 1671 879 positus
1690 813 1716 882 )
1736 820 1763 872 in

398 872 480 922 nudie
498 874 620 935 ejusdem.
661 873 720 934 Qun
737 876 903 927 delineatione
921 880 1069 941 conspicitur
1086 882 1208 931 maximus
1221 881 1333 932 defectus
1351 884 1446 936 ultra8
1460 885 1557 951 digitos.
1579 884 1698 948 (Schema
1715 890 1762 941 hoe

399 943 479 993 imile
498 951 540 993 est
557 944 680 996 schemati
698 946 779 997 Probi.
793 945 836 995 27.
856 947 917 1010 Cap.
933 948 975 997 XI.
990 947 1058 1012 Opc.)
1408 943 1416 964 ‘

463 1011 537 1064 'ffis
554 1015 630 1079 igitar
647 1022 708 1081 puto
726 1023 786 1067 tuae
803 1019 916 1081 petitioni
934 1020 1090 1070 satisfactum
1109 1034 1172 1069 esse.
1211 1021 1329 1072 Videmus
1340 1039 1365 1072 n.
1379 1037 1453 1087 qnam
1465 1027 1574 1087 proxime
1585 1029 1632 1076 iste
1651 1029 1762 1080 calculus

401 1086 570 1136 ebsemtioui
588 1095 719 1153 congruat.
755 1086 795 1137 Ah
813 1102 887 1152 quam
907 1088 1037 1138 dolendum
1057 1096 1109 1147 est,
1129 1091 1194 1154 qnod
1206 1093 1390 1142 observationes
1404 1095 1435 1144 ab
1454 1096 1523 1145 initio
1537 1097 1570 1146 sd
1587 1098 1662 1148 finem
1680 1106 1763 1150 certes

400 1157 493 1206 babere
510 1170 562 1205 non
581 1161 718 1219 potuimus,
737 1174 786 1207 non
806 1159 890 1208 dubito
909 1161 967 1223 quin
987 1159 1110 1209 calculum
1129 1162 1280 1212 sufficienter
1291 1166 1428 1226 praecisum
1440 1180 1576 1229 proponere
1588 1170 1761 1231 potuissemus.

401 1227 505 1277 interim
524 1227 622 1292 gaudeo
644 1244 752 1293 eousque
773 1244 829 1278 eum
858 1231 1011 1279 satisfecere.
1034 1254 1069 1264 —
1097 1230 1170 1290 Quod
1193 1239 1276 1281 autem
1295 1236 1440 1298 magnitudo
1463 1237 1543 1286 minor
1562 1238 1654 1301 prodit,
1686 1253 1761 1303 qnam

402 1298 574 1348 observatione
589 1301 688 1356 vidisti,
705 1315 755 1349 non
772 1302 860 1357 miror,
880 1300 1007 1363 multiplex
1026 1317 1052 1350 n.
1072 1315 1150 1350 causa
1169 1304 1193 1350 in
1207 1311 1304 1366 promtu
1320 1313 1369 1354 est:
1392 1303 1418 1367 f)
1429 1307 1460 1355 de
1478 1308 1566 1356 initiali
1581 1308 1761 1368 observatione,

401 1384 474 1433 quem
493 1366 645 1435 positum)
667 1371 701 1420 nd
725 1368 757 1432 Θ
776 1377 891 1435 respectu
907 1372 1031 1421 verticalis
1054 1372 1137 1422 circuli
1158 1372 1285 1431 habuerit,
1309 1383 1404 1425 certum
1421 1384 1447 1426 te
1465 1378 1518 1428 fieri
1537 1380 1615 1429 nubes
1631 1380 1761 1443 prohibue-

404 1445 469 1489 runt.
507 1438 582 1489 Certe
601 1443 622 1491 si
643 1436 670 1505 D
691 1442 823 1491 austraiior
842 1449 964 1506 ponatur,
987 1442 1089 1492 schema
1108 1444 1184 1493 etiam
1203 1448 1323 1507 majorem
1342 1448 1466 1496 defectum
1484 1447 1580 1511 prodet.
1607 1447 1635 1509 2)
1655 1450 1763 1515 Tempus

403 1513 482 1574 ipsum
503 1511 604 1561 dubium
624 1513 680 1562 fuit
717 1510 745 1574 ³)
771 1513 898 1573 Quantam
924 1514 1092 1562 diversitatem
1114 1515 1140 1562 in
1168 1516 1289 1578 parallaxi
1311 1516 1449 1567 latitudiuis
1476 1513 1502 1582 a
1527 1521 1616 1570 subeat
1642 1518 1718 1584 (quse
1737 1522 1762 1570 in

403 1579 476 1631 horas
497 1588 537 1631 est
554 1581 693 1645 mutabilis)
710 1584 778 1646 ipsae
797 1583 910 1633 Tabulae
929 1585 990 1633 satis
1008 1584 1134 1634 evidenter
1153 1584 1251 1635 docent.
1284 1588 1371 1651 htqne
1389 1588 1436 1639 hoo
1458 1590 1538 1653 ipsum
1558 1597 1611 1651 est,
1633 1592 1697 1653 quod
1716 1591 1763 1640 hoc

405 1651 499 1701 calculo
518 1654 643 1716 expediri,
671 1655 735 1719 quod
753 1655 778 1704 iu
797 1653 973 1718 Disputatione
996 1670 1054 1705 mea
1079 1656 1110 1705 de
1138 1656 1222 1719 eclipsi
1237 1659 1315 1725 ¹attigi
1333 1660 1427 1723 potius,
1452 1674 1526 1724 quam
1553 1661 1586 1710 ibi
1610 1662 1763 1712 sufficienter

404 1729 555 1786 pertractare
573 1727 642 1789 potui
660 1733 704 1775 aut
722 1726 804 1774 debui.
930 1769 936 1776 .

491 1792 549 1843 Non
566 1796 667 1852 dubito,
689 1797 710 1845 si
731 1796 827 1846 coelum
844 1810 959 1845 serenum
976 1796 1078 1854 fnisset,
1098 1797 1157 1861 quin
1174 1799 1250 1847 sunm
1267 1791 1292 1863 Ω
1311 1814 1417 1851 necnon
1437 1800 1534 1865 aliquae
1552 1800 1616 1850 aliae
1630 1802 1718 1851 stelias
1735 1818 1762 1852 se

405 1864 591 1927 conspiciendas
609 1866 763 1916 obtulissent.
801 1866 852 1915 Sed
875 1866 932 1931 quid
955 1867 1022 1917 ultra
1045 1867 1076 1916 de
1101 1868 1149 1916 illis
1165 1868 1224 1917 mihi
1252 1872 1350 1920 somnia
1370 1870 1458 1935 lingo?
1495 1871 1610 1920 Gratulor
1640 1874 1709 1921 nobis
1736 1878 1762 1922 te
1818 1915 1821 1922 .

406 1934 496 1999 aliquid
513 1935 544 1985 de
567 1937 615 1987 hac
634 1936 719 2002 eclipsi
734 1938 837 1995 ridicae,
858 1952 904 2002 ego
923 1939 989 1988 enim
1008 1938 1068 1988 nihii
1087 1939 1234 2004 quidquam,
1254 1942 1318 2006 quod
1339 1941 1444 2005 alicujus
1463 1943 1580 1992 momenti
1599 1958 1653 1992 osse
1674 1944 1761 2012 possit,

406 2007 546 2069 conspicere
564 2009 641 2072 potui.

490 2076 568 2129 Hisce
584 2093 641 2129 cum
662 2084 708 2127 tue
729 2081 834 2144 conjuge
859 2086 885 2129 et
909 2079 984 2128 filiolo
1006 2080 1061 2129 vale
1086 2079 1198 2130 feliciter.
1236 2081 1305 2131 Deus
1327 2090 1352 2132 te
1377 2089 1496 2146 tuosque,
1519 2084 1664 2148 praesertim
1691 2090 1761 2133 tuum

407 2147 479 2197 thum
500 2157 687 2206 conservasse
707 2149 790 2199 rideas
809 2150 958 2215 aliquando.
979 2152 1066 2215 quibus
1085 2150 1181 2201 affatim
1198 2152 1348 2202 exhilareris.
1386 2156 1475 2203 Arnen.

490 2218 566 2270 Vale.
594 2220 682 2271 Veloci
701 2234 744 2283 pro
761 2235 829 2270 more
845 2236 900 2270 meo
918 2221 1024 2270 calamo.
1057 2222 1110 2270 Der
1127 2222 1187 2271 Bott
1207 2224 1240 2272 ist
1259 2239 1305 2272 oue
1329 2224 1374 2273 das
1391 2224 1471 2274 achior
1486 2224 1594 2288 unwillig
1612 2238 1643 2272 su
1659 2231 1762 2274 werten.

487 2285 594 2342 Postrid.
607 2291 661 2342 Cal.
672 2290 735 2354 Maii
746 2289 820 2340 1598.
844 2291 906 2342 Heri
924 2298 1023 2343 creatus
1040 2301 1078 2343 est
1096 2300 1177 2345 rector
1194 2293 1342 2360 'magunum
1361 2294 1393 2344 D.
1406 2295 1518 2345 Josunes
1536 2294 1694 2344 Hochmnnu.

1480 2435 1516 2486 Μ.
1533 2436 1569 2486 Μ.
1582 2436 1617 2487 M.

488 2576 634 2638 Inscriptio:
654 2573 811 2630 Clarissimo,
829 2578 924 2639 pietate
943 2582 969 2625 et
991 2575 1127 2626 eruditione
1149 2580 1362 2641 praestantissimo
1383 2578 1454 2635 Viro,
1484 2578 1517 2626 D.
1533 2578 1569 2627 M.
1584 2578 1623 2629 lo.
1643 2578 1761 2642 Keplero,

405 2643 586 2697 latbematum
605 2646 631 2695 in
649 2646 795 2696 Graetzeusi
811 2645 897 2695 schola
916 2646 1048 2696 Professori
1064 2647 1231 2697 celeberrimo.
1255 2649 1300 2697 De.
1318 2657 1344 2698 ot
1363 2651 1442 2698 amico
1464 2665 1508 2698 suo
1522 2649 1761 2713 perpetuocolendo.

488 2787 530 2837 sd
542 2788 589 2838 bas
599 2787 726 2838 Messalini
740 2787 828 2841 literas
846 2788 972 2852 respoudit
986 2788 1031 2838 Ke
1039 2788 1150 2852 plerus
1163 2789 1187 2838 d.
1200 2788 1304 2839 thius.
1314 2787 1381 2838 1598
1392 2720 1762 2854 (ciiiilifiiiiddgilgieiriiflz

455 2856 461 2864 '
489 2859 627 2941 Eclipsis
650 2859 766 2921 calculo
790 2860 952 2921 cumulasti
975 2860 1137 2934 beneficia,
1177 2880 1253 2940 quae
1285 2861 1385 2923 verbis
1415 2862 1515 2923 hercle
1539 2862 1679 2941 persequi
1702 2879 1761 2921 nou

403 2966 533 3027 possum.
580 2948 678 3011 Unum
703 2946 803 3022 deest,
838 2948 916 3027 quod
947 2948 1058 3010 videris
1087 2949 1209 3010 nimium
1238 2948 1337 3011 facere
1362 2950 1504 3029 angulum
1527 2949 1670 3015 sectionis
1692 2947 1760 3008 viae

403 3037 427 3110 )
451 3036 629 3116 apparentis
652 3055 720 3097 cum
743 3034 793 3097 via
816 3033 869 3114 Θ.
915 3037 995 3100 Nam
1017 3035 1046 3098 in
1070 3038 1153 3099 nulla
1177 3037 1281 3117 eclipsi
1305 3057 1394 3117 quam
1409 3038 1550 3116 Maginus
1573 3036 1760 3114 computavit

404 3134 506 3187 tantem
529 3133 589 3185 est.
637 3126 687 3187 An
711 3124 802 3203 igitur
826 3144 932 3187 censes
956 3126 1003 3186 hio
1027 3126 1235 3204 corrigendum
1253 3127 1419 3187 calculum?
1452 3128 1503 3186 Au
1526 3126 1563 3185 ob
1587 3123 1756 3202 parallasin

403 3222 530 3294 angetur
553 3213 700 3291 angulus?
723 3214 788 3274 Irno
811 3214 912 3292 potius
935 3214 1054 3277 videtur
1077 3214 1262 3275 minuendos.
1309 3211 1436 3273 Gaudeo
1460 3222 1569 3299 autem,
1595 3231 1678 3273 meas
1702 3230 1757 3271 oo-

402 3301 567 3384 gitationes
590 3310 688 3363 tecum
713 3302 880 3363 conformes
904 3302 941 3362 de
964 3321 1058 3363 causa
1077 3303 1225 3362 defectus.
1263 3300 1343 3362 Nam
1366 3319 1432 3361 oum
1446 3300 1595 3374 viderem,
1630 3300 1759 3378 eclipses

403 3409 476 3471 quae
500 3389 592 3453 eitius
608 3400 771 3451 evenerunt
792 3386 966 3469 plemmq'ue
990 3410 1009 3449 a
1032 3405 1064 3455 ee
1089 3409 1142 3470 per
1166 3399 1213 3454 ὲ
1237 3388 1266 3449 in
1289 3394 1338 3464 5,
1362 3389 1417 3449 has
1440 3407 1510 3449 vero
1527 3388 1601 3449 duas
1616 3399 1648 3449 ct
1662 3406 1758 3468 oppo-

387 3479 544 3543 sitionem
568 3478 661 3540 etiam
684 3497 759 3559 quae
792 3478 915 3557 eclipsin
949 3478 1006 3538 fuit
1029 3488 1135 3539 secuta
1159 3477 1205 3538 die
1229 3477 1385 3557 paschatis
1409 3476 1554 3539 nostratis
1578 3479 1663 3549 (uam
1686 3495 1758 3538 eoe-

402 3569 461 3632 lum
483 3566 632 3630 mediavit
655 3567 830 3638 centrum)
847 3566 983 3645 praecise
1007 3585 1073 3627 cum
1094 3562 1131 3643 b)
1156 3566 1320 3637 tardiores,
1344 3574 1375 3627 et
1398 3567 1441 3626 sic
1465 3575 1497 3627 et
1520 3565 1597 3626 alias
1610 3566 1758 3639 Lunares,

402 3657 460 3719 ridi
478 3674 604 3718 causam
618 3674 686 3715 esse
700 3655 731 3715 iu
744 3659 1003 3732 προςθαφαιρισιι
1017 3652 1109 3716 Solis.
1145 3652 1223 3725 Sed,
1246 3661 1280 3715 ut
1303 3674 1369 3715 sum
1392 3655 1502 3727 audax,
1527 3653 1588 3716 tale
1604 3654 1759 3715 theorema

404 3745 476 3808 feci:
500 3745 620 3808 Motum
643 3743 748 3806 Lunae
772 3742 900 3804 medium
923 3744 1080 3822 aequalem
1104 3742 1233 3823 incipere
1258 3764 1277 3802 a
1300 3742 1511 3821 conjunctione
1533 3741 1625 3804 medii
1648 3740 1705 3803 loci
1728 3741 1755 3811 ἶ)

402 3853 468 3897 mm
488 3843 564 3895 vero
589 3832 655 3894 loco
679 3828 719 3907 Θ
745 3841 776 3892 et
800 3832 839 3892 ad
862 3832 989 3892 eundem
1013 3831 1182 3893 terminari:
1215 3840 1248 3891 ut
1271 3831 1314 3892 ita
1336 3831 1366 3891 in
1390 3830 1549 3892 noviluniis
1573 3837 1605 3891 et
1626 3828 1757 3907 plenilu-

403 3924 460 3985 niis
480 3922 565 3984 reris
588 3920 796 3999 computandis
821 3920 1002 3998 negligenda
1025 3921 1065 3982 sit
1080 3919 1198 3980 omniuo
1223 3920 1399 3998 prosthaph.
1426 3916 1476 3995 Θ.
1509 3920 1575 3979 Hoc
1599 3917 1758 3977 videbatur

402 4010 642 4091 cumprincipiis
666 4007 740 4069 meis
771 4008 807 4069 de
838 4009 962 4070 metrice
993 4008 1104 4070 virtute
1133 4008 1288 4071 conciliari
1316 4026 1423 4087 posse:
1458 4016 1491 4068 ut
1514 4008 1619 4069 Lunae
1649 4023 1757 4066 sensus

403 4099 475 4163 insit
495 4117 558 4163 uou
581 4097 672 4161 medii
703 4096 757 4158 sed
789 4096 852 4157 veri
875 4096 934 4159 loci
957 4094 1054 4172 Solis,
1088 4097 1127 4158 ad
1158 4116 1244 4175 quem
1269 4097 1453 4179 aequalitate
1477 4096 1590 4157 reditus
1614 4093 1755 4155 collimet.

403 4187 465 4254 Sed
485 4187 549 4251 'etsi
571 4188 629 4249 hoc
652 4205 719 4248 cum
743 4186 899 4265 speciebus
922 4185 1092 4248 defectuum
1121 4185 1151 4246 in
1182 4185 1343 4263 eclipsibus
1375 4185 1529 4258 convenit,
1560 4182 1590 4243 in
1620 4190 1757 4260 tempore

403 4286 504 4341 nmen
528 4293 587 4338 non
612 4275 762 4336 convenit.
807 4274 980 4337 Deficereut
1003 4275 1080 4335 euim
1104 4274 1194 4335 horae
1218 4274 1327 4336 alicubi
1349 4276 1410 4335 fere
1434 4270 1465 4335 4.
1504 4270 1631 4333 Gaudeo
1654 4270 1755 4350 igitur,

403 4373 433 4428 te
456 4367 494 4430 de
516 4363 697 4445 proethaph.
720 4363 833 4426 vitiosa
865 4363 1021 4443 suspicari.
1068 4363 1134 4424 Hoc
1163 4384 1192 4425 n.
1218 4382 1291 4442 ego,
1324 4362 1479 4442 imperitus
1503 4359 1756 4433 observationum,

403 4473 461 4518 non
484 4454 529 4518 fui
552 4473 655 4517 ausus.
700 4453 803 4532 Atque
826 4471 880 4525 eu,
913 4471 1004 4513 nuum
1026 4471 1184 4532 quaeram:
1219 4460 1304 4513 estne
1328 4451 1403 4512 alius
1427 4449 1532 4511 modus
1555 4446 1757 4510 constituendi
1864 4455 1872 4472 ⁶

404 4543 486 4608 Solis
509 4542 735 4624 apogaeitatem
758 4540 816 4602 nisi
838 4559 877 4602 ex
895 4540 1105 4604 observatione
1125 4559 1227 4602 morae
1242 4540 1323 4603 Solis
1346 4540 1375 4602 in
1398 4537 1616 4617 hemisphaerio
1641 4536 1757 4597 aestivo

404 4640 493 4714 atque
516 4630 669 4715 hyemali?
714 4629 749 4691 Si
772 4629 872 4692 nullus
895 4629 972 4691 alius
994 4630 1099 4691 modus
1124 4636 1185 4690 est:
1209 4647 1281 4709 ergo
1305 4629 1438 4691 videmus
1457 4626 1647 4688 nranifestum
1672 4642 1755 4685 erro-

404 4740 479 4797 rem3
500 4728 539 4783 nt
561 4719 589 4781 si
611 4719 742 4794 dicatur,
768 4737 842 4799 quae
858 4718 900 4780 sit
912 4719 1065 4799 proportio
1088 4717 1233 4797 temporis
1257 4717 1417 4798 utriusque,
1443 4716 1570 4776 eandem
1593 4733 1660 4775 esse
1683 4731 1755 4792 pro-

403 4812 571 4891 portionem
594 4825 716 4871 arcnum
738 4807 769 4870 in
793 4826 851 4869 uno
874 4815 908 4868 et
929 4807 960 4869 iu
983 4807 1081 4870 altero
1104 4806 1336 4888 hemisphaerio.
1366 4807 1429 4867 Imo
1446 4822 1504 4869 non
1528 4803 1678 4882 sequitur,
1702 4800 1757 4862 sed

404 4917 458 4979 par
478 4908 543 4975 est,
578 4905 614 4959 ut
636 4897 727 4958 etiam
751 4896 780 4958 iu
804 4896 899 4959 Terra
921 4896 1018 4958 locum
1040 4895 1154 4958 habeat
1185 4896 1264 4959 ratio
1286 4894 1407 4957 viantis
1432 4892 1580 4955 moventis
1604 4899 1636 4952 et
1659 4889 1756 4952 sicin

404 4988 532 5052 arcubus
559 4984 702 5048 dimidius
729 4991 847 5047 tantum
874 5003 1018 5048 excessus
1047 4985 1192 5064 temporis
1215 4991 1381 5056 statuatur,
1413 4991 1448 5045 ut
1479 4982 1506 5043 si
1527 4980 1683 5060 proportio
1716 4977 1757 5040 sit

405 5075 548 5162 temporis
572 5082 608 5138 ut
632 5071 697 5140 1⁷9
719 5073 759 5137 sd
784 5069 861 5147 186,
891 5074 950 5137 erit
970 5074 1123 5158 proportio
1144 5092 1265 5140 arcuum
1283 5079 1317 5135 ut
1338 5066 1444 5154 1807,
1472 5070 1512 5132 ad
1537 5064 1659 5156 ¹84¹h·
1704 5065 1757 5130 Sic
