4584 6192
468 603 534 672 67²
944 608 984 660 ns
1002 608 1338 676 samsonem-ra

467 792 602 867 pugnent
622 784 769 848 mathesis
792 793 824 848 et
844 788 991 850 naturalis
1014 788 1151 864 scientia,
1174 809 1229 853 uec
1251 788 1462 851 contradicant
1484 786 1653 849 sanctiores
1676 782 1817 865 discipli-

467 894 540 949 uae;
564 874 722 937 dummodo
744 894 804 937 non
826 876 865 937 ad
888 877 1049 957 cujuslibet
1075 879 1187 960 privati
1217 878 1373 942 arbitrium
1399 878 1652 958 detorqueantur,
1684 873 1741 936 sed
1763 891 1816 938 suo

468 982 507 1026 ex
528 982 610 1026 more
633 963 839 1026 aestimentur.

556 1052 606 1115 Sit
629 1052 654 1116 0
677 1052 741 1128 Sol,
763 1053 852 1117 ΗΚΟ
876 1053 957 1117 orbis
980 1055 1009 1117 in
1033 1076 1091 1137 quo
1113 1055 1218 1119 Tellus
1240 1057 1392 1131 circumit,
1423 1059 1452 1120 Ι)
1475 1057 1559 1120 locus
1582 1071 1682 1116 novae
1706 1050 1814 1114 stellae

467 1159 561 1222 prope
584 1141 707 1205 Saturni
729 1141 873 1204 ambitum
895 1144 943 1205 vel
967 1144 1090 1207 Saturni
1112 1145 1218 1226 ipsius.

1060 1233 1110 1296 Ex
1122 1233 1289 1297 Protenicis
1307 1233 1399 1313 igitur
1418 1233 1519 1296 videre
1537 1240 1595 1307 cst,
1619 1230 1648 1294 si
1662 1226 1813 1292 Saturnus

680 1299 735 1365 ¹¹⁸·
759 1297 785 1349 ⁴·
996 1323 1143 1385 altissimo
1175 1323 1221 1385 sui
1253 1321 1334 1385 orbis
1364 1323 1449 1400 loco,
1480 1322 1529 1403 qui
1561 1320 1604 1384 sit
1630 1319 1661 1382 D
1682 1317 1816 1400 (quando

474 1388 793 1446 Α
994 1412 1119 1490 decuplo
1141 1412 1230 1474 abest
1258 1411 1342 1491 ejus,
1373 1430 1431 1492 quo
1460 1412 1549 1474 abeat
1571 1408 1627 1472 Sol
1651 1429 1672 1470 a
1693 1407 1815 1482 Terra).

695 1535 697 1539 ·
992 1508 1091 1563 staret
1119 1500 1295 1575 immobilia;
1328 1500 1422 1563 Terra
1451 1520 1490 1566 ex
1517 1497 1573 1562 CD
1604 1498 1708 1570 linea,
1742 1514 1815 1577 quas

627 1653 631 1673 ΑΔ
991 1589 1094 1652 Solem
1109 1588 1241 1652 Saturno
1260 1590 1419 1665 connectit,
1445 1591 1568 1670 ejusque
1590 1595 1706 1668 puncto
1723 1585 1756 1648 K
1777 1585 1814 1648 ad

990 1687 1156 1741 extremum
1192 1679 1308 1740 orbitae
1343 1697 1416 1740 suae
1452 1680 1533 1742 latus
1566 1674 1594 1739 0
1626 1675 1813 1746 discedanta.

627 1757 632 1834 ἶ
988 1768 1156 1848 parallaain
1187 1766 1311 1831 Saturni
1349 1768 1414 1830 sive
1448 1766 1590 1847 angulum
1627 1761 1719 1828 CDO
1753 1763 1813 1828 fora
1848 1841 1850 1846 Ι

988 1856 1108 1918 circiter
1121 1852 1169 1920 6⁰.
1206 1859 1251 1919 At
1274 1875 1340 1918 cum
1359 1876 1397 1919 ne
1416 1857 1560 1920 decimam
1584 1854 1709 1936 quidem
1729 1851 1813 1916 unius

916 1910 940 2034 l
987 1946 1099 2025 gradus
1119 1947 1218 2008 locum
1235 1946 1318 2008 sidus
1336 1947 1499 2009 mutaverit
1520 1944 1713 2024 angulusqus
1730 1937 1811 2006 000

937 2037 944 2070 “·
986 2034 1192 2115 occupaverit,
1224 2034 1280 2098 hoc
1303 2043 1412 2097 estne
1443 2033 1670 2114 sexagesimam
1695 2030 1812 2113 quida

986 2118 1043 2198 6ος
1067 2144 1192 2186 necesse
1215 2133 1265 2185 est
1291 2123 1382 2186 altius
1411 2143 1479 2187 esse
1510 2122 1594 2186 sidus
1617 2121 1692 2196 hoe,
1728 2137 1812 2202 quan

943 2218 950 2273 l
987 2212 1188 2294 sexagecuplo
1212 2212 1379 2275 distantiae
1398 2211 1577 2276 Saturniae:
1602 2219 1636 2274 et
1649 2210 1725 2290 quia
1741 2209 1812 2272 base

932 2275 947 2381 l
987 2301 1114 2383 decupla
1136 2302 1176 2363 ad
1203 2300 1354 2377 Solarcm,
1387 2303 1478 2365 altius
1506 2301 1597 2381 igitur
1625 2317 1719 2380 quam
1741 2316 1810 2362 sex·

914 2384 935 2480 j'
988 2392 1127 2472 centuplo
1151 2389 1286 2454 Solaria:
1310 2398 1345 2453 ut
1366 2390 1411 2453 ita
1434 2388 1489 2455 00
1513 2387 1664 2452 distantia
1688 2387 1811 2452 Soliaa

988 2479 1084 2541 Terra
1114 2499 1174 2542 nou
1204 2487 1314 2561 aequet
1343 2479 1593 2544 sexcentesimam
1624 2477 1724 2557 ipsius
1747 2473 1808 2540 00.

857 2632 863 2648 ,
989 2568 1097 2650 Itaque
1120 2569 1148 2630 ai
1172 2564 1237 2633 600
1260 2568 1424 2630 distantiae
1447 2568 1529 2633 Solis
1546 2589 1565 2629 a
1583 2567 1691 2643 Terra,
1717 2583 1809 2648 quaa-

851 2649 857 2661 '
989 2656 1064 2719 libet
1086 2657 1202 2720 habens
1228 2655 1311 2722 1200
1339 2658 1578 2721 semidiametros
1602 2656 1733 2732 Terras,
1756 2653 1808 2734 baa

988 2756 1037 2808 est
1059 2747 1085 2808 si
1109 2743 1241 2810 720000
1260 2745 1548 2810 semidiametromm
1562 2745 1678 2808 Terrae
1702 2752 1807 2808 exten·

987 2835 1097 2898 dantur
1120 2856 1139 2897 a
1161 2835 1280 2898 Tellure
1307 2854 1425 2899 sursum
1447 2836 1477 2899 iu
1505 2834 1679 2909 aetherem,
1713 2833 1806 2896 adhue

988 2922 1040 2986 illo
1063 2933 1126 2988 tam
1147 2933 1263 2987 remoto
1287 2925 1352 2987 loco
1374 2933 1477 3006 potest
1503 2923 1681 3004 contingere
1703 2920 1805 3004 paral-

992 3012 1071 3075 laxis
1107 3008 1150 3077 6‘.
1201 3014 1246 3077 At
1281 3033 1346 3077 cum
1381 3014 1543 3078 fidissimae
1580 3011 1807 3076 observationes

468 3100 548 3165 intra
570 3099 602 3165 2⁴
625 3120 727 3164 omues
751 3099 971 3174 consenserint,
998 3120 1073 3181 qnae
1097 3109 1169 3164 suut
1189 3102 1281 3166 tertia
1301 3122 1373 3186 para
1396 3104 1433 3165 de
1457 3099 1487 3178 0,
1510 3101 1604 3183 igitur
1626 3110 1745 3166 certum
1764 3105 1807 3164 ast

469 3190 629 3254 secundum
648 3188 805 3272 Copernici
828 3188 946 3270 quidem
970 3191 1159 3266 sententiam,
1184 3191 1266 3255 sidus
1289 3190 1345 3254 boc
1369 3192 1457 3274 triplo
1480 3191 1519 3254 ad
1542 3190 1699 3254 minimum
1721 3189 1807 3254 oar·

469 3280 570 3355 altius,
593 3280 694 3360 itaque
717 3274 869 3344 2160000
884 3278 1169 3342 semidiametromm
1184 3281 1294 3343 Terrae
1317 3280 1374 3342 hoc
1396 3282 1474 3345 inter
1496 3289 1527 3344 et
1540 3280 1697 3343 Tellurem
1719 3279 1807 3344 intrr-

468 3368 570 3431 fuisse.
616 3366 696 3440 Quid
719 3368 834 3442 multis,
859 3367 1003 3447 fatigatur
1033 3369 1149 3431 animus
1172 3368 1201 3432 in
1224 3370 1280 3431 bac
1308 3369 1508 3433 immensitate
1531 3369 1635 3432 muudi
1659 3369 1806 3444 oberrant

468 3457 497 3520 in
522 3478 580 3539 qua
601 3458 712 3520 nullam
735 3456 850 3519 invenit
872 3459 1053 3519 numerando
1076 3458 1215 3538 requiem,
1239 3458 1350 3521 nullam
1374 3460 1543 3533 stationem,
1569 3458 1688 3522 nullam
1710 3476 1806 3522 rever·

468 3547 550 3610 tendi
573 3555 693 3610 metam.
740 3548 845 3628 Itaque
872 3544 971 3606 missis
1003 3567 1190 3609 numerorum
1221 3548 1404 3612 sectionibus
1428 3549 1547 3612 nimium
1571 3548 1752 3624 subtilibus,
1773 3546 1807 3610 ad

468 3636 561 3699 totius
584 3636 865 3717 contemplationem
887 3636 1099 3715 geometricam
1122 3636 1318 3717 adspiremus

1014 4094 1132 4194 capue
1158 4093 1260 4168 xvi.

467 4276 524 4341 De
544 4276 752 4339 immoratae
768 4274 922 4356 sphaerae
937 4274 1081 4427 {epam
1095 4272 1381 4444 mmm
1400 4272 1584 4356 Copcmici:
1608 4277 1713 4360 dequeo
1733 4273 1804 4342 Nat

970 4385 982 4425 ι
1007 4383 1070 4427 eras
1260 4384 1319 4425 one.

516 4567 519 4574 ·
554 4525 612 4587 Hic
636 4531 736 4586 certus
760 4542 840 4598 sum,
869 4541 971 4585 eorum
1001 4523 1050 4604 qui
1073 4523 1180 4584 lecturi
1205 4531 1275 4585 suut
1302 4522 1380 4585 alios
1410 4522 1551 4585 irrisuros
1574 4523 1730 4589 insaniam
1752 4525 1803 4592 Ge-

465 4614 590 4696 pernici,
613 4613 706 4688 alios,
731 4613 780 4694 qui
804 4613 982 4675 sententiam
1006 4613 1071 4692 ejus
1096 4613 1332 4693 complectuntur
1352 4612 1389 4674 ob
1412 4614 1617 4676 astronomica
1632 4623 1667 4678 et
1688 4614 1803 4699 physica

466 4703 529 4767 alia
550 4710 735 4783 argumenta,
758 4702 816 4764 hac
838 4709 938 4764 tamen
961 4702 1161 4764 immensitate
1185 4702 1329 4763 offensum
1352 4701 1388 4762 iri
1413 4707 1447 4765 et'
1465 4701 1605 4765 dubitare
1630 4703 1803 4788 incepturos.

466 4812 505 4854 au
528 4792 646 4854 omuino
676 4810 746 4852 vere
776 4791 928 4866 dicantur,
961 4810 1036 4872 quae
1059 4791 1098 4852 ad
1129 4791 1340 4853 stabiliendam
1371 4791 1530 4872 Copcmici
1559 4796 1748 4858 senteutiam
1772 4791 1804 4854 e'x

466 4880 536 4942 aliis
559 4879 693 4942 scientiis
716 4880 894 4955 afferuntur3
918 4900 956 4941 an
978 4899 1049 4942 vero
1073 4880 1174 4961 aliqua
1196 4881 1311 4942 ratione
1335 4879 1460 4942 dissolri
1483 4881 1536 4942 illa
1558 4890 1592 4943 et
1616 4885 1739 4948 ostendi
1759 4901 1804 4946 oo-

467 4970 549 5032 casio
569 4969 678 5050 possit,
702 4990 760 5050 qua
782 4969 812 5031 in
835 4988 965 5032 errorem
986 4970 1132 5050 pertracti
1154 4970 1215 5032 sint
1231 4969 1437 5051 Copcmicani.
1476 4971 1518 5032 Et
1540 4970 1663 5035 addidit
1676 4973 1803 5037 Brabeus

468 5058 630 5136 objectioni
658 5058 755 5133 vires,
792 5059 861 5120 dum
890 5059 1121 5122 concinnitatem
1151 5059 1181 5120 in
1209 5059 1430 5139 perfectissimo
1460 5079 1549 5141 opere
1580 5061 1754 5140 desiderat;
1782 5059 1804 5122 si

467 5146 612 5226 sphaerae
634 5146 722 5211 nnius
744 5149 869 5211 fixarum
890 5155 954 5210 tam
976 5148 1082 5211 insana
1105 5147 1146 5210 sit
1165 5148 1305 5223 vastitas,
1328 5148 1481 5211 mobilium
1505 5169 1578 5213 vero
1595 5153 1730 5217 omnium
1749 5161 1804 5215 nn
