4584 6192
587 603 651 672 694
682 631 686 638 ¹
768 615 772 622 '
1067 603 1108 654 De
1126 602 1206 655 Stella
1224 604 1296 656 Non
1313 603 1465 669 Serpeutarii

583 782 750 847 rationibus
775 781 865 844 facile
889 780 1082 844 revelluntur.
1129 778 1231 852 Quare
1260 782 1304 843 sic
1328 781 1425 844 sensit
1446 779 1631 843 Aristoteles
1653 781 1773 844 coelum
1796 782 1947 847 inaltera-

583 872 667 935 bile?
713 869 794 941 Quia
817 872 943 951 (inquit)
975 890 994 930 a
1022 877 1069 930 tot
1098 869 1209 931 seculis
1236 870 1309 932 nihil
1340 880 1388 933 est
1410 870 1659 933 animadversum.
1703 870 1790 951 Ergo
1823 873 1853 936 oi
1885 874 1948 955 quia

583 962 785 1025 Aristotelem
808 962 926 1035 doceat,
951 959 1180 1020 succedentibus
1204 958 1314 1021 seculis
1337 959 1542 1041 compluscula
1562 976 1640 1022 nova
1653 960 1684 1022 in
1702 961 1792 1022 coelo
1808 961 1947 1025 animad-

584 1070 684 1125 versa,
708 1049 908 1111 libentissime
932 1048 1059 1109 decedet
1081 1046 1119 1108 de
1143 1049 1305 1111 sententia.
1349 1048 1395 1110 At
1417 1049 1505 1110 hodie
1528 1049 1667 1129 discipuli
1682 1049 1872 1114 Aristotelis
1893 1070 1946 1115 uon

583 1142 623 1203 ad
646 1138 803 1212 rationem,
826 1139 880 1200 sed
905 1138 943 1199 ad
967 1137 1077 1198 nudam
1101 1137 1282 1200 sententiam
1306 1138 1511 1218 respicientes,
1537 1157 1576 1199 ex
1599 1139 1742 1219 dogmate
1762 1139 1945 1222 philosophi,

582 1228 693 1312 quod
684 1249 710 1290 rs
734 1228 772 1289 ub
793 1225 981 1330 experientia
1009 1224 1148 1306 petebat,
1182 1226 1294 1288 audent
1320 1227 1441 1310 obloqui
1465 1227 1667 1307 experientiae
1689 1236 1866 1311 contraque
1887 1249 1946 1292 earu

583 1317 722 1398 excipere
736 1316 829 1378 variis
843 1309 1030 1379 diverticulis
1045 1314 1202 1396 quaesitis.
1240 1314 1302 1378 Sed
1328 1336 1359 1379 re
1380 1334 1530 1398 perpensa
1543 1317 1730 1399 diligentius,
1756 1319 1945 1382 Aristoteles

581 1406 753 1472 inductione
772 1426 845 1467 usus
866 1426 934 1468 esse
955 1405 1084 1466 videtur.
1121 1403 1168 1467 De
1193 1405 1323 1467 motibus
1348 1406 1505 1467 stellarum
1525 1414 1655 1483 constat,
1679 1407 1768 1488 leges
1784 1408 1828 1470 ab
1843 1408 1943 1471 ultima

581 1496 725 1558 memoria
756 1495 906 1557 homiuum
940 1494 1086 1555 mansisse
1111 1495 1249 1557 easdem:
1283 1504 1315 1556 et
1345 1494 1435 1557 iidem
1467 1494 1556 1557 hodie
1580 1495 1767 1559 circumeunt
1791 1497 1944 1578 planetae,

580 1584 630 1667 qui
654 1585 726 1647 olim
750 1585 879 1657 fuerunt,
903 1584 1083 1663 eaedemque
1106 1584 1232 1645 firamm
1255 1584 1515 1646 constellationes·
1539 1603 1593 1646 nec
1617 1585 1680 1648 de
1671 1603 1741 1666 rpso
1760 1585 1940 1649 intermedio

581 1674 676 1754 (quod
700 1675 794 1736 oculis
818 1693 875 1735 non
900 1681 949 1734 est
971 1671 1101 1743 obvium,
1125 1674 1194 1753 qnia
1216 1672 1412 1752 pellucidum)
1437 1673 1587 1737 diversum
1605 1671 1817 1737 demonstrari
1835 1684 1940 1756 potest

579 1762 662 1843 Ergo
687 1764 787 1826 omnia
808 1762 837 1824 iu
862 1762 945 1825 coelo
971 1769 1043 1823 sunt
1063 1770 1224 1841 perpetua,
1253 1762 1320 1842 ipsa
1343 1763 1434 1825 etiam
1458 1762 1574 1824 orbium
1595 1764 1737 1826 materia.
1787 1764 1877 1828 Haec
1898 1765 1940 1827 iu-

579 1852 681 1916 ductio
705 1852 795 1915 fallit.
841 1850 941 1931 Leges
965 1861 1096 1912 motuum
1120 1852 1243 1912 easdem
1266 1851 1412 1933 hodieque
1436 1852 1697 1933 deprehendimus,
1723 1871 1806 1934 quae
1822 1862 1873 1916 est
1889 1873 1941 1914 uua

579 1942 646 2004 sola
674 1949 706 2003 et
736 1939 902 2004 decumana
930 1949 1169 2002 astronomorum
1196 1940 1383 2023 hypothesis.
1428 1942 1474 2004 At
1506 1940 1543 2003 do
1570 1944 1667 2004 medio
1698 1960 1754 2006 seu
1786 1943 1828 2005 de
1851 1942 1938 2005 Moris

579 2029 701 2111 raqnia,
734 2030 771 2091 de
804 2028 943 2091 tentoriis
973 2028 1049 2090 coeli
1078 2028 1228 2090 diversum
1259 2048 1317 2092 uon
1345 2031 1471 2092 obscure
1499 2037 1604 2093 nostra
1635 2051 1691 2094 uos
1724 2031 1825 2095 docet
1848 2041 1937 2094 ιιιιι.

578 2118 622 2181 Ει
645 2119 799 2182 docuisset
824 2118 928 2179 eadem
952 2118 1034 2197 prior
1057 2124 1154 2189 aetas,
1179 2117 1205 2180 si
1230 2118 1391 2199 majoribus
1415 2120 1525 2181 nostris
1550 2120 1729 2183 intuentem
1750 2120 1937 2183 venissetsd

578 2208 653 2270 haec
678 2209 845 2270 attendere.
897 2208 1068 2288 Propouam
1091 2225 1162 2269 vero
1186 2207 1302 2288 aliquot
1324 2207 1371 2270 hic
1395 2209 1588 2283 documenta,
1611 2229 1649 2271 ex
1672 2209 1786 2291 quibus
1809 2210 1842 2272 id
1865 2209 1935 2291 quod

578 2299 726 2360 contendo
750 2297 969 2379 quodammodo
992 2296 1122 2376 perspici
1145 2297 1261 2377 possit:
1286 2306 1321 2360 ut
1343 2316 1439 2360 novae
1463 2298 1550 2374 fixae,
1575 2317 1649 2381 quas
1666 2317 1705 2360 ex
1721 2299 1859 2362 materia
1871 2317 1935 2361 coe-

577 2386 648 2449 lesti
671 2386 823 2449 alterabili
845 2385 946 2466 gigno,
972 2386 1118 2466 exemplis
1142 2386 1210 2448 aliis
1226 2387 1375 2448 alteratae
1391 2386 1538 2449 materiae
1553 2387 1696 2450 coelestis
1715 2390 1934 2451 confirmentur.

582 2531 585 2536 .
664 2476 687 2537 l.
726 2475 859 2538 Primum
881 2475 1001 2556 perfero
1024 2473 1080 2536 tibi
1104 2494 1140 2536 ex
1165 2473 1285 2556 Optiois
1308 2475 1382 2538 meis
1406 2477 1458 2538 iol.
1478 2473 1544 2540 292
1567 2476 1739 2558 exemplum
1765 2477 1842 2540 illud
1866 2477 1933 2539 cali·

575 2564 653 2646 ginis
676 2550 867 2645 prodigiosae
891 2564 961 2626 aoui
985 2559 1086 2639 1547,
1112 2564 1149 2625 de
1167 2584 1227 2645 qua
1246 2566 1380 2628 referunt
1404 2563 1532 2627 Gemma
1554 2574 1642 2646 pater
1665 2574 1698 2628 et
1720 2566 1816 2637 lilius,
1841 2565 1935 2630 Solem

574 2673 628 2735 per
651 2662 714 2716 tres
738 2654 802 2715 dies
827 2673 882 2715 ceu
905 2653 1051 2733 sauguine
1079 2654 1232 2734 perfusum
1255 2655 1473 2735 comparuisse,
1504 2662 1539 2715 ut
1568 2657 1659 2717 etiam
1682 2656 1798 2718 stellae
1821 2657 1933 2737 plerae-

575 2762 632 2826 que
656 2743 684 2804 in
709 2743 833 2805 meridie
855 2742 1111 2822 conspicerentur.
1158 2742 1193 2805 Id
1218 2744 1330 2806 factum
1354 2761 1412 2806 non
1432 2745 1593 2807 tantumin
1609 2744 1727 2826 Belgio,
1754 2745 1810 2808 sed
1827 2745 1932 2827 passim

573 2850 628 2911 per
651 2841 749 2895 totam
772 2830 917 2907 Galliam,
944 2830 1152 2906 Germaniam,
1177 2832 1382 2909 Britanniam,
1406 2834 1554 2895 referente
1577 2832 1736 2914 Scaligero
1762 2835 1800 2897 de
1826 2834 1931 2898 Emeu-

574 2917 696 2995 datioue
719 2922 898 3002 Temporum
928 2920 980 2982 lib.
1004 2921 1045 2983 V.
1069 2929 1101 2981 et
1132 2929 1204 2983 ante
1227 2921 1310 2985 illum
1342 2922 1504 3001 Buutiugo.
1549 2922 1705 2985 Historiae
1736 2942 1812 2987 vero
1842 2924 1930 2988 muita

574 3010 717 3073 exhibent
740 3010 880 3091 exempla
903 3010 1039 3093 interque
1058 3018 1162 3072 cetera
1180 3010 1450 3073 celebratissimum
1469 3011 1552 3086 illud,
1576 3031 1653 3074 anno
1673 3011 1781 3075 caedis
1797 3010 1931 3076 Caesario

573 3117 650 3180 peue
674 3107 755 3177 toto,
786 3100 918 3180 itemque
947 3108 979 3161 et
1009 3118 1086 3162 auno
1110 3118 1167 3181 quo
1191 3101 1349 3181 Augustus
1372 3099 1513 3163 decessit.
1561 3099 1622 3164 Sed
1645 3101 1930 3166 demonstrationem

571 3197 764 3252 exstruamus
787 3207 877 3268 super
892 3198 1027 3251 nostrum
1046 3190 1225 3270 exemplum.
1272 3188 1307 3252 Si
1329 3209 1422 3252 causa
1445 3190 1597 3252 obscurati
1612 3188 1693 3253 Solis
1719 3190 1751 3253 iu
1775 3199 1851 3255 aere
1873 3190 1930 3257 init

572 3298 645 3359 ergo
670 3297 737 3342 cum
761 3276 816 3340 Sol
840 3278 878 3339 ab
902 3285 969 3339 ortu
992 3276 1021 3340 iu
1046 3296 1185 3340 occasum
1217 3287 1322 3359 utpote
1355 3285 1420 3340 toto
1444 3279 1542 3343 triduo
1566 3288 1619 3342 aot
1646 3289 1681 3341 ut
1704 3278 1854 3363 Scaliger
1874 3280 1930 3343 vult

571 3368 730 3449 quatriduo
754 3368 902 3447 pallorem
925 3367 1003 3429 huno
1026 3368 1201 3429 retinuerit:
1231 3376 1352 3447 oportet
1379 3368 1472 3449 igitur
1501 3376 1597 3431 totum
1621 3374 1726 3431 aerem
1750 3370 1791 3433 ab
1817 3379 1884 3434 ortu
1904 3370 1928 3431 iu

571 3476 714 3519 occasum
738 3458 830 3519 luisse
855 3457 1024 3518 obscurum.
1072 3456 1105 3519 Si
1128 3457 1195 3533 hoc,
1221 3458 1368 3536 quomodo
1392 3457 1483 3538 igitur
1507 3459 1614 3519 stellae
1638 3477 1691 3537 per
1717 3466 1826 3523 aerem
1845 3461 1929 3526 visae,

571 3565 626 3626 per
649 3567 735 3626 quem
751 3547 805 3608 Sol
829 3546 924 3607 videri
948 3545 999 3606 vix
1022 3546 1142 3625 potuit?
1179 3548 1257 3608 Nam
1282 3567 1339 3608 uon
1363 3556 1411 3608 est
1434 3555 1467 3609 ut
1491 3547 1584 3621 dicus,
1610 3554 1679 3609 aere
1696 3548 1832 3612 dilutum
1849 3550 1929 3612 inisse

575 3635 658 3699 Solis
690 3638 803 3709 lumen,
827 3636 872 3697 sic
906 3644 939 3696 ut
961 3634 1081 3696 ademto
1106 3636 1266 3715 splendore
1301 3636 1413 3698 lumina
1442 3638 1599 3699 stellarum
1630 3637 1726 3699 etiam
1749 3659 1826 3701 sese
1849 3638 1930 3702 nuh

576 3725 728 3787 insinuare
751 3724 913 3805 potuerint.
962 3722 1090 3794 Quando
1115 3725 1192 3787 euim
1217 3732 1270 3786 aer
1293 3736 1395 3787 noster
1419 3726 1494 3787 adeo
1525 3726 1738 3801 incrassescit,
1776 3736 1814 3792 nt
1844 3730 1929 3792 lumen

574 3814 656 3877 Solis
680 3834 734 3895 per
757 3834 822 3875 eum
846 3814 939 3875 hebes
961 3824 992 3874 et
1015 3815 1157 3893 pallidum
1182 3824 1327 3889 transeat,
1354 3824 1423 3876 tnnc
1443 3816 1560 3896 quidem
1578 3816 1682 3877 eadem
1698 3835 1799 3898 opera
1813 3818 1929 3882 immen-

575 3924 640 3965 sum
665 3905 744 3966 solet
766 3905 933 3966 clarescere
957 3903 1050 3964 radiis
1070 3902 1151 3965 Solis
1176 3904 1205 3968 iu
1228 3922 1296 3965 sese
1320 3905 1458 3985 receptis,
1483 3905 1579 3966 instar
1593 3904 1726 3982 nubium,
1751 3916 1787 3970 et
1803 3928 1927 3990 quaqua·

574 4012 693 4054 versum
727 3992 922 4073 repercussis.
975 3993 1082 4072 Itaque
1113 4000 1166 4054 abr
1197 3992 1323 4072 nudique
1357 4013 1441 4055 snam
1470 3995 1638 4055 claritatem
1669 3996 1770 4058 oculis
1802 3999 1927 4080 ingerens

575 4101 684 4163 eosque
708 4091 789 4143 totos
815 4100 965 4161 occupans
989 4100 1046 4143 uon
1071 4081 1213 4162 relinquit
1236 4083 1332 4144 iocum
1355 4084 1442 4163 longe
1459 4083 1649 4146 debilioribus
1669 4086 1838 4149 stellarum
1851 4086 1927 4150 lurni·

572 4171 669 4233 uibus.
717 4169 910 4251 Quapropter
933 4171 1131 4232 certissimum
1157 4179 1218 4247 est,
1251 4191 1310 4252 qua
1341 4184 1427 4252 parte
1456 4173 1611 4234 stellarum
1641 4173 1759 4236 lumina
1791 4178 1926 4246 videntur,

570 4261 634 4340 ejus
659 4260 715 4322 loci
739 4267 840 4322 aerem
864 4261 961 4326 minus
984 4261 1129 4321 illustrari
1153 4281 1172 4322 a
1195 4260 1277 4335 Sole,
1302 4262 1426 4342 proinde
1451 4271 1568 4323 tenuem
1592 4282 1660 4324 esse
1684 4283 1743 4326 nec
1771 4279 1875 4348 aptum
1894 4263 1925 4325 ad

570 4349 772 4412 bebetaudum
797 4349 878 4412 Solis
903 4350 1001 4411 lumen
1026 4349 1129 4412 diurno
1155 4360 1237 4411 motu
1261 4351 1300 4412 ad
1322 4371 1387 4412 eum
1405 4353 1499 4428 locum
1514 4351 1664 4413 devoluti:
1691 4353 1802 4434 itaque
1817 4371 1923 4419 causan

570 4440 700 4520 aliquam
721 4439 811 4501 aliam
830 4448 951 4518 praeter
970 4444 1070 4500 aierem
1090 4458 1157 4500 esse
1178 4439 1295 4512 debere,
1321 4459 1396 4520 quae
1411 4439 1492 4502 Solis
1511 4440 1609 4502 lumen
1623 4450 1792 4523 tantopere
1807 4447 1922 4513 hebetet,

568 4530 741 4610 priusquam
765 4528 840 4590 illud
863 4529 902 4589 ad
926 4534 1026 4589 aerem
1050 4537 1184 4589 nostrum
1207 4529 1378 4608 perveniat,
1403 4548 1536 4610 quaeque
1560 4528 1661 4592 Solem
1686 4531 1716 4592 in
1744 4534 1853 4597 diurno
1873 4533 1921 4594 cir·

570 4618 793 4681 cumvolutione
825 4619 994 4679 comitetur.
1050 4616 1113 4679 Sed
1145 4618 1247 4679 dicent
1278 4617 1421 4694 fortasse,
1455 4637 1577 4680 causam
1609 4619 1745 4700 aliquam
1781 4625 1920 4687 sublimem

570 4708 704 4788 quidem,
738 4716 772 4768 at
800 4708 934 4808 proxime
959 4707 1014 4768 sub
1038 4707 1125 4769 Luna
1150 4708 1259 4768 fuisse:
1292 4728 1347 4770 uec
1380 4666 1448 4769 hibe
1472 4708 1585 4788 aliquid
1608 4710 1695 4789 sequi
1717 4710 1754 4773 in
1778 4713 1919 4776 materian

570 4797 667 4859 coeli?
712 4795 875 4859 Primum
866 4816 896 4856 ru
921 4794 1041 4876 Optiois
1065 4805 1113 4858 est
1136 4797 1388 4871 demonstratum,
1414 4803 1513 4858 adrem
1537 4805 1673 4860 nostrum
1697 4799 1844 4866 humilem
1865 4802 1930 4863 ω’

570 4886 730 4948 admodum
755 4885 850 4966 (qnod
872 4888 983 4965 partim
1007 4894 1039 4946 et
1061 4886 1245 4947 Aristoteles
1270 4888 1411 4961 latetur),
1437 4887 1515 4967 qnod
1539 4886 1566 4948 ei
1589 4888 1746 4966 succedit,
1778 4894 1843 4972 jam
1864 4906 1918 4952 esst

570 4976 733 5037 aetherem.
781 4974 846 5035 Hoc
865 4982 951 5037 tauto
974 4975 1070 5036 miuus
1093 4974 1295 5054 repudiabit
1286 4995 1329 5051 rs,
1356 4977 1404 5057 qni
1428 4976 1571 5038 memoria
1593 4977 1746 5055 tenuerit,
1773 5004 1794 5044 ι
1814 4980 1917 5045 uraha

569 5065 807 5127 demonstratum
830 5083 908 5139 esse,
934 5064 1011 5145 quod
1036 5064 1151 5126 coelum
1175 5064 1264 5125 nullis
1288 5074 1408 5127 constet
1429 5064 1535 5126 solidis
1558 5065 1690 5129 orbibus.
1740 5072 1859 5136 Aether
1871 5069 1916 5149 igi·

569 5162 619 5218 tur
642 5163 690 5215 est
712 5154 805 5215 etiam
828 5153 883 5215 sub
898 5153 985 5214 Luna
998 5153 1147 5233 proxime:
1172 5172 1230 5234 quo
1246 5154 1311 5216 loco
1335 5156 1362 5218 si
1384 5155 1485 5218 haesit
1506 5155 1634 5218 materia
1652 5157 1809 5240 caliginis,
1833 5157 1915 5224 haesit
