4584 6192
559 630 625 699 498
771 557 778 570 ι
1163 630 1312 680 naama

1267 751 1270 779 l

560 811 666 875 Lunae
690 807 900 870 circumfundis
929 807 1088 886 sphaeram
1117 809 1245 881 adriam,
1277 808 1406 886 quaein
1431 806 1546 866 devexa
1576 805 1657 884 globi
1688 806 1816 867 reducta
1843 824 1918 883 pro-

560 900 739 976 funditatem
759 898 889 976 aliquam
913 896 1005 957 radiis
1025 894 1182 957 Solaribus
1198 907 1229 957 et
1243 896 1449 957 Terrestribus
1473 896 1606 973 adeoque
1627 903 1658 954 et
1682 894 1796 955 uostris
1821 893 1917 954 oeulis

563 983 706 1067 objiciat3
729 986 806 1046 unde
831 986 980 1068 illirium
1008 1004 1106 1045 merus
1132 995 1162 1045 et
1187 987 1373 1046 emaculatus
1405 985 1546 1062 splendor
1569 991 1636 1043 tota
1665 982 1799 1043 interiori
1830 982 1917 1057 facie,

562 1096 621 1158 qua
635 1094 695 1136 nen
710 1075 755 1134 ita
768 1074 914 1153 profunde
930 1074 1041 1134 nostris
1057 1074 1211 1136 obtutibus
1231 1076 1335 1136 obstat
1348 1074 1396 1134 hio
1412 1079 1473 1144 air,
1495 1072 1607 1133 crebris
1622 1072 1748 1132 maculis
1764 1079 1918 1133 scatente.

652 1163 757 1224 Potuit
780 1171 810 1222 te
834 1162 919 1241 hujus
943 1162 1022 1222 a'dris
1046 1162 1176 1224 Lunaris
1206 1164 1364 1224 admonere
1395 1162 1469 1222 liber
1500 1181 1582 1220 meus
1608 1161 1658 1221 fol.
1685 1158 1760 1222 287.
1786 1168 1819 1221 et
1843 1155 1920 1231 319.

563 1273 639 1334 quae
663 1252 731 1313 libri
750 1251 807 1311 mei
825 1251 891 1311 loca
909 1252 969 1311 tuis
984 1251 1031 1311 hic
1056 1252 1269 1329 experimentis
1289 1251 1408 1331 egregie
1433 1251 1600 1311 confirmas.
1640 1248 1720 1309 Sane
1741 1267 1799 1309 nou
1819 1249 1917 1322 video,

531 1417 535 1423 ἢ
562 1342 612 1423 qui
644 1339 797 1402 Selenitae
830 1339 873 1399 illi
904 1339 932 1399 in
960 1340 1140 1417 plenilunio,
1185 1342 1263 1419 quod
1303 1361 1356 1400 nos
1389 1339 1523 1399 videmus
1557 1338 1724 1416 (ceterique
1759 1336 1919 1398 invisibilis

563 1426 774 1508 hemisphaerii
799 1428 827 1488 in
853 1428 1034 1501 novilunio),
1069 1430 1175 1507 quibus
1199 1429 1382 1506 temporibus
1411 1428 1484 1504 ipsis
1509 1435 1567 1490 est.
1582 1427 1739 1499 meridies,
1771 1426 1918 1486 immanes

562 1517 645 1581 Solis
670 1524 773 1578 aestus
798 1517 927 1577 tolerare
949 1517 1084 1595 possint,
1115 1518 1139 1576 si
1165 1539 1223 1578 non
1248 1525 1300 1578 aer
1328 1518 1464 1578 turbidus
1489 1514 1591 1577 Solem
1623 1516 1698 1587 illis,
1726 1523 1759 1575 ut
1781 1516 1815 1575 fit
1840 1514 1919 1593 apud
1974 1519 1978 1527 '

561 1608 729 1673 Peruauos‚
757 1606 861 1666 crebro
887 1614 971 1683 tegat
1000 1614 1174 1685 aestumque
1203 1608 1324 1668 humore
1349 1614 1515 1684 ternperet;
1550 1605 1598 1683 qui
1623 1611 1675 1664 aer
1699 1603 1728 1663 in
1757 1603 1920 1681 plenilunio

564 1704 596 1757 et
619 1695 754 1756 maculas
778 1694 875 1773 magis
900 1696 1042 1769 occultat,
1068 1705 1099 1756 et
1117 1697 1308 1773 splendorem
1328 1716 1365 1755 ex
1386 1694 1458 1755 Sole
1483 1694 1634 1772 ingentem
1659 1692 1802 1753 combibit
1823 1692 1919 1770 adque

561 1802 617 1846 nes
641 1783 783 1845 revibrat.

652 1871 731 1942 Quid
755 1879 788 1931 tu
813 1871 849 1931 de
874 1878 944 1931 aere
968 1870 1043 1931 dieis
1068 1872 1290 1944 circaLunam‚
1314 1892 1379 1932 cum
1398 1870 1622 1932 Maestlinus
1647 1870 1748 1930 libelle
1764 1868 1919 1947 Tubiugae

561 1961 643 2022 edito
679 1980 705 2022 a.
744 1956 827 2021 1606
860 1966 1016 2031 (Disputatio
1045 1969 1075 2018 de
1102 1968 1241 2017 multifariis
1274 1976 1384 2018 motuum
1408 1971 1566 2034 planetarum
1592 1970 1617 2017 in
1645 1968 1714 2018 coele
1743 1967 1920 2029 apparentibus

563 2054 799 2123 irregularitatum)
828 2048 920 2130 etiam
953 2048 1070 2126 pluvias
1105 2050 1133 2108 iu
1163 2069 1199 2108 ea
1231 2050 1446 2128 conspexerit?
1479 2049 1530 2110 Sic
1562 2048 1638 2109 enim
1674 2049 1722 2108 ille
1752 2048 1808 2107 Th.
1839 2043 1918 2110 152:

564 2140 618 2212 „lu
651 2137 755 2216 eclipsi
785 2136 897 2197 Lunari
930 2155 1054 2215 vespere
1088 2138 1264 2198 Dominicae
1297 2139 1469 2199 Palmarum
1500 2138 1570 2198 anni
1607 2134 1700 2199 1605.
1735 2137 1762 2196 iu
1795 2153 1920 2214 corpere

563 2227 669 2288 Lunae
692 2244 797 2286 versus
821 2226 942 2286 boream
967 2226 1117 2303 nigricans
1152 2228 1298 2305 quaedam
1322 2228 1440 2288 macula
1470 2236 1633 2305 conspecta
1664 2226 1733 2295 fuit,
1768 2223 1922 2286 obscurior

563 2322 665 2377 cetero
689 2321 754 2374 toto
779 2332 913 2393 corpore,
939 2315 1017 2393 quod
1041 2316 1199 2376 candentis
1229 2317 1298 2376 ferri
1322 2317 1446 2394 figuram
1475 2307 1733 2393 repraesentabat.
1781 2312 1920 2373 Dixisses

565 2402 668 2464 nubila
682 2402 711 2461 in
728 2403 852 2463 multam
871 2403 1022 2480 regionem
1044 2412 1181 2477 extensa,
1205 2406 1315 2482 pluviis
1335 2413 1366 2464 et
1386 2403 1598 2482 tempestuosis
1621 2403 1764 2464 imbribus
1783 2401 1920 2480 gravida,

563 2491 730 2569 eujusmodi
759 2493 797 2551 ab
827 2492 1013 2553 excelsorum
1034 2492 1177 2553 montium
1195 2494 1278 2571 jugis
1298 2495 1325 2553 in
1350 2494 1509 2554 humiliora
1532 2493 1711 2553 convallium
1732 2492 1799 2551 loca
1820 2491 1920 2550 videre

564 2597 622 2642 uon
647 2598 714 2640 raro
739 2579 898 2658 contigit.“
945 2581 1029 2641 Haec
1047 2582 1105 2641 ille.
1144 2583 1191 2643 h'e
1215 2601 1285 2642 vero
1310 2591 1397 2661 putes
1422 2583 1609 2660 antiquarum
1626 2582 1809 2640 macularum
1833 2597 1920 2639 unam

564 2668 668 2742 luisse,
693 2670 873 2729 monstravit
897 2669 960 2746 ipse
985 2670 1056 2730 mihi
1080 2670 1260 2731 Maestlinus
1285 2691 1362 2731 anno
1391 2671 1536 2749 superiori
1567 2671 1770 2747 diagramma;
1804 2667 1923 2728 macula

566 2765 633 2819 erat
655 2766 687 2817 et
718 2756 777 2816 situ
811 2766 842 2816 et
873 2758 1077 2833 magnitudine
1110 2760 1267 2832 differens,
1293 2761 1412 2838 quippe
1443 2780 1519 2838 quae
1553 2768 1691 2837 quartam
1725 2757 1848 2817 circiter
1872 2763 1922 2816 aut

567 2845 703 2926 quintam
735 2852 854 2924 partem
885 2847 1021 2924 planitiei
1047 2848 1175 2907 Lunaris
1210 2850 1397 2927 occupabat,
1431 2858 1462 2907 et
1489 2858 1648 2926 praeterea
1672 2847 1747 2905 adeo
1779 2855 1867 2917 atra,
1893 2852 1925 2904 ut

564 2935 658 2995 etiam
682 2934 710 2994 in
736 2933 934 2996 obtenebrata
958 2936 1044 2996 Luna
1077 2937 1219 2997 eluceret.
1267 2938 1373 2998 Tradit
1406 2958 1440 2998 eo
1475 2937 1576 2997 libello
1606 2957 1625 2995 a
1652 2936 1707 2994 Th.
1733 2933 1786 2996 88.
1818 2935 1923 2994 Lunae

565 3023 744 3084 affinitatem
765 3043 830 3083 cum
852 3024 955 3093 Terra,
980 3026 1008 3084 in
1034 3025 1195 3099 densitate,
1221 3028 1334 3098 umbra,
1360 3027 1497 3101 caligine,
1525 3027 1587 3086 luce
1609 3023 1712 3085 aSole
1738 3023 1922 3095 mutuatitia,

565 3129 641 3192 quae
675 3112 795 3191 globum
824 3121 979 3191 utrumque
1008 3114 1268 3188 circurnambulet,
1303 3100 1379 3194 quae
1409 3115 1551 3194 aequales
1584 3123 1616 3173 et
1644 3112 1794 3173 terricolis
1819 3113 1923 3172 Lunae

563 3200 677 3281 pheses
702 3200 826 3260 exhibet
850 3209 882 3259 et
906 3201 1042 3262 limicolis
1058 3204 1179 3276 Terrae,
1206 3215 1238 3264 ut
1262 3215 1416 3283 utrumque
1441 3222 1548 3282 corpus
1571 3203 1609 3262 ab
1634 3203 1730 3262 altero
1755 3201 1925 3279 aequaliter

563 3288 756 3361 illuminetur,
774 3306 830 3366 quo
848 3289 912 3352 loco
929 3309 1069 3368 magnam
1088 3303 1205 3369 partem
1222 3293 1432 3371 complectitur
1446 3313 1530 3352 meae
1550 3290 1766 3352 Astronomiae
1782 3289 1923 3350 Lunaris.

564 3377 705 3438 Alterum
730 3377 856 3453 gradum
881 3379 1068 3456 cognationis
1094 3381 1197 3440 horum
1223 3402 1378 3460 corporum
1404 3382 1458 3442 Th.
1476 3378 1528 3442 92.
1554 3382 1683 3441 collocat
1707 3380 1735 3438 in
1757 3378 1925 3457 asperitate

566 3464 803 3544 superficierum,
837 3468 972 3545 quodque
1006 3477 1111 3529 notatu
1145 3470 1265 3548 dignum
1291 3480 1353 3543 est,
1388 3491 1423 3530 ex
1453 3470 1548 3530 tribus
1580 3470 1653 3529 locis
1677 3469 1824 3529 Averrois
1850 3468 1926 3527 citat

568 3554 679 3615 dietum
703 3552 881 3615 Aristotelis
906 3575 942 3615 ex
976 3557 1051 3617 libro
1077 3559 1113 3618 de
1137 3559 1345 3630 AnimalibuS,
1371 3561 1469 3638 „quod
1498 3560 1585 3619 Luna
1616 3559 1765 3618 Terrenae
1800 3566 1925 3617 naturae

570 3643 729 3704 admodum
753 3642 794 3702 sit
818 3644 948 3705 affinis.“
996 3648 1030 3707 Iu
1061 3648 1161 3726 specie
1186 3649 1222 3707 de
1252 3655 1321 3708 aere
1351 3648 1431 3708 cirea
1460 3648 1578 3708 Lnrrare
1610 3667 1718 3724 corpus
1747 3646 1926 3706 circumfuso
1971 3709 1975 3715 ,

570 3751 590 3792 a
612 3733 668 3793 Th.
698 3728 769 3793 145.
796 3753 833 3793 en
857 3735 994 3811 professo
1020 3736 1092 3813 agit,
1118 3737 1203 3813 cujus
1228 3738 1289 3796 ista
1313 3746 1382 3798 sunt
1407 3737 1497 3797 rerba
1522 3738 1576 3797 Th.
1605 3733 1677 3797 149.
1704 3736 1761 3794 tuis
1789 3733 1927 3795 Galilaea

567 3821 668 3881 verbis
694 3821 769 3881 adeo
794 3822 912 3896 similia,
938 3832 971 3884 ut
994 3844 1031 3883 ex
1052 3834 1102 3884 tuo
1127 3825 1229 3885 libello
1253 3827 1392 3886 desumto
1410 3826 1587 3886 rideantur:
1614 3823 1668 3898 „Si
1684 3825 1788 3883 Lunae
1809 3843 1927 3901 eorpus

569 3910 681 3989 iuquit,
716 3929 891 3990 quacunque
914 3912 1008 3990 phase
1032 3914 1124 3990 probe
1150 3914 1309 3987 intuearis,
1344 3925 1508 3975 extremam
1533 3934 1616 3975 oram
1640 3914 1732 3973 multo
1768 3910 1927 3991 limpidiori

568 3998 738 4080 purioriquc
769 4000 833 4059 luce
863 4001 976 4061 claram
1001 4020 1055 4061 nec
1086 4002 1152 4061 ullis
1184 4004 1308 4064 maculis
1343 4023 1533 4082 conspersam
1565 4002 1698 4062 videbis:
1734 4020 1799 4062 cum
1826 4011 1926 4062 tamen

568 4087 606 4148 ab
631 4088 767 4148 interiori
791 4107 915 4167 corpore
944 4090 1090 4168 plurimae
1118 4092 1302 4169 nigricantes
1332 4102 1421 4153 notae
1449 4092 1563 4172 passim
1593 4091 1731 4151 emicent.
1781 4089 1858 4159 Quis
1881 4090 1927 4150 hio

570 4176 661 4249 dicet,
686 4175 842 4238 uniformis
865 4177 946 4240 illius
971 4179 1045 4239 lucis
1069 4199 1126 4238 nou
1152 4200 1219 4240 esse
1249 4182 1344 4254 aliud,
1376 4201 1462 4260 quam
1488 4181 1574 4258 hujus
1606 4180 1787 4240 obscurioris
1818 4178 1926 4240 turbidi

571 4273 602 4325 et
626 4264 769 4324 maculati
793 4267 962 4345 splendoris
987 4267 1197 4344 subjectunr?“
1234 4268 1394 4331 Concludit
1418 4271 1495 4342 hinc,
1526 4288 1632 4347 corpus
1656 4269 1739 4328 limbi
1764 4288 1832 4328 esse
1857 4287 1927 4346 per-

568 4352 708 4427 lucidum,
736 4355 821 4432 quasi
844 4355 988 4430 vitreum,
1014 4357 1135 4430 adrium,
1162 4359 1391 4437 hornogeueum,
1418 4360 1544 4440 denique
1569 4359 1648 4418 a'eris
1678 4357 1773 4418 nostri
1798 4358 1927 4418 circum·

565 4442 719 4504 terrestris
744 4444 833 4522 plane
858 4445 965 4505 simile.

655 4532 772 4591 Multus
797 4533 915 4611 quidem
941 4542 988 4594 est
1012 4533 1040 4594 in
1066 4554 1115 4607 eo,
1142 4544 1175 4595 ut
1198 4544 1295 4597 tecum
1322 4535 1460 4596 Galilaee
1485 4538 1561 4596 hunc
1590 4543 1689 4596 adrem
1714 4555 1751 4595 ex
1776 4555 1811 4594 eo
1837 4536 1929 4597 etiam

567 4620 652 4700 siguo
677 4621 802 4698 probet,
839 4624 938 4701 „qued
968 4643 1039 4702 pars
1074 4624 1183 4684 lumine
1213 4625 1294 4686 Solis
1327 4628 1449 4704 perlusa
1482 4625 1635 4704 amplioris
1668 4624 1929 4686 circumferentiae

568 4716 715 4788 apparet,
751 4727 837 4788 quam
862 4712 1006 4792 reliquum
1039 4713 1118 4774 erbis
1148 4714 1340 4775 tenebrosi“:
1375 4716 1453 4792 quod
1477 4715 1658 4774 Maestlinus
1690 4713 1791 4773 multis
1821 4716 1931 4793 probat

565 4797 797 4877 experimentis,
832 4820 890 4860 uon
917 4803 1071 4862 nocturnis
1096 4811 1229 4876 tantum,
1265 4823 1387 4881 quorum
1412 4824 1504 4864 eausa
1528 4804 1556 4863 in
1585 4803 1681 4863 risum
1706 4802 1790 4880 rejici
1814 4811 1929 4883 posset,

563 4888 618 4947 sed
643 4896 674 4949 et
699 4887 822 4962 diurnis,
851 4891 969 4968 quando
994 4891 1085 4964 stella
1101 4891 1229 4952 Veneris
1254 4911 1287 4951 se
1311 4900 1382 4971 post
1401 4894 1505 4953 Lunae
1531 4892 1637 4952 bifidae
1662 4899 1779 4969 partem
1806 4892 1929 4953 umbro·

565 4993 631 5035 sam
655 4975 773 5054 recipit.
821 4978 936 5039 Verum
958 4998 1034 5058 paee
1058 4987 1161 5039 vestra
1192 4980 1263 5040 mihi
1294 4981 1400 5047 liceat,
1431 5000 1488 5059 ego
1512 4980 1571 5041 etsi
1599 4988 1699 5041 adrem
1723 4980 1830 5042 Lunae
1856 5001 1929 5042 cou-

565 5063 650 5139 eedo,
676 5072 777 5124 tamen
805 5085 895 5145 super
918 5068 974 5129 hec
998 5068 1203 5145 experimento
1227 5088 1333 5130 manee
1357 5069 1386 5130 in
1411 5070 1583 5130 sententia:
1609 5070 1707 5129 lumen
1731 5068 1801 5131 hinc
1824 5070 1930 5131 Lunae

566 5150 635 5219 inde
669 5152 777 5214 stellae
809 5154 846 5215 dc
876 5156 923 5216 die
953 5155 1055 5243 etiam·
1075 5175 1143 5216 sese
1175 5157 1204 5218 iu
1241 5159 1326 5220 oculo
1357 5158 1503 5237 ampliare
1536 5158 1690 5238 locumque
1717 5158 1818 5236 partis
1842 5166 1930 5220 tene·
