4584 6192
561 614 626 681 466
986 615 1087 667 Literna
1105 615 1208 681 Kepleri
1227 617 1377 683 aberamque
1395 624 1497 669 mutuae

567 844 570 847 .
652 795 714 858 Sed
739 794 815 857 satis
839 793 1101 857 ratiocinationum
1126 814 1269 859 mearum.
1308 796 1476 860 Audiamus
1500 795 1808 878 nuncEpilogiloco'
1828 796 1924 857 etiam

562 884 696 947 Galilaci
728 885 989 947 ratiocinationem
1023 905 1059 946 ex
1090 886 1225 947 omnibus
1257 906 1333 967 quae
1372 887 1477 948 attulit
1507 886 1671 966 perspicilli
1704 884 1923 965 experimentis

563 981 759 1036 exstructam.
808 972 859 1035 Sic
883 974 932 1035 ille
957 974 1072 1035 denuo:

654 1063 800 1136 „Mirifice
831 1081 877 1123 mc
907 1064 1096 1124 delectarunt
1118 1063 1242 1124 ultimae
1267 1072 1335 1125 tuae
1368 1064 1493 1137 literae,
1527 1062 1688 1142 praecipue
1712 1062 1762 1124 ubi
1787 1062 1825 1122 de
1848 1062 1922 1124 illu-

563 1152 639 1213 stris
662 1152 701 1213 D.
719 1149 889 1213 consiliarii
910 1150 1054 1214 Caesarei
1078 1152 1115 1213 D.
1131 1151 1305 1215 Wackherii
1330 1153 1474 1214 benevolo
1499 1154 1528 1213 in
1552 1172 1600 1213 ine
1624 1151 1723 1213 animo
1747 1158 1922 1213 testantur:

562 1260 649 1321 quem
669 1258 725 1319 ego
745 1241 861 1320 quidem
883 1241 1003 1301 maximi
1024 1241 1112 1302 facio.
1147 1239 1233 1310 Quae
1255 1243 1356 1320 gratia
1374 1262 1440 1303 cum
1461 1242 1529 1302 inde
1554 1241 1596 1301 sit
1615 1250 1691 1314 orta,
1714 1241 1793 1321 quod
1813 1240 1923 1302 obser-

563 1330 736 1390 vationibus
765 1348 820 1407 ego
845 1330 993 1390 nonnullis
1022 1330 1197 1391 necessaria
1220 1331 1335 1392 ratione
1363 1331 1567 1391 demonstravi
1598 1331 1738 1390 conclusa
1763 1330 1922 1410 quaedam,

565 1419 718 1500 quae‘ipse
732 1418 846 1497 pridem
866 1437 919 1498 pro
935 1419 1014 1479 veris
1034 1419 1198 1480 habuerat:
1220 1429 1254 1481 ut
1268 1421 1358 1499 igitur
1377 1420 1454 1484 banc
1469 1418 1540 1481 mibi
1559 1418 1782 1497 possessionem
1803 1418 1922 1497 gratiae

564 1516 628 1568 tam
652 1506 761 1567 charae
785 1508 943 1569 firmiorem
968 1507 1104 1583 efficiam,
1130 1526 1203 1587 rogo
1228 1509 1270 1570 illi
1294 1510 1369 1571 haec
1393 1527 1477 1569 ame
1500 1508 1643 1569 nuncies:
1676 1526 1743 1569 esse
1767 1507 1841 1568 milri
1866 1507 1921 1568 de-

567 1589 1015 1658 monstrationes‘certissimus
1040 1597 1068 1656 in
1093 1606 1230 1676 promtu,
1263 1600 1356 1678 quod,
1380 1598 1470 1677 plane
1494 1603 1528 1658 ut
1549 1598 1614 1676 ipse
1644 1605 1748 1671 tenet,
1778 1598 1921 1675 planetae

566 1686 684 1766 quidem
709 1703 811 1747 omnes
836 1685 933 1746 lumen
959 1706 977 1746 a
1002 1684 1073 1746 Sole
1106 1686 1270 1765 recipiant,
1304 1687 1359 1766 ipsi
1391 1707 1446 1747 sua
1477 1694 1585 1746 natura
1608 1703 1736 1764 corpora
1760 1686 1923 1747 tenebrosa

566 1781 602 1835 'e‘t-
621 1793 734 1853 opaca:
772 1775 847 1835 lixae
878 1791 949 1835 vero
979 1775 1086 1836 stellae
1110 1774 1231 1854 proprio
1256 1783 1288 1836 et
1310 1776 1438 1837 naturali
1463 1775 1573 1835 lumine
1596 1775 1830 1852 resplendeant,
1865 1793 1922 1834 non

562 1863 736 1941 indigentes
753 1863 986 1924 illustrationea
1009 1862 1090 1924 Solis
1114 1865 1225 1925 radiis:
1251 1864 1360 1944 quippe
1384 1864 1441 1945 qui,
1467 1882 1504 1923 an
1529 1864 1567 1924 ad
1591 1864 1716 1924 lixarum
1741 1863 1923 1924 altissimam

564 1951 721 2031 regionem
744 1951 773 2012 in
803 1958 889 2013 tanta
912 1952 1003 2012 etiam
1029 1952 1166 2014 claritate
1198 1955 1390 2033 pertingant,
1429 1952 1572 2032 quantula
1606 1951 1746 2012 claritate
1779 1951 1850 2013 inde
1885 1953 1921 2013 ad

567 2059 622 2102 nos
656 2041 843 2102 descendunt
875 2042 999 2103 fixarum
1036 2042 1128 2113 radii,
1170 2042 1252 2103 Deus
1290 2044 1383 2104 novit.
1443 2041 1640 2102 Potissimum
1678 2039 1922 2102 ratiocinationis

569 2144 654 2191 meae
679 2129 904 2191 fundamentum
927 2131 956 2191 in
981 2132 1036 2191 boc
1061 2130 1222 2205 consistit,
1244 2133 1321 2211 quod
1346 2150 1411 2192 cum
1436 2130 1548 2191 oculari
1572 2130 1728 2190 evidenter
1750 2128 1921 2197 observavi,

564 2220 714 2298 planetas,
739 2220 919 2300 utquisque
944 2220 1078 2299 quolibet
1102 2229 1235 2299 tempore
1260 2221 1346 2281 nobis
1370 2231 1402 2281 et
1425 2218 1490 2281 Soli
1514 2218 1637 2280 vicinior
1662 2219 1760 2291 fuerit,
1786 2218 1830 2280 sic
1854 2239 1921 2280 rna·

561 2309 661 2388 jerem
685 2309 818 2388 recipere
842 2309 1033 2388 splendorem
1062 2318 1093 2370 et
1123 2309 1268 2369 illustrius
1302 2310 1428 2370 eundem
1460 2308 1671 2370 reverberare:
1709 2307 1813 2386 itaque
1837 2308 1922 2370 Mars

564 2390 734 2476 pangaeus,
759 2398 860 2459 Terris
884 2397 1021 2458 nimirum
1046 2397 1267 2471 vicinissimns,
1296 2398 1454 2477 splendore
1477 2397 1585 2457 Jovem
1609 2415 1667 2456 non
1692 2396 1802 2475 exiguo
1826 2396 1921 2457 inter-

562 2486 643 2547 vallo
671 2494 743 2565 post
772 2505 805 2547 se
840 2486 1000 2566 relinquit,
1025 2488 1217 2565 quantumvis
1248 2487 1326 2547 mole
1350 2486 1484 2566 corporis
1508 2487 1575 2565 ipsa
1597 2484 1667 2545 Jovi
1702 2485 1791 2563 longe
1821 2486 1921 2546 cedat.

562 2576 708 2654 Adeoque
733 2574 853 2636 difficile
878 2584 926 2636 est
949 2575 1145 2635 radiaticnem
1170 2576 1248 2636 hanc
1271 2574 1381 2637 Martis
1406 2576 1517 2636 oculari
1541 2574 1698 2653 excipere3
1728 2582 1818 2634 tauta
1842 2574 1921 2635 enim

563 2655 625 2737 est,
646 2672 680 2723 nt
702 2662 850 2742 impediat
868 2664 973 2731 visum,
1000 2682 1056 2742 quo
1074 2665 1170 2725 minus
1193 2664 1220 2724 is
1245 2665 1358 2725 discum
1374 2664 1507 2743 corporis
1522 2664 1630 2724 stellae
1645 2662 1778 2723 Martiae
1794 2663 1919 2724 rotunde

563 2752 754 2813 terminatum
778 2752 981 2813 internoscere
1004 2754 1111 2831 possit.
1160 2755 1194 2813 ld
1225 2754 1255 2814 in
1279 2754 1356 2815 Jove
1380 2773 1438 2814 non
1462 2772 1518 2814 usu
1545 2752 1644 2825 venit,
1676 2762 1806 2830 apparet
1838 2752 1917 2812 enim

563 2840 711 2921 exquisite
744 2841 907 2904 circularis.
958 2842 1035 2903 Post
1064 2842 1140 2903 hunc
1173 2842 1322 2904 Saturnus
1356 2850 1480 2922 propter
1512 2841 1639 2901 eandem
1672 2860 1758 2901 suam
1792 2859 1917 2920 eamque

562 2929 767 3008 longissimam
792 2931 985 2992 remotionem
1009 2945 1136 3010 apparet
1161 2932 1352 2993 exactissime
1377 2931 1576 3001 terminatus:
1601 2938 1663 2990 tam
1687 2929 1785 3008 major
1809 2929 1918 3008 globus

562 3019 594 3080 irr
615 3018 714 3080 medio
738 3037 825 3099 quam
850 3020 925 3080 duae
950 3020 1015 3099 ejus
1039 3020 1151 3098 pilulae
1175 3021 1306 3082 minutae
1330 3021 1369 3081 ad
1395 3021 1501 3081 latera.
1549 3020 1689 3097 Apparet
1708 3019 1787 3079 euim
1808 3018 1917 3080 lumine

563 3106 705 3194 languido
729 3116 760 3168 et
785 3111 898 3183 fracto,
932 3109 996 3169 sine
1019 3109 1214 3171 irradiatione
1237 3111 1311 3185 tali,
1346 3128 1422 3189 quae
1446 3108 1589 3187 impediat
1622 3108 1799 3168 distinctam
1829 3107 1919 3169 trium

564 3198 630 3276 ejtts
654 3197 965 3259 terminatissimorum
989 3197 1176 3277 globulorum
1200 3199 1479 3279 apprehensionem.
1528 3196 1603 3258 Cum
1636 3196 1730 3275 igitur
1761 3195 1918 3258 videamus

564 3277 695 3349 Martem
719 3288 756 3347 de
779 3287 946 3367 propinquo
969 3287 1058 3349 valde
1092 3288 1249 3367 splendide
1283 3287 1426 3349 illustrari
1459 3285 1591 3358 aSole,
1629 3285 1717 3347 Jovis
1748 3285 1920 3348 remotioris

564 3375 664 3437 lumen
687 3376 780 3437 multo
805 3394 872 3436 esse
898 3376 1066 3453 languidius
1092 3378 1299 3456 (quantumvis
1329 3376 1406 3439 citra
1437 3374 1628 3436 instrumenti
1662 3394 1747 3436 nsum
1781 3375 1859 3435 satis
1890 3374 1920 3435 id

566 3465 677 3525 clarum
703 3472 858 3543 appareat,
884 3464 914 3525 id
940 3466 1016 3544 quod
1041 3467 1153 3527 accidit
1172 3466 1198 3526 ei
1213 3474 1337 3544 propter
1352 3464 1587 3544 magnitudinem
1612 3471 1643 3523 et
1666 3464 1826 3524 candorem
1852 3482 1916 3524 cor-

565 3553 683 3633 poris),
716 3544 840 3615 Saturni
864 3554 1056 3615 remotissimi
1081 3555 1338 3635 languidissimum
1357 3562 1395 3614 et
1418 3554 1511 3614 veluti
1545 3572 1686 3633 aqueum:
1719 3554 1807 3632 quale
1831 3561 1920 3632 putas

565 3646 691 3703 fixarum
716 3638 821 3704 lumen
844 3652 927 3703 esset
958 3643 1179 3723 appariturum,
1215 3664 1290 3723 quae
1323 3642 1465 3704 ineffabili
1498 3643 1657 3703 intervallo
1690 3643 1809 3720 longius
1834 3660 1921 3721 quam

566 3731 713 3793 Saturnus
738 3752 757 3791 a
780 3731 851 3793 Sole
876 3732 996 3808 absunt,
1022 3734 1046 3794 si
1070 3754 1090 3793 a
1113 3731 1185 3794 Sole
1209 3740 1325 3794 tantum
1355 3731 1597 3792 illustrarentur?
1639 3730 1769 3791 Omnino
1795 3731 1919 3791 debilis·

565 3822 682 3894 simunt,
706 3822 856 3883 turbidum
881 3829 912 3883 et
936 3829 1111 3883 emortuum.
1150 3822 1244 3901 Atqui
1265 3823 1354 3899 plane
1370 3821 1554 3882 contrarium
1574 3820 1751 3899 experimur.
1792 3820 1920 3883 Lustre·

566 3917 630 3971 mus
655 3909 733 3970 enim
757 3910 850 3971 oculis
875 3910 1003 3991 exempli
1027 3930 1121 3971 causa
1144 3912 1265 3971 stellam
1291 3909 1399 3983 Canis,
1433 3917 1570 3971 occurret
1600 3909 1686 3968 nobis
1718 3910 1819 3986 t'ulgor
1842 3908 1919 3971 vivi-

566 3999 723 4071 dissimus,
757 4000 807 4078 qui
840 3998 932 4059 veluti
965 4000 1072 4078 pnngit
1105 4000 1223 4060 oculum
1256 4018 1321 4060 cum
1349 3998 1517 4059 vibratione
1549 3998 1696 4058 radiorum
1730 3998 1921 4076 rapidissima

566 4087 644 4148 tanti
669 4088 800 4166 vigoris,
834 4097 868 4148 ut
897 4089 934 4148 ad
965 4088 1049 4149 illum
1074 4089 1240 4167 comparati
1265 4090 1422 4168 planetae,
1454 4096 1528 4165 puta
1550 4086 1671 4165 Jupiter
1695 4088 1821 4166 ipsaque
1846 4087 1920 4145 aden

567 4177 680 4248 Venus,
706 4176 750 4236 sic
775 4177 995 4238 confundantur
1020 4186 1051 4238 et
1074 4177 1294 4257 deprimantur,
1319 4186 1353 4237 ut
1375 4179 1484 4238 vitrum
1509 4176 1684 4236 vilissimum
1709 4184 1741 4236 et
1765 4177 1918 4254 impurum,

566 4274 774 4342 comparatum
809 4267 847 4326 ad
880 4266 1078 4327 tersissImurn
1113 4277 1143 4327 et
1176 4266 1410 4328 illustrissimum
1449 4266 1650 4325 adamantem.
1706 4265 1747 4324 Et
1786 4265 1920 4344 quamvis

566 4353 674 4413 stellae
700 4351 793 4414 Oanis
827 4355 929 4415 discus
968 4375 1025 4415 non
1064 4355 1161 4434 major
1194 4363 1342 4434 appareat
1374 4354 1622 4433 quinquagesima
1658 4355 1809 4432 particula
1848 4353 1934 4413 disci.

565 4441 662 4514 Jovis,
687 4442 779 4503 nihilo
804 4443 902 4504 secius
926 4444 1055 4504 radiatio
1080 4445 1144 4523 ejus
1170 4455 1217 4505 est
1239 4446 1346 4523 ingens
1371 4451 1401 4503 et
1424 4443 1558 4504 violenta
1581 4444 1759 4517 admodum,
1790 4443 1868 4503 adeo
1891 4454 1922 4501 ut

566 4527 684 4611 species
717 4532 777 4592 ista
810 4532 884 4592 disci
918 4552 986 4593 sese
1015 4533 1095 4594 intra
1119 4534 1218 4594 crines
1243 4533 1335 4593 veluti
1360 4532 1538 4592 radiationis
1563 4552 1635 4592 suae
1666 4534 1830 4601 recondat,
1866 4531 1920 4590 im-

564 4621 657 4700 plicet
681 4629 712 4680 et
731 4621 817 4701 quasi
833 4629 1005 4695 evanescat,
1030 4641 1085 4683 nec
1109 4623 1166 4683 nisi
1191 4641 1256 4682 cum
1281 4621 1457 4682 difficultate
1482 4622 1584 4699 aliqua
1607 4621 1796 4681 discernatur
1820 4642 1839 4680 a
1862 4621 1920 4680 cir-

566 4710 709 4770 cumfusis
743 4710 891 4771 crinibus:
931 4710 980 4771 ubi
1011 4718 1117 4772 contra
1140 4710 1259 4791 Jupiter
1293 4719 1323 4770 et
1355 4711 1448 4771 multo
1482 4710 1579 4788 magis
1604 4708 1754 4770 Saturnus
1783 4711 1922 4771 videntur

564 4797 736 4871 terminati,
771 4799 821 4859 lux
855 4819 955 4860 eorum
989 4801 1131 4877 languida
1164 4810 1195 4860 et
1226 4808 1258 4859 ut
1286 4800 1331 4860 ita
1355 4799 1453 4860 dicam
1478 4799 1589 4878 quieta.
1637 4797 1832 4876 Quapropter
1857 4798 1920 4857 exi-

566 4886 655 4946 stimo
681 4896 762 4947 recte
788 4906 842 4949 nos
865 4888 1140 4968 philosophatum,
1166 4889 1190 4949 si
1216 4908 1337 4950 causam
1362 4889 1588 4949 scintillationis
1607 4888 1731 4947 fixarum
1757 4890 1921 4948 referamus

566 4974 604 5033 ad
628 4975 827 5037 vibrationem
852 4978 1020 5056 splendoris
1045 4977 1156 5058 proprii
1182 4986 1214 5037 et
1238 4977 1349 5050 nativi,
1385 4978 1414 5038 in
1449 4977 1651 5038 substantiam
1683 4994 1785 5037 eorum
1819 4976 1919 5037 insiti:

566 5062 701 5124 vicissim
724 5066 753 5125 in
779 5067 934 5145 superficie
958 5068 1149 5144 planetarum
1182 5066 1315 5127 dicamus
1339 5066 1492 5127 terminari
1518 5067 1554 5125 de
1578 5064 1743 5145 propinquo
1769 5065 1920 5126 illumina·

568 5150 680 5212 tionem
702 5153 796 5229 illam,
822 5174 898 5235 quae
923 5155 1027 5218 aSole
1043 5156 1181 5218 derivata
1195 5155 1224 5217 in
1241 5156 1382 5216 mundum
1398 5155 1542 5216 diditur.“
1575 5164 1638 5211 Fron.
1654 5162 1677 5211 d.
1692 5158 1737 5211 26.
1752 5160 1829 5214 Maro.
1846 5160 1921 5213 1611.
