4584 6192
524 609 589 678 354
1016 611 1190 662 mutulae
1208 610 1269 663 Pan
1288 611 1387 677 Optio&

525 793 653 865 mutata,
672 787 754 853 Solis
778 787 941 871 deliquium
964 787 1185 868 contemplatus
1205 808 1270 851 sum
1292 788 1322 851 iu
1346 789 1424 852 bunc
1447 788 1514 868 jam
1536 787 1720 871 descriptum
1750 789 1883 852 modum.

523 878 722 954 Quantit-ates
745 878 923 941 circulorum
946 876 1039 956 dupla
1060 876 1165 939 borum
1188 882 1255 952 (lig.
1275 884 1336 945 tlt,
1363 883 1427 949 tlt)
1450 878 1542 953 fuere,
1567 879 1753 959 qnosuides.
1786 876 1882 941 Sum-

524 987 623 1034 seram
648 989 676 1030 n.
700 987 754 1048 pro
777 966 880 1030 lunula
906 966 1121 1046 particularum
1145 964 1187 1030 37
1211 967 1484 1040 semidiametrum,
1514 986 1589 1048 quae
1617 986 1684 1030 cum
1706 960 1770 1052 8'l,
1797 969 1884 1030 lora-

523 1057 612 1122 miuis
635 1057 771 1119 efficiunt
792 1051 835 1119 45
846 1049 891 1138 1,,
916 1073 958 1117 sc.
983 1062 1018 1117 ut
1041 1055 1175 1117 efficeret
1201 1052 1252 1119 15‘
1275 1074 1329 1119 seu
1350 1075 1405 1137 pro
1428 1064 1497 1118 tota
1519 1056 1668 1120 diametro
1693 1053 1757 1121 30⁴.
1803 1057 1887 1121 Nam

526 1155 560 1211 at
580 1145 636 1210 Sol
657 1146 688 1208 in
713 1160 847 1227 apogaeo
871 1144 965 1206 habet
989 1141 1043 1208 30¹
1066 1143 1096 1204 in
1120 1144 1285 1207 diametro:
1309 1146 1399 1208 Luna
1420 1163 1491 1207 vero
1514 1166 1534 1207 a
1552 1145 1727 1208 Ptolemaeo
1751 1154 1784 1207 et
1804 1145 1887 1226 Hip-

524 1235 637 1319 pereto
661 1233 771 1297 dicitur
793 1232 928 1314 aequalis
943 1231 1025 1295 Soli:
1049 1240 1082 1293 et
1094 1232 1198 1314 Tycbo
1217 1233 1282 1315 ipse
1298 1234 1402 1297 Lunae
1421 1234 1451 1297 iu
1471 1234 1708 1315 oppositionibus
1731 1233 1888 1297 minimam

527 1323 705 1389 diametrum
729 1320 783 1387 30⁴
807 1321 962 1401 assignat:
991 1340 1068 1401 quae
1093 1340 1164 1383 vero
1188 1323 1225 1384 de
1250 1322 1445 1386 diminutione
1469 1324 1556 1403 hujus
1586 1322 1726 1386 diametri
1747 1323 1779 1385 in
1803 1321 1889 1385 Solis

467 1434 470 1440 ’
527 1409 690 1494 eclipsibus
714 1412 849 1482 dixerat,
878 1409 980 1472 multis
1005 1410 1167 1473 decausis
1191 1421 1334 1493 suspecta
1356 1411 1514 1476 habebam.
1562 1413 1663 1475 Tanta
1684 1412 1787 1492 itaque
1811 1430 1888 1475 con-

527 1503 637 1566 stituta
660 1501 770 1574 lunula,
795 1500 1019 1580 spectatoribus
1041 1499 1221 1572 Braheauis,
1246 1520 1312 1563 oum
1331 1501 1396 1582 jam
1420 1501 1459 1562 ad
1481 1500 1610 1563 medium
1634 1500 1755 1582 eclipsis
1779 1519 1888 1564 excre-

527 1584 633 1664 visset,
654 1589 795 1670 apparuit
815 1588 953 1651 omnibus
972 1587 1232 1663 manifestissime,
1255 1590 1388 1652 lunulam
1407 1609 1505 1652 meam
1524 1608 1582 1651 non
1603 1597 1723 1653 tantum
1739 1607 1799 1652 uon
1819 1609 1890 1653 esse

529 1679 674 1761 majorem
701 1678 820 1751 umbra,
853 1677 907 1738 sed
932 1676 1030 1739 adbuc
1063 1677 1189 1739 deficere
1213 1700 1232 1739 a
1254 1680 1400 1742 lateribus
1423 1679 1565 1751 umbrae,
1589 1679 1615 1741 si
1639 1700 1658 1741 a
1681 1680 1780 1741 toute
1804 1678 1890 1741 illam

531 1774 683 1849 tangeret.
731 1767 838 1846 ltaque
870 1765 968 1846 major
999 1784 1149 1846 apparens
1172 1767 1278 1829 Lunae
1302 1769 1448 1830 diameter
1471 1787 1560 1848 quam
1583 1764 1647 1842 302
1672 1767 1765 1829 multo
1795 1768 1890 1830 etiam

530 1856 628 1937 major
652 1856 763 1929 sutura,
788 1854 815 1915 si
838 1854 896 1916 boc
919 1855 985 1916 loco
1008 1855 1135 1937 epicycli
1150 1855 1179 1917 in
1196 1870 1229 1922 ea
1245 1865 1277 1919 et
1299 1858 1375 1919 coeli
1399 1857 1495 1919 medio
1520 1857 1723 1940 apparuisset,
1747 1856 1785 1919 ob
1804 1856 1890 1920 visum

531 1945 677 2026 majorem
700 1942 974 2024 propinquitatem:
1000 1962 1088 2025 quam
1103 1944 1142 2006 ob
1161 1964 1285 2007 causam
1308 1946 1431 2010 dimidio
1455 1946 1570 2008 minuto
1590 1946 1652 2008 lere
1668 1944 1766 2024 major
1788 1962 1889 2026 appa-

529 2053 596 2098 rere
619 2041 723 2115 potest
746 2032 776 2093 iu
801 2031 924 2107 vertice,
950 2051 1039 2112 quam
1062 2031 1092 2095 in
1116 2033 1283 2097 horizonte.

618 2121 763 2185 Ceterum
785 2121 888 2183 lunula
910 2122 999 2183 urtica
1021 2121 1095 2183 mibi
1128 2129 1211 2199 erat,
1244 2123 1347 2204 itaque
1370 2141 1429 2184 non
1458 2120 1542 2203 potui
1573 2120 1710 2202 praecise
1734 2121 1775 2183 ad
1797 2139 1891 2203 prae-

529 2211 676 2292 scriptum
699 2209 827 2272 modum
843 2209 1015 2290 procedere.
1060 2209 1128 2272 Hoc
1152 2218 1253 2274 autem
1278 2212 1350 2288 leci,
1376 2212 1507 2275 lunulam
1531 2231 1551 2272 a
1574 2218 1715 2273 contactu
1738 2210 1892 2273 interioris

530 2299 634 2372 circuli
660 2300 697 2361 de
720 2298 806 2360 radio
829 2297 964 2360 nonnihil
996 2299 1112 2373 avulsi,
1144 2307 1180 2361 ut
1211 2300 1410 2381 aequabiliter
1439 2299 1697 2362 circumferentiae
1729 2298 1891 2363 distarent

531 2389 614 2452 Tunc
638 2387 740 2467 itaque
763 2387 844 2448 iuter
865 2387 1123 2450 circumferentias
1146 2389 1266 2452 lunulae
1291 2400 1323 2452 et
1337 2389 1412 2451 radii
1435 2389 1583 2452 interesse
1606 2387 1793 2467 putabantur
1814 2407 1890 2469 par-

529 2477 642 2542 ticulae
664 2476 878 2556 propemodum
892 2473 925 2538 2.
961 2476 1056 2538 Esset
1077 2476 1180 2555 itaque
1203 2479 1428 2542 semidiamoter
1443 2478 1548 2540 Lunae
1562 2474 1605 2540 47
1615 2469 1662 2561 ¹1„
1685 2476 1716 2538 iu
1740 2477 1891 2556 scrupulis

530 2559 610 2650 1511,
620 2567 638 2627 ’.
676 2563 759 2643 Ergo
784 2564 931 2626 diameter
953 2583 1105 2645 apparens
1124 2562 1162 2629 31
1177 2560 1206 2651 Ἰ,
1215 2567 1233 2628 ¹.
1271 2567 1366 2649 quue
1390 2567 1420 2629 iu
1444 2584 1591 2647 apogaeo.
1638 2564 1684 2627 At
1705 2584 1743 2627 us
1767 2565 1891 2628 nimium

528 2653 607 2718 visui
629 2653 760 2715 tribuam
783 2652 813 2713 iu
837 2653 1023 2732 marginibus
1046 2654 1169 2717 umbrae
1193 2656 1363 2727 noscendis,
1387 2655 1559 2719 interfuerit
1582 2672 1655 2716 saue
1679 2654 1768 2717 unica
1790 2655 1891 2736 parti-

529 2743 599 2808 cula
621 2750 654 2804 et
676 2741 717 2804 sit
740 2740 887 2804 diameter
904 2743 935 2803 in
955 2761 1092 2823 apogaeo
1107 2738 1215 2827 30¹!2‘,
1242 2753 1356 2826 quauta
1378 2752 1427 2806 est
1442 2743 1523 2806 Solis
1546 2742 1707 2805 mediocris
1730 2742 1889 2818 diameter,

529 2839 565 2896 ut
586 2831 632 2894 ita
655 2830 818 2893 secundum
841 2828 999 2911 Sosigeuis
1032 2832 1201 2895 doctrinam
1224 2834 1312 2895 Luna
1340 2836 1370 2896 in
1398 2850 1534 2914 apogaeo
1558 2830 1661 2895 Solem
1684 2830 1714 2894 iu
1746 2831 1892 2914 perigaeo

528 2937 589 2984 uon
612 2927 711 2982 totum
735 2926 838 2998 tegere
861 2920 970 2999 possit.
1017 2921 1084 2984 Hoc
1107 2921 1209 3002 itaque
1238 2921 1439 2985 certissimum
1473 2921 1593 2983 axioma
1615 2921 1677 2983 sit:
1711 2920 1892 2983 diametrum

531 3007 637 3074 Lunae
658 3007 881 3072 remotissimae
904 3009 935 3072 iu
960 3008 1065 3090 eclipsi
1089 3010 1160 3073 anui
1187 3006 1279 3075 1601.
1312 3030 1371 3073 ιιι
1401 3010 1546 3073 ιιίιοιιιι
1579 3008 1756 3090 apparuisse
1780 3005 1825 3073 30
1834 3002 1891 3094 ’1,1.

528 3097 600 3162 Jam
623 3097 762 3179 supplete
786 3098 866 3178 quod
888 3098 1035 3178 reliquum
1054 3107 1113 3176 est,
1133 3107 1283 3183 omystae
1302 3118 1400 3162 rerum
1424 3099 1609 3173 coelestium,
1632 3106 1665 3161 et
1687 3098 1890 3173 occmiouem,

529 3206 618 3270 quam
642 3188 749 3249 offeret
772 3205 868 3248 annus
895 3180 990 3250 1605.
1015 3188 1103 3250 Luna
1125 3187 1156 3250 in
1179 3190 1332 3271 perigaeo‚
1357 3206 1460 3251 omues
1483 3188 1617 3267 arripite.

618 3275 813 3339 Problama
835 3274 926 3338 XIV.
972 3275 1249 3341 Inclinationes
1272 3277 1459 3341 Solarium
1482 3276 1680 3357 eclipsium
1703 3274 1891 3355 excipere.

530 3364 665 3427 Modus
687 3364 904 3433 Maestliui,
933 3371 970 3426 et
992 3366 1129 3429 cautio.
1176 3367 1223 3429 De
1247 3386 1302 3430 ove
1325 3367 1440 3448 pecude
1463 3367 1494 3428 in
1517 3364 1676 3447 proverbio
1710 3370 1773 3438 est,
1807 3364 1894 3428 nulla

529 3461 617 3534 parte
648 3472 706 3514 non
738 3453 894 3533 prodesse.
950 3453 1035 3516 Idem
1066 3456 1103 3518 de
1135 3456 1281 3536 phasibus
1313 3456 1470 3537 eclipsium
1503 3453 1651 3517 universis
1685 3470 1790 3515 verum
1823 3462 1892 3516 est:

529 3543 689 3623 praecipue
715 3544 751 3603 de
781 3541 1040 3618 inclinationibus,
1073 3564 1149 3625 quas
1177 3546 1371 3608 Ptolemaeus
1399 3544 1476 3609 libro
1501 3544 1558 3605 VI.
1592 3541 1742 3623 capitibus
1774 3541 1892 3605 ultimis

529 3652 731 3714 neocesareae,
757 3632 843 3712 quasi
860 3640 989 3694 annutus
1003 3641 1113 3695 vocat:
1139 3653 1216 3715 quae
1232 3635 1258 3696 si
1273 3635 1441 3697 certissime
1462 3633 1670 3707 observentur,
1693 3630 1893 3694 maximarum

528 3739 628 3784 rerum
651 3722 681 3783 in
705 3727 788 3782 motu
812 3721 916 3782 Lunae
939 3720 1026 3783 nobis
1050 3730 1229 3802 argumenta
1251 3724 1409 3803 praebent,
1434 3730 1466 3784 et
1484 3720 1661 3803 compendio
1686 3719 1833 3794 serviunt,
1859 3728 1893 3782 ut

529 3810 561 3871 in
584 3817 671 3892 parte
696 3810 794 3871 altera
818 3810 855 3870 de
879 3829 934 3871 usu
957 3809 1083 3873 dicetur.
1123 3810 1187 3874 Sed
1210 3820 1241 3873 et
1264 3813 1293 3876 iu
1318 3814 1374 3876 hoc
1397 3830 1507 3893 genere
1532 3810 1668 3873 existunt
1690 3809 1891 3871 admiratione

530 3906 561 3964 et
576 3899 833 3988 demonstratione
857 3898 948 3977 digua
971 3899 1188 3978 phaenomena,
1212 3920 1272 3965 nou
1293 3903 1370 3966 satis
1386 3902 1425 3964 ab
1448 3899 1693 3963 antecessoribus
1717 3896 1890 3979 explicata:

530 4007 665 4070 quaeque
689 4008 737 4051 me
764 3988 813 4049 diu
836 3995 1000 4049 torserunt.

619 4077 800 4141 Maestlinus
833 4076 924 4156 igitur
961 4085 1139 4160 praeceptor
1171 4096 1256 4142 meus
1286 4097 1380 4160 parvo
1418 4079 1585 4159 quadrante
1621 4076 1716 4139 utitur
1747 4074 1778 4137 iu
1811 4075 1891 4138 huuc

530 4166 661 4228 modum.
707 4164 826 4227 Radius
849 4165 879 4226 iu
903 4184 1024 4227 camera
1052 4166 1194 4230 deficiens
1223 4168 1511 4249 perpendiculariter
1534 4167 1564 4229 in
1586 4183 1732 4248 papyrum
1762 4163 1890 4240 incidat,

528 4253 665 4316 ministro
688 4273 833 4337 papyrum
858 4261 1061 4317 sustentante.
1093 4255 1191 4318 Latus
1209 4258 1299 4337 igitur
1314 4255 1400 4336 parvi
1424 4255 1602 4337 quadrantis
1623 4254 1785 4334 objiciat-ur
1803 4254 1890 4317 radio

723 4396 751 4446 F·
803 4392 853 4446 1¹7
1064 4345 1367 4426 perpendiculariter,
1402 4345 1446 4408 sic
1477 4353 1512 4407 ut
1546 4350 1630 4406 secet
1668 4360 1781 4405 cornua
1813 4341 1891 4405 radii

724 4411 777 4536 1¹⁸¹
856 4432 863 4447 '
1062 4453 1116 4515 per
1138 4435 1277 4510 medium,
1303 4435 1340 4496 de
1361 4453 1418 4515 quo
1438 4434 1588 4496 oculorum
1612 4430 1819 4495 aestimationi
1843 4439 1893 4494 est

1063 4524 1253 4586 credendum.
1301 4523 1352 4586 Ab
1384 4524 1437 4587 illo
1469 4525 1564 4586 latere
1589 4522 1634 4584 sic
1663 4521 1779 4583 directo
1813 4539 1891 4602 qua·

1064 4613 1154 4675 draus
1169 4613 1339 4694 dependeat
1353 4612 1427 4676 etin
1444 4610 1609 4694 quadrante
1629 4608 1892 4691 perpendiculum

903 4727 994 4786 Γἲ
1063 4710 1095 4765 et
1117 4702 1300 4765 monstrabit
1327 4701 1571 4784 perpendiculum
1594 4700 1625 4763 iu
1653 4698 1746 4762 limbo
1777 4698 1892 4778 gradm

892 4780 927 4912 (⁴
1063 4810 1116 4854 seu
1149 4792 1310 4871 angulum,
1343 4809 1400 4874 qno
1433 4788 1587 4853 verticalis
1619 4788 1748 4851 circulus
1776 4787 1812 4861 (a
1840 4786 1892 4850 filo

1004 4904 1021 4954 ο
1062 4883 1325 4959 repraesentatus)
1348 4888 1434 4943 secat
1447 4880 1588 4943 circulum
1602 4897 1658 4960 per
1671 4882 1777 4939 autre
1800 4875 1892 4938 lumi-

1062 4967 1199 5043 narium,
1238 4990 1257 5031 a
1293 4969 1389 5033 latere
1426 4968 1581 5032 bisecaute
1618 4971 1891 5048 repraesentatum.

1063 5053 1176 5119 Statim
1217 5060 1287 5121 vero
1330 5066 1362 5121 et
1402 5058 1488 5138 quasi
1524 5057 1554 5119 iu
1593 5057 1698 5119 eodem
1738 5062 1893 5118 momento

1063 5144 1210 5228 capienda
1232 5155 1281 5210 est
1303 5147 1433 5211 altitudo
1447 5145 1539 5224 Solis,
1564 5145 1630 5209 siue
1654 5163 1714 5227 qna
1735 5142 1894 5207 inclinatio
1978 5161 1983 5170 ·
