4584 6192
1023 557 1055 608 r·
1072 559 1144 609 nno
1164 559 1267 623 opes..
1780 554 1824 621 75

462 741 596 799 repom
615 731 729 797 Hagnae
746 735 905 792 Britsnoiae,
925 735 1048 785 Francise
1066 743 1092 786 st
1110 736 1246 787 Hiberniae
1269 738 1371 788 haeredi
1389 736 1427 786 rel
1446 738 1472 785 in
1497 735 1605 799 publicos
1623 750 1682 785 usus
1701 749 1824 799 exponen·

463 804 529 860 dcun.
549 803 634 853 rolin
661 803 810 855 bibliotheca
835 806 1051 856 custodiendum.“
1091 807 1153 857 Inde
1179 810 1277 858 transiit
1301 809 1333 857 ad
1352 807 1508 858 Gullielmnm
1527 806 1683 867 Bersellum,
1703 813 1825 856 oratorem

464 874 530 940 apud
554 874 697 925 foederatos
715 873 810 942 Belgas
829 877 944 942 duplum.
973 878 1014 941 qui
1042 877 1165 927 edendum
1194 880 1317 929 commisit
1343 878 1459 927 isaaco
1486 877 1642 932 Grutero.
1661 875 1825 941 liiddelbnrgi

465 939 611 1005 Ζοῑιιιᾶίιο,
630 943 737 1010 posllrsc
755 944 927 997 Rntterndsmi
953 947 1051 997 scholae
1079 951 1175 998 rectori.
1213 950 1306 999 Ptodilt
1329 949 1375 999 hnc
1394 963 1465 1011 opus,
1484 949 1644 1011 inscriptum:
1672 948 1703 998 G.
1723 947 1825 998 Gilberti

466 1015 656 1073 mirumne,
675 1016 766 1067 medici
785 1019 854 1084 regii,
874 1018 1017 1069 Demnndn
1035 1027 1117 1068 nostro
1137 1021 1262 1070 sublunari
1285 1019 1442 1083 Philosophia
1463 1032 1535 1068 nora.
1571 1018 1638 1082 Opus
1660 1018 1825 1081 posthumum

466 1089 506 1138 Ab
523 1087 638 1137 authuris
657 1088 734 1138 matre
752 1089 883 1139 collectum
901 1090 994 1155 pridem
1014 1099 1039 1139 et
1058 1091 1210 1155 dispositum,
1230 1107 1295 1142 nunc
1315 1107 1345 1141 ox
1364 1090 1457 1141 duobus
1485 1089 1546 1139 Mes.
1571 1091 1696 1139 codicibus
1723 1090 1825 1139 editum.

466 1159 501 1210 Ex
516 1160 615 1209 mnseio
633 1159 679 1208 riri
696 1159 839 1222 perillustris
859 1161 888 1211 G.
907 1161 1023 1211 anrrelli
1041 1160 1086 1212 dcc.
1125 1163 1303 1212 amstelodami
1324 1162 1389 1226 apud
1409 1160 1438 1209 L.
1458 1161 1605 1211 Elzeririum
1627 1157 1702 1209 1651.

535 1229 577 1281 De
598 1229 720 1288 „Vacuo“
740 1230 794 1281 Lib.
818 1231 838 1281 l.
868 1247 922 1297 cap.
944 1230 985 1280 22.
1015 1232 1135 1299 legimus:
1166 1234 1247 1283 Vetus
1274 1234 1369 1283 ridetur
1389 1239 1414 1282 et
1432 1232 1533 1295 explosa
1548 1234 1601 1294 jam
1621 1230 1677 1280 olim
1697 1231 1727 1280 de
1746 1245 1824 1280 vacuo

469 1302 647 1361 coenonema,
666 1315 714 1351 nec
733 1304 861 1366 quisquam
880 1310 918 1352 est
936 1302 1092 1367 philosophus
1111 1305 1219 1371 rulgaris
1238 1319 1267 1353 ex
1287 1304 1445 1353 Aristotelica
1471 1302 1608 1366 disciplina,
1628 1304 1668 1367 qui
1687 1316 1736 1351 non
1756 1310 1823 1351 certo

466 1371 569 1423 orans
587 1371 683 1421 nullum
702 1372 801 1422 admitti
819 1388 924 1424 racuum
943 1377 968 1423 in
987 1377 1102 1424 universa
1119 1390 1200 1426 rerum
1218 1382 1318 1425 natura.
1356 1374 1407 1424 Sed
1428 1374 1497 1423 nobis
1521 1374 1617 1422 ridetur
1635 1374 1715 1438 magis
1741 1373 1825 1422 absur-

468 1443 544 1500 dum.
571 1456 681 1493 nonum
699 1459 749 1492 non
778 1444 909 1495 admittere
928 1454 954 1495 et
973 1448 997 1494 in
1026 1447 1106 1496 causis
1134 1461 1215 1497 rerum
1244 1446 1400 1511 assignandis
1423 1460 1473 1493 non
1502 1457 1645 1509 agnoscere.
1682 1442 1827 1507 Separsbllo

467 1527 571 1565 menum
588 1515 723 1564 statuimus
741 1517 848 1579 spatium
872 1519 936 1566 inter
954 1518 1040 1582 globos
1064 1518 1211 1568 mundanos.
1249 1516 1315 1568 Nam
1333 1518 1354 1566 si
1372 1515 1477 1565 mundus
1500 1529 1627 1578 corporum
1651 1515 1739 1578 plenus
1757 1521 1826 1563 totus

469 1591 543 1643 utet,
560 1585 676 1637 moerent
693 1586 786 1636 lumine
805 1584 868 1636 Solis
888 1588 1012 1637 elementa
1031 1603 1074 1652 per
1098 1604 1196 1639 omnem
1214 1590 1351 1638 crassitiem
1370 1602 1454 1637 eorum
1473 1586 1505 1634 ad
1525 1599 1661 1635 concavum
1680 1585 1786 1641 Lunae:
1806 1585 1827 1633 si

469 1669 524 1708 run
542 1663 629 1707 ment
646 1656 738 1713 lucida,
757 1657 868 1707 umbram
888 1674 917 1708 ex
936 1657 1035 1708 Tellure
1053 1663 1189 1723 projectam
1208 1662 1233 1708 in
1252 1659 1377 1708 elementa
1395 1657 1532 1706 rideremus
1551 1653 1596 1705 dcc.

555 1726 626 1791 Ksp
634 1728 643 1776 l
652 1741 726 1777 erus
744 1735 831 1778 contra
843 1745 935 1779 morem
950 1737 1093 1779 consuetum
1106 1732 1198 1780 diutius
1215 1731 1398 1793 responsionem
1410 1728 1513 1781 distulit,
1532 1728 1603 1775 ninris
1616 1726 1678 1775 lorte
1691 1730 1827 1789 occupatos

469 1799 614 1850 hedndis
633 1798 822 1849 Commentariis
841 1802 891 1849 ruis
910 1801 941 1850 ds
958 1799 1050 1856 Marte,
1068 1804 1110 1866 qui
1128 1802 1270 1866 prodierunt
1289 1815 1354 1850 anno
1376 1796 1451 1847 itui.

554 1871 606 1933 Ita
638 1878 705 1942 est,
736 1880 821 1929 sennis
848 1880 1033 1944 Kopiorus
1058 1882 1081 1932 d.
1113 1881 1136 1930 1.
1166 1881 1235 1945 Seps.
1268 1877 1343 1935 1609.
1373 1872 1412 1932 mi
1435 1868 1593 1943 Barcinis,
1624 1867 1826 1929 concern-ires

471 1958 547 2022 istas
570 1960 788 2039 occupationes
803 1978 860 2039 quo
876 1962 987 2023 diutius
1007 1961 1249 2042 expectationem
1265 1968 1398 2022 nostram
1413 1957 1609 2037 suspendunt,
1634 1955 1690 2017 linc
1707 1954 1826 2017 facilius

471 2047 630 2128 improvise
654 2048 783 2109 obruunt
806 2049 983 2128 imparatos.
1031 2049 1083 2112 Sic
1106 2050 1184 2112 enirn
1209 2068 1324 2111 mecum
1348 2055 1397 2109 est
1418 2053 1641 2125 comparatum,
1675 2052 1709 2105 ut
1738 2044 1827 2123 plane

471 2143 552 2199 tunm
575 2136 731 2198 exordium
755 2136 811 2198 tibi
835 2156 980 2218 regerem.
1019 2139 1117 2219 Turpe
1142 2147 1243 2201 tamen
1264 2138 1305 2199 sit
1326 2146 1388 2198 taur
1412 2155 1510 2197 raram
1535 2133 1724 2195 occasionem
1748 2131 1826 2193 scri·

473 2224 560 2288 leudi
582 2225 837 2305 praetermittere.
884 2228 991 2307 Itaque
1015 2228 1054 2289 ad
1078 2237 1147 2290 tuas
1172 2228 1270 2289 venio.

556 2313 716 2376 Monetam
741 2313 843 2394 aliqua
865 2316 902 2376 de
916 2317 984 2378 olen
1008 2316 1192 2378 therebinthi
1215 2335 1275 2377 non
1299 2324 1332 2375 ut
1355 2313 1509 2392 chyrninus
1531 2310 1585 2371 sed
1605 2318 1639 2371 ut
1661 2315 1825 2389 spectator.

472 2402 513 2464 ln
535 2401 669 2465 fideliter
691 2401 818 2465 instruis
841 2404 921 2465 aliud
946 2406 1041 2467 fuisse
1065 2426 1084 2466 s
1107 2414 1170 2468 tun.
1219 2401 1449 2466 concedendum
1474 2409 1523 2461 est
1545 2398 1584 2460 ab
1614 2398 1691 2459 artis
1714 2397 1826 2475 ignaro.

472 2489 575 2554 llovet
599 2498 703 2552 tamen
726 2509 789 2567 me,
822 2492 900 2571 quod
934 2494 1068 2555 coctione
1095 2495 1185 2555 uiden
1209 2512 1246 2554 ex
1274 2491 1351 2553 raris
1375 2490 1437 2552 fieri
1461 2490 1569 2561 densa,
1602 2506 1639 2548 ex
1667 2485 1826 2568 pellucidis

475 2579 633 2661 opaciore:
668 2589 739 2641 tuae
770 2581 846 2641 artis
879 2582 1012 2645 rationes
1042 2601 1099 2643 non
1129 2583 1234 2662 capio,
1269 2581 1318 2659 qui
1343 2578 1447 2659 majori
1481 2595 1573 2656 opera
1601 2575 1696 2637 levius
1726 2582 1827 2636 tamen

474 2677 613 2749 praestas
637 2668 736 2731 oleum
760 2668 886 2750 ideoque
910 2672 1093 2734 strenuius.
1131 2671 1233 2733 Velim
1252 2670 1339 2737 scire,
1364 2688 1401 2728 an
1417 2666 1617 2729 faeculentum
1637 2664 1709 2726 illud
1728 2681 1827 2726 mcum

475 2757 729 2821 therebinthinum
753 2758 858 2820 eodem
882 2761 993 2839 angulo
1015 2760 1198 2839 refringatur
1221 2779 1278 2838 quo
1303 2768 1385 2818 tuum
1408 2756 1612 2836 spiritunsum.

557 2846 606 2909 De
630 2846 751 2927 angulis
781 2846 964 2910 incidentiae
994 2857 1113 2929 gratum
1138 2850 1217 2928 quod
1241 2847 1376 2927 explicas
1404 2855 1446 2908 te.
1493 2842 1556 2906 Sed
1585 2841 1654 2904 inde
1678 2840 1827 2921 estquod

475 2934 500 2998 in
522 2934 676 3018 prioribus
691 2954 748 3016 ego
771 2955 930 3018 perperam
953 2956 1129 3019 comparare
1149 2938 1230 2999 volui
1251 2944 1318 2997 tuas
1341 2932 1541 2997 refractiores
1560 2950 1626 2994 curn
1641 2929 1826 3003 Vitellinnie,

475 3031 502 3087 et
523 3043 593 3086 cnm
616 3022 749 3086 viderem
773 3025 877 3087 vitium
901 3046 955 3087 nec
978 3045 1100 3106 possem
1124 3044 1315 3106 comparare,
1348 3022 1465 3104 optari,
1498 3029 1531 3084 ut
1553 3018 1732 3082 incidentiae
1757 3027 1828 3080 tuas

476 3121 578 3177 essent
599 3131 639 3174 ex
672 3119 755 3175 aire.
801 3113 916 3176 Verum
949 3126 997 3177 est
1031 3116 1109 3177 enim
1142 3115 1220 3195 quod
1253 3132 1376 3175 mones:
1414 3111 1541 3172 Vitellio
1573 3128 1632 3170 nou
1665 3106 1829 3187 explicarit

476 3202 654 3265 incidentiae
678 3221 803 3283 aqueas,
827 3204 955 3278 vitreas,
980 3205 1175 3286 crystallinas
1200 3204 1255 3266 hc.
1286 3203 1340 3264 sed
1364 3200 1447 3263 solas
1471 3200 1591 3273 airias3
1615 3206 1740 3278 postea,
1764 3214 1830 3257 cum

476 3291 566 3355 niret
588 3310 721 3353 manere
737 3292 860 3354 casdem
883 3293 1081 3355 retractiones
1100 3302 1164 3355 tam
1179 3293 1207 3354 in
1232 3293 1369 3371 ingressu
1393 3308 1482 3370 quam
1498 3288 1527 3349 in
1551 3286 1644 3362 exitu,
1669 3284 1832 3365 adscripsit

477 3380 591 3461 quidem
623 3380 746 3442 easdem
778 3382 832 3442 sed
864 3382 1071 3464 praeposteris
1104 3380 1287 3443 incidentiis.
1335 3376 1475 3450 Quantus
1507 3376 1584 3438 enirn
1616 3384 1665 3437 est
1688 3375 1718 3437 in
1751 3393 1831 3454 aqua

476 3470 635 3542 retractus,
659 3477 778 3531 tanturn
802 3470 906 3532 debuit
927 3480 1063 3534 statuere
1087 3470 1270 3532 incidentiae
1294 3485 1430 3548 aqueum.
1468 3466 1534 3528 Hoc
1558 3464 1584 3527 ei
1613 3464 1748 3539 iecisset,
1773 3481 1831 3525 nnn

476 3556 632 3620 incidisset
654 3558 684 3619 in
719 3558 890 3632 absurdum,
923 3561 1065 3640 angulum
1097 3559 1242 3634 majorem
1275 3565 1357 3619 recto
1391 3553 1515 3618 iaciens.
1561 3553 1644 3633 Ergo
1667 3551 1832 3614 incidentia

478 3653 565 3710 eirea
579 3644 643 3711 300
665 3645 757 3708 habet
779 3647 940 3709 refractum
957 3649 985 3709 in
1002 3666 1110 3728 aquam
1130 3643 1194 3710 220
1211 3645 1274 3720 300,
1300 3645 1511 3707 refractionem
1536 3638 1575 3706 70
1598 3639 1661 3705 300.
1686 3641 1831 3702 Vicissim

478 3735 638 3799 incidentia
662 3753 760 3816 aquea
780 3731 909 3799 220300
933 3737 1024 3798 habet
1047 3738 1210 3799 refractum
1234 3736 1262 3796 irr
1288 3741 1358 3796 aire
1376 3728 1445 3807 300,
1470 3731 1681 3795 refractionem
1706 3729 1832 3791 sarrdenr

480 3821 511 3885 'l'
532 3822 599 3888 300.
640 3824 737 3887 Vides
762 3825 833 3905 quid
857 3844 905 3887 me
928 3826 1064 3899 moverit,
1090 3833 1123 3886 ut
1146 3824 1302 3887 maluerim
1322 3832 1353 3885 te
1373 3821 1463 3884 stiriis
1488 3819 1658 3882 incidentiia
1677 3818 1739 3890 uti;
1764 3835 1832 3878 narrr

481 3922 538 3976 erat
562 3912 635 3976 mihi
660 3913 691 3975 in
725 3914 804 3975 votis
838 3933 1013 3994 comparare
1047 3913 1289 3976 observationem
1318 3909 1492 3973 Vitellinnis
1523 3909 1605 3970 circa
1636 3924 1743 3986 aquam
1767 3923 1833 3966 cunr

483 4009 545 4064 luo:
571 4002 602 4065 id
627 4020 687 4064 non
711 4001 795 4082 potui
819 4003 889 4082 quia
912 4004 996 4065 vobis
1020 4012 1090 4065 sunt
1114 4003 1251 4065 diversae
1276 4000 1468 4063 incidentiae.
1514 3994 1672 4059 Vitellioni
1696 3988 1758 4056 220
1779 3989 1833 4056 300

483 4089 527 4152 det
550 4086 589 4154 7⁰
613 4088 679 4164 300,
706 4091 760 4152 tibi
784 4087 846 4155 30⁰
868 4089 900 4154 00
929 4093 983 4154 dat
1017 4087 1075 4155 11⁰
1098 4088 1163 4154 530.
1210 4092 1268 4152 Hic
1305 4089 1435 4151 nondum
1467 4105 1591 4167 possum
1622 4083 1761 4164 judicare
1794 4101 1832 4143 arr

485 4177 664 4260 discrepetis,
690 4179 748 4241 nisi
772 4199 809 4241 cx
833 4199 869 4243 en
893 4182 972 4262 qnod
996 4179 1154 4243 Vitellioni
1179 4176 1242 4243 290
1256 4177 1289 4242 00
1312 4179 1366 4239 dat
1387 4173 1501 4251 11000,
1525 4177 1637 4255 itaque.
1662 4172 1688 4233 si
1712 4191 1750 4233 ex
1773 4167 1835 4235 290

486 4265 569 4330 lsciat
591 4264 662 4343 300,
688 4287 747 4329 non
772 4269 867 4331 multo
891 4269 1015 4349 augebit
1037 4268 1250 4332 refractionem
1279 4264 1343 4331 110.
1391 4265 1458 4327 Tibi
1489 4282 1561 4344 ergo
1589 4262 1680 4344 paulo
1704 4261 1834 4342 majores

489 4363 546 4419 rmr
567 4356 766 4419 refractiores
790 4376 896 4439 aquae.
944 4356 1024 4430 Quid
1048 4357 1075 4420 si
1098 4358 1226 4420 Vitellio
1250 4353 1476 4418 destillaverit?
1505 4351 1654 4432 Cuperem
1679 4371 1698 4412 a
1721 4359 1751 4412 te
1776 4349 1833 4410 ed-

490 4441 648 4508 thessere
673 4446 765 4509 stiam
788 4446 961 4510 stillatitiae
984 4467 1080 4528 aquae
1103 4447 1252 4521 rationes,
1277 4445 1336 4508 etsi
1359 4453 1433 4524 puto
1461 4461 1515 4523 pro
1544 4460 1666 4503 numern
1690 4438 1833 4502 destilla-

493 4530 587 4596 licnnm
611 4534 777 4597 tenuiorem
801 4536 874 4598 ficri.

563 4622 702 4686 Vacuum
726 4631 809 4686 tuum
832 4623 904 4687 milri
927 4644 985 4688 non
1010 4625 1141 4701 arridet,
1173 4642 1267 4704 nsque
1291 4641 1346 4702 per
1369 4640 1402 4683 sc
1432 4637 1527 4700 neque
1558 4618 1596 4681 ad
1624 4614 1834 4679 retractiones.

494 4704 538 4772 Per
558 4730 609 4774 se:
639 4731 699 4774 nnn
723 4711 842 4775 videtur
865 4713 962 4794 liquor
983 4714 1049 4795 pati
1072 4732 1214 4786 vacuum,
1238 4719 1273 4772 ut
1295 4710 1345 4772 ille
1373 4709 1447 4781 olei,
1473 4707 1523 4788 qui
1551 4702 1835 4787 penetrantissimus

497 4806 538 4859 stt.
578 4800 718 4863 Elideret
740 4802 874 4883 spatiola
897 4822 993 4864 vacua
1017 4803 1104 4883 inque
1130 4803 1166 4863 iis
1190 4808 1364 4863 contentum
1387 4816 1440 4859 ssu
1469 4803 1571 4860 aireru
1602 4814 1656 4858 seu
1679 4793 1834 4854 aetherem

499 4899 536 4945 ltu
555 4888 696 4970 quidquid
719 4898 753 4952 tu
786 4890 862 4952 dicis
894 4909 1042 4966 vacuum3
1075 4892 1122 4952 sin
1147 4898 1248 4952 autern
1277 4888 1352 4950 nihil
1387 4887 1477 4968 piane
1510 4885 1597 4966 ponis
1622 4883 1651 4945 in
1682 4880 1835 4963 spatiolis,

500 4977 601 5040 tttende
625 4977 773 5059 quomodo
795 4979 965 5043 sustineant
989 4979 1210 5043 incumbentem
1235 4977 1388 5057 liquorem.
1433 4975 1503 5039 Non
1527 4982 1598 5037 sunt
1621 4969 1702 5033 enim
1725 4967 1833 5033 structi

428 5055 435 5068 ’
502 5055 617 5131 lorini.
652 5063 725 5131 Jem
742 5068 772 5131 si
793 5068 891 5153 liquor
913 5089 973 5133 non
996 5067 1105 5152 recipit
1127 5087 1233 5146 vacua
1258 5065 1332 5129 nihil
1347 5065 1424 5151 quod
1438 5064 1482 5129 sit
1504 5062 1687 5145 disphauum
1711 5058 1836 5143 recipit;
