4584 6192
979 621 1062 688 capua
1078 623 1131 676 XX·
1667 623 1732 692 687
1770 619 1774 628 “

373 798 451 861 illud
473 797 669 861 vehementer
689 817 796 879 urgeo,
821 800 898 880 quod
922 800 1062 864 videatur
1083 800 1167 866 Dens
1190 819 1249 864 uon
1272 802 1349 864 bene
1380 804 1565 867 cousuluisse
1587 803 1731 867 thesauro

374 887 420 950 illi
443 905 509 959 suo,
531 906 618 968 quem
643 887 739 949 latare
761 889 858 950 voluit
880 889 918 950 ad
933 909 1026 970 usque
1050 891 1139 953 aliam
1164 890 1367 966 occasionem,
1392 912 1458 955 cum
1472 893 1638 967 Fabricius,
1665 911 1731 956 cnm

374 976 515 1039 Braheas
545 976 650 1038 eodem
683 977 845 1039 etiamnum
877 979 1032 1057 potiantur
1055 980 1140 1059 quasi
1164 998 1222 1041 non
1252 980 1412 1043 exstincto.
1458 982 1537 1044 Illud
1571 981 1732 1062 diligenter

374 1064 568 1128 considerare
587 1065 695 1145 jubeo,
726 1085 845 1128 omnem
867 1067 897 1129 iu
922 1066 972 1128 via
995 1067 1095 1129 lactea
1118 1069 1256 1130 lacunam
1281 1067 1395 1131 hiatum
1423 1070 1532 1146 videri,
1566 1069 1624 1133 etsi
1648 1070 1732 1133 nulla

374 1171 507 1234 unquam
529 1153 569 1214 ibi
598 1155 690 1215 stella
714 1155 840 1217 fulserit.
878 1156 957 1217 Nam
982 1155 1038 1217 boc
1062 1175 1099 1216 ex
1118 1156 1296 1219 Aristotelis
1310 1157 1456 1219 Meteoris
1480 1158 1593 1221 habent
1615 1159 1732 1242 physici

373 1242 547 1321 cognitum,
579 1242 605 1302 si
629 1242 726 1305 locum
758 1244 916 1306 obscurum
941 1252 972 1305 et
996 1246 1061 1306 lnce
1085 1255 1238 1307 carentem
1271 1246 1378 1307 limbus
1412 1245 1528 1308 lucidas
1559 1255 1613 1308 aut
1644 1248 1732 1310 albus

373 1331 507 1412 undique
538 1329 718 1405 circumeat,
752 1332 846 1393 videri
875 1334 992 1393 foveam
1016 1333 1044 1393 in
1069 1334 1186 1408 medio,
1220 1336 1298 1415 quod
1324 1332 1435 1406 Graeci
1466 1335 1590 1396 chasma
1618 1335 1731 1398 dicant.

372 1421 484 1500 Itaque
507 1419 622 1498 ingenti
646 1439 712 1481 cum
736 1422 883 1500 applausu
907 1430 1051 1501 exceptus
1071 1432 1120 1483 est
1134 1423 1281 1497 Rusbeas,
1307 1441 1373 1483 cam
1393 1423 1470 1484 hunc
1492 1423 1605 1485 hiatum
1630 1424 1732 1504 appli-

373 1517 480 1570 casset
502 1508 542 1569 ad
557 1509 789 1570 confirmandam
814 1528 899 1570 snam
923 1511 1114 1579 sententiam,
1139 1512 1203 1591 ejus
1222 1512 1290 1573 anni
1315 1511 1434 1573 stellam
1459 1531 1496 1573 ex
1510 1511 1730 1574 materiarius

373 1598 504 1671 lacteae,
530 1605 644 1675 quauta
666 1598 812 1675 perhanc
837 1598 950 1659 hiatum
974 1609 1041 1660 erat
1058 1599 1205 1683 dispersa,
1231 1601 1324 1662 faisse
1339 1609 1494 1674 coactam;
1517 1606 1732 1682 consumtaque

374 1685 509 1768 etqaaai
533 1694 641 1746 exusta
663 1687 771 1748 stellae
795 1687 932 1757 materia,
956 1688 1092 1750 relictum
1119 1708 1185 1749 esse
1210 1691 1306 1751 locam
1331 1690 1443 1750 alacte
1469 1709 1604 1752 vacuum.
1644 1687 1730 1761 Quae

373 1774 554 1836 Brabeauae
587 1775 755 1836 sententiae
788 1775 1016 1836 verisimilitudo
1041 1777 1084 1838 sic
1108 1786 1208 1839 certat
1231 1798 1297 1840 cum
1320 1777 1517 1855 Fabriciaua,
1550 1786 1584 1839 ut
1607 1778 1633 1840 ei
1657 1797 1731 1841 con-

372 1864 534 1924 vellendae
558 1881 615 1923 uon
640 1863 708 1924 aliis
732 1865 916 1943 argumentis
940 1883 1015 1943 opus
1040 1864 1089 1929 sit.

464 1949 613 2023 Quartam
637 1951 840 2031 conjecturam
863 1953 1019 2015 Fabricius
1043 1975 1061 2015 a
1086 1955 1150 2015 loco
1175 1954 1316 2015 deducit:
1344 1953 1424 2016 inter
1446 1956 1521 2017 fixas
1550 1953 1730 2028 consistere,

371 2041 467 2121 igitur
489 2049 523 2101 ut
546 2040 633 2113 fixae,
658 2040 701 2102 sic
725 2042 781 2102 has
805 2060 920 2122 qaoque
945 2044 1051 2104 stellas
1080 2043 1174 2103 videri
1203 2060 1359 2120 perennes.
1409 2041 1472 2106 Cur
1495 2063 1552 2105 non
1576 2042 1669 2104 etiam
1693 2043 1731 2106 ad

373 2129 496 2192 luminis
526 2129 745 2209 perennitatem
779 2131 907 2190 detorsit
943 2131 1176 2210 argumentum?
1222 2131 1326 2210 ltaque
1362 2132 1407 2205 si,
1443 2133 1522 2214 quod
1552 2140 1601 2192 cst
1632 2131 1732 2193 stellis

373 2217 504 2280 maxime
534 2218 702 2297 propriam,
737 2221 875 2291 lacere,
909 2219 965 2279 hoc
990 2220 1166 2299 quibusdam
1191 2220 1228 2280 de
1253 2238 1329 2280 novo
1352 2221 1520 2300 contingit,
1544 2228 1578 2281 ut
1601 2220 1731 2296 luceant,

373 2325 454 2386 quae
478 2306 560 2386 prius
585 2324 642 2367 non
673 2308 830 2369 luxerant:
863 2307 932 2387 qaid
966 2308 1090 2383 miram,
1123 2308 1149 2369 si
1173 2308 1265 2369 ctiam
1296 2308 1375 2369 inter
1406 2310 1482 2372 lixas
1515 2310 1634 2389 aliquae
1664 2327 1732 2370 esse

373 2394 532 2475 incipiunt,
556 2414 632 2475 quae
656 2396 738 2475 prius
761 2416 820 2457 uon
845 2406 948 2469 erant,
972 2405 1092 2458 etcum
1117 2396 1226 2458 lamine
1250 2396 1317 2478 ipsa
1340 2397 1431 2459 etiam
1458 2417 1585 2479 corpora
1608 2405 1734 2477 peracta

372 2482 499 2565 periodo
524 2484 715 2563 deperdant?

465 2570 550 2635 Satis
574 2572 679 2651 opinor
702 2581 822 2653 patere,
848 2593 970 2634 causam
994 2574 1105 2634 nullam
1129 2573 1267 2634 idoneam
1291 2591 1373 2649 esse,
1403 2592 1456 2634 cnr
1479 2573 1545 2655 qais
1568 2573 1733 2647 existimet,

372 2679 471 2723 novas
494 2660 571 2723 istas
596 2663 702 2723 stellas
726 2662 808 2741 prius
832 2662 988 2724 exstitisse
1004 2681 1092 2742 qnam
1116 2661 1306 2736 viderentur;
1331 2670 1362 2723 et
1378 2671 1538 2744 postquam
1562 2661 1733 2725 exstinctae

376 2757 459 2825 suut,
484 2750 633 2812 reservari
657 2751 837 2831 superstites
861 2752 899 2812 ad
924 2770 1031 2812 novam
1056 2750 1315 2814 illuminationem.

960 3010 1144 3023 --..--

926 3209 1046 3309 Caput
1071 3209 1180 3286 XXI.

371 3389 429 3453 Aa
450 3396 538 3452 motu
566 3395 693 3470 recepta
714 3390 757 3450 eit
784 3389 863 3450 baec
890 3386 983 3450 atella
1006 3390 1042 3450 in
1058 3389 1262 3472 profundum
1291 3389 1444 3465 actem,
1476 3396 1505 3454 et
1527 3408 1572 3451 are
1587 3388 1733 3471 sicarum

758 3477 896 3560 sphoera
918 3478 954 3540 in
976 3478 1137 3560 infinitam
1157 3477 1351 3560 procurrat!

467 3632 530 3697 Sed
562 3643 611 3696 est
643 3635 704 3696 alia
735 3635 1011 3716 philosophantium
1041 3643 1142 3710 secta,
1183 3655 1283 3698 eorum
1315 3636 1365 3717 qai
1398 3635 1448 3708 (ut
1478 3633 1663 3696 Aristoteles
1696 3634 1734 3697 de

370 3723 634 3807 Pythagoreorum
658 3725 820 3800 sententia,
845 3746 864 3785 a
878 3723 1045 3804 Coperuico
1070 3723 1211 3804 repetita,
1235 3724 1384 3786 immerito
1402 3722 1520 3804 quidem
1539 3722 1734 3801 pronunciat)

370 3833 433 3877 nou
465 3813 585 3875 initiam
618 3812 858 3875 ratiocinationis
887 3833 924 3874 ex
952 3814 1091 3876 sensibus
1123 3813 1275 3874 deducunt
1306 3831 1402 3893 neque
1435 3830 1544 3874 causas
1574 3829 1672 3874 reram
1694 3811 1734 3874 ad

371 3900 581 3982 experimenta
605 3902 852 3963 accommodant:
877 3903 932 3963 sed
947 3903 995 3984 qui
1016 3922 1053 3964 ex
1068 3903 1196 3981 abrupto
1221 3909 1253 3962 et
1267 3901 1353 3983 quasi
1376 3900 1504 3982 quodam
1528 3899 1734 3962 enthusiaamo

370 3989 547 4069 concipiant
569 4002 601 4053 et
625 3990 790 4071 depingant
821 3991 902 4051 intra
924 3992 971 4052 sui
1000 3992 1114 4053 cerebri
1146 3991 1281 4071 parietes
1314 3988 1446 4070 aliquam
1469 3989 1506 4049 de
1531 3988 1634 4050 maadi
1657 4007 1733 4052 ccu-

370 4078 533 4144 stitutione
556 4078 743 4159 opinionem:
777 4099 902 4160 eamque
926 4079 977 4141 abi
999 4080 1149 4142 mordicus
1174 4080 1284 4141 luerint
1307 4078 1454 4160 amplexi,
1483 4078 1548 4157 jam
1571 4095 1661 4158 porro
1685 4097 1732 4154 ea,

372 4187 454 4250 quae
468 4167 524 4230 snb
539 4168 755 4247 experientiam
774 4168 886 4230 cadant
900 4188 1034 4249 quaeqae
1054 4167 1189 4248 quotidie
1213 4168 1355 4230 eveniant
1373 4178 1405 4229 et
1419 4173 1578 4247 apparent,
1603 4166 1735 4230 crinibus

370 4264 532 4340 pertracta
554 4259 594 4319 ad
617 4257 772 4319 axiomata
795 4277 851 4318 saa
873 4258 1113 4319 accommodant.
1160 4257 1204 4319 Iis
1226 4258 1341 4337 placet,
1373 4275 1481 4318 novum
1510 4255 1565 4317 boc
1594 4254 1679 4317 sidus
1703 4261 1736 4318 et

370 4345 402 4411 ai
424 4363 485 4428 qna
508 4345 570 4407 alia
589 4347 710 4408 fuerunt
732 4346 902 4425 hujusmodi
921 4365 959 4408 ex
973 4345 1163 4426 penitissima
1187 4355 1314 4408 naturae
1338 4345 1414 4412 sina.
1439 4362 1526 4427 quem
1541 4343 1571 4407 in
1587 4343 1734 4406 infinitam

370 4433 565 4500 altitudinem
589 4434 739 4515 exporrigi
763 4435 930 4509 affirmant,
961 4435 1106 4515 paulatim
1131 4435 1343 4507 descendisse,
1372 4434 1468 4496 donec
1491 4432 1609 4496 ratione
1632 4432 1736 4512 optica

369 4523 404 4587 iu
427 4531 517 4586 tanta
549 4524 719 4604 quantitate
750 4542 900 4604 apparens
937 4524 1039 4586 oculos
1069 4524 1222 4586 hominum
1249 4523 1278 4584 in
1310 4541 1342 4585 se
1366 4528 1577 4594 converteret,
1608 4519 1735 4601 indeque

369 4611 515 4692 vestigiis
538 4621 619 4675 retro
643 4613 731 4675 lectis
754 4632 869 4675 rursum
894 4614 1023 4674 inillam
1047 4613 1193 4675 infinitam
1217 4611 1407 4674 altitudinem
1431 4611 1621 4685 subductam,
1646 4615 1733 4672 tauto

369 4701 509 4784 quotidie
532 4702 685 4774 minorem,
709 4712 821 4784 quanto
844 4710 1025 4782 pervaserat
1047 4702 1148 4764 altius.
1186 4699 1245 4771 Qui
1259 4701 1316 4762 hoc
1337 4701 1499 4773 affirmant,
1522 4717 1594 4779 pars
1609 4707 1735 4760 naturae

369 4790 526 4854 coelorum
557 4792 768 4862 consulentes,
801 4792 869 4871 lege
892 4791 1030 4853 circulari
1054 4791 1110 4852 hoc
1143 4791 1257 4851 lactum
1290 4808 1359 4850 esse
1387 4788 1603 4868 pronunciant:
1634 4797 1668 4849 ut
1690 4786 1737 4848 ita

369 4897 468 4943 causa
487 4879 538 4953 sit,
564 4898 667 4941 carex
682 4880 829 4942 descensu
853 4899 948 4942 nexas
971 4888 1004 4942 et
1018 4878 1235 4959 quodammodo
1261 4887 1427 4960 prognatus
1451 4875 1541 4962 luerit
1563 4873 1734 4938 contrariae

368 4985 529 5032 ascensus.
566 4969 603 5031 Id
626 4969 705 5030 enim
730 4970 878 5047 quomodo
901 4969 956 5029 fiat
979 4968 1008 5030 in
1032 4968 1107 5031 rotis
1130 4977 1179 5028 est
1199 4966 1328 5029 obviam.
1367 4968 1411 5029 At
1434 4983 1492 5029 uno
1516 4963 1607 5026 verbo
1631 4963 1734 5044 repel-

368 5059 493 5122 luntur:
526 5057 685 5137 indulgent
717 5076 824 5137 nempe
848 5077 902 5120 sao
927 5056 1001 5120 vitio
1033 5054 1147 5120 clausis
1179 5054 1292 5131 oculis,
1321 5064 1357 5118 at
1378 5054 1472 5119 verba
1494 5053 1540 5116 aio
1567 5051 1736 5116 sententias

368 5163 492 5230 quoque
514 5147 554 5209 ab
577 5146 659 5208 intua
681 5145 880 5226 proferentes,
904 5165 1054 5230 nunquam
1076 5145 1157 5208 iutro
1180 5151 1320 5224 receptas
1342 5144 1398 5208 aad
1416 5142 1458 5206 ibi
1480 5148 1581 5206 natas.
1613 5140 1736 5206 Etenim
