4584 6192
1014 599 1046 650 a
1064 600 1136 649 aaa.
1158 601 1260 662 opaea
1421 540 1425 561 Ι
1774 599 1814 667 91

553 774 693 835 Alterum
719 781 925 854 argumentum
950 794 996 835 rue
1021 776 1114 838 inscio
1139 785 1320 855 usurparunt
1345 777 1433 838 iidem
1460 786 1505 839 tot
1535 778 1644 840 seculis
1669 788 1756 841 ante:
1786 802 1826 855 000

464 885 627 939 0000000000)
650 884 700 939 001
723 884 895 938 commeatur
918 858 1055 944 {muggam
1076 888 1186 945 χωραν,
1210 867 1281 927 cirus
1303 873 1334 927 da
1358 889 1392 927 ao
1417 889 1475 943 nup
1495 889 1551 944 pqr
1573 890 1622 946 γης
1644 891 1825 946 reparataque.

464 952 566 1014 Solem
592 952 687 1012 Terra
709 951 908 1030 pulchriorem
934 970 1019 1013 nemo
1048 962 1152 1033 negat.
1200 955 1283 1015 Infra
1299 962 1338 1014 et
1368 957 1622 1033 praestantiorem
1653 956 1823 1034 apparebit.

464 1040 599 1102 Medium
632 1059 686 1100 seu
716 1048 852 1101 centrum
889 1049 1016 1102 vereat
1047 1042 1319 1103 circumferentiam
1350 1052 1506 1121 praestare
1540 1044 1747 1125 interiunctis,
1780 1045 1823 1105 illi

466 1128 525 1191 alio
549 1135 583 1188 et
607 1128 790 1207 geometrico
813 1137 938 1189 utuntur
961 1139 1147 1216 argumento.
1196 1131 1372 1192 Terminans
1391 1141 1530 1211 praestat
1553 1134 1723 1206 terminato,
1748 1152 1821 1193 ceu-

467 1227 543 1279 trum
568 1225 601 1277 et
624 1217 865 1278 circumferentia
889 1217 1051 1279 terminant
1077 1218 1268 1280 intervallum
1297 1220 1412 1294 mundi,
1444 1240 1516 1299 ergo
1549 1222 1649 1300 potius
1680 1221 1739 1282 erit
1770 1220 1823 1282 801

468 1306 494 1366 10
518 1312 633 1378 000100,
660 1325 748 1385 quam
773 1305 801 1365 iu
826 1305 885 1367 alio
909 1305 974 1366 loco
998 1308 1111 1382 mundi,
1144 1327 1213 1368 nam
1237 1308 1377 1368 extimam
1406 1310 1592 1387 superficiem
1617 1309 1824 1371 01000000-

467 1394 575 1465 reuire,
603 1403 812 1455 assumserunt
834 1413 888 1473 pro
911 1396 1059 1455 confesso.
1107 1396 1173 1474 Ego
1198 1396 1303 1457 aliter:
1328 1405 1461 1458 centrum
1485 1406 1533 1458 est
1556 1398 1639 1477 origo
1663 1398 1823 1477 sphaerici.

468 1481 642 1561 principium
665 1501 739 1543 vero
763 1492 795 1542 et
818 1483 901 1560 origo
925 1493 1064 1561 praestat
1085 1483 1194 1565 ubique
1218 1492 1248 1545 et
1274 1493 1382 1546 natura
1410 1487 1491 1564 prius
1515 1496 1573 1548 est.
1620 1487 1662 1547 Et
1683 1486 1713 1547 iu
1737 1506 1823 1549 com-

469 1572 624 1651 paratione
648 1572 686 1633 ad
711 1570 743 1631 S.
768 1569 801 1632 S.
826 1570 1004 1632 Trinitatem
1028 1583 1163 1634 centrum
1187 1573 1462 1653 refertimaginem
1486 1574 1542 1635 Dei
1566 1575 1672 1654 patris.
1717 1576 1824 1654 ltaque

471 1659 552 1740 bajus
577 1660 747 1719 mundanae
771 1659 917 1737 sphaerae
942 1671 1075 1722 00010000
1099 1663 1273 1723 deuolasse
1298 1663 1520 1723 ornatissimum
1544 1681 1668 1742 corpore
1687 1663 1822 1724 ornatis-

471 1749 554 1820 simo,
579 1747 620 1808 ob
645 1749 740 1809 lucem
765 1757 795 1807 et
819 1748 957 1821 animam,
982 1759 1014 1810 ut
1036 1750 1116 1810 infra
1139 1751 1265 1811 dicetur.

554 1837 690 1897 Tertium
715 1855 811 1896 meum
837 1846 1040 1914 argumentum
1065 1840 1161 1900 estid
1182 1840 1258 1918 quod
1284 1839 1483 1900 Prodromo
1507 1857 1560 1899 seu
1578 1838 1726 1919 Mysterio
1749 1857 1820 1919 per-

474 1925 606 1997 tractari,
633 1933 761 1986 sumtum
786 1946 805 1984 a
828 1925 847 1986 5
872 1926 1046 2004 corporibus
1070 1928 1268 2006 regularibus,
1292 1928 1412 2006 dignum
1436 1946 1509 1988 voce
1533 1922 1660 2005 01000001

555 2011 706 2083 Quartum
731 2034 749 2074 a
774 2025 864 2086 motu,
890 2013 918 2073 iu
945 2016 1067 2076 Marte
1090 2016 1230 2095 probavi,
1256 2015 1358 2077 Solem
1382 2008 1450 2075 esse
1484 2018 1598 2076 fontem
1623 2023 1731 2076 motus.
1778 2015 1824 2077 At

476 2100 616 2170 convenit,
642 2104 755 2163 iontem
780 2121 846 2162 esse
872 2102 899 2178 in
925 2103 1031 2177 medio,
1057 2111 1090 2165 01
1112 2105 1261 2166 emanatio
1286 2104 1327 2165 sit
1349 2104 1495 2183 aequalis.
1542 2104 1697 2182 Amplius,
1723 2111 1823 2165 ructus

477 2190 644 2269 principium
669 2191 759 2251 debet
783 2191 946 2269 quiescere.
994 2192 1052 2252 Est
1075 2212 1145 2255 vero
1170 2194 1297 2253 medium
1322 2193 1404 2254 locus
1428 2191 1545 2272 quietis.

555 2279 699 2348 Quintum
724 2288 772 2339 est
795 2288 900 2340 contra
925 2280 1105 2359 Tyclronem.
1154 2282 1344 2344 Assumimus
1375 2290 1498 2359 uterque
1530 2279 1657 2361 quinque
1681 2279 1823 2357 planetas

479 2369 547 2429 circa
571 2368 672 2431 Solem
698 2368 826 2440 moueri,
851 2368 901 2428 ille
934 2368 1053 2448 insuper
1076 2381 1107 2430 et
1131 2370 1233 2434 Solem
1257 2379 1289 2431 et
1312 2378 1409 2430 toturn
1438 2377 1574 2451 systema
1597 2369 1678 2429 circa
1701 2367 1826 2429 Terram

480 2466 576 2518 000001.
624 2455 808 2535 Coperuicus
840 2476 892 2516 sex
924 2476 1049 2536 corpora
1077 2459 1158 2520 circa
1186 2457 1289 2520 Solem
1322 2458 1460 2532 ordinat,
1494 2458 1609 2518 Lunam
1637 2474 1710 2518 reru
1744 2456 1826 2518 circa

481 2545 602 2607 Terram.
651 2546 696 2606 At
727 2543 911 2623 probabilius
943 2554 1009 2617 est,
1042 2567 1130 2608 unam
1163 2549 1278 2609 Lunam
1312 2547 1422 2626 duplici
1457 2558 1539 2607 motu
1572 2545 1702 2618 moveri,
1738 2564 1827 2626 quam

483 2633 595 2716 quinque
626 2635 784 2713 planetas,
820 2653 884 2694 cum
918 2652 1026 2712 perse
1060 2644 1122 2696 tum
1157 2637 1226 2716 quia
1251 2637 1337 2697 Luna
1372 2643 1404 2695 et
1425 2635 1454 2696 in
1488 2634 1704 2715 phaenomeuis
1733 2634 1827 2695 babet
1924 2630 1932 2640 ’

484 2731 677 2801 argumentum
702 2722 788 2802 hujus
812 2722 864 2794 rei,
892 2722 983 2782 ceteri
1009 2723 1130 2785 nullum.
1901 2717 1918 2748 ⁶

558 2810 683 2873 Sextum
708 2820 754 2872 est
778 2810 927 2889 peculiare
952 2811 980 2870 in
1006 2813 1104 2873 lllarte
1134 2832 1215 2883 meo,
1247 2821 1277 2872 et
1306 2821 1412 2873 contra
1443 2811 1568 2872 eundem
1592 2810 1764 2890 Tyclrouenr
1789 2830 1825 2870 ex

486 2898 575 2961 iisdem
598 2900 752 2961 assumtis.
801 2898 924 2959 Summa
948 2900 1022 2961 haec
1047 2912 1110 2962 est:
1146 2901 1172 2962 si
1197 2901 1249 2962 801
1274 2909 1409 2961 irroretur
1432 2899 1513 2961 circa
1537 2900 1677 2972 Terram,
1703 2917 1826 2958 necesse

486 2996 523 3048 at
544 2990 625 3050 illum
650 2999 682 3048 ut
706 2996 823 3048 ceteros
854 2988 994 3067 planetas
1019 2990 1046 3050 iu
1079 2999 1161 3051 motu
1186 3009 1239 3050 suo
1271 2990 1384 3050 intendi
1409 2998 1441 3048 et
1471 2987 1600 3059 remitti,
1635 2987 1721 3065 idque
1750 2985 1827 3048 citra

487 3076 584 3138 orbium
607 3076 815 3146 ministerium,
841 3076 890 3154 qui
915 3078 987 3137 00111
1012 3088 1091 3140 sunt.
1139 3081 1184 3140 At
1208 3078 1264 3139 lroc
1288 3077 1473 3139 incredibile.
1520 3075 1673 3158 Amplius,
1704 3093 1827 3135 necesse

488 3174 523 3225 est
544 3164 643 3227 Solem
667 3165 883 3226 nobilissimum
908 3185 926 3224 a
950 3165 1044 3225 Terra
1068 3168 1192 3246 ignobili
1216 3166 1343 3239 mereri,
1368 3166 1447 3227 sicut
1476 3165 1604 3245 quinque
1629 3162 1735 3243 reliqui
1759 3183 1826 3224 mo-

488 3261 577 3315 rentur
599 3247 622 3314 a'
641 3252 713 3315 8010
723 3273 731 3326 ;
766 3254 821 3314 hoc
855 3253 1109 3316 absurdissimum.
1156 3255 1239 3334 Ergo
1270 3255 1369 3334 potius
1400 3255 1494 3315 Terra
1524 3273 1583 3315 uua
1612 3271 1676 3313 cum
1707 3252 1828 3333 reliquis

489 3342 598 3422 quinque
622 3341 789 3403 movebitur
813 3362 831 3401 a
855 3340 926 3401 Sole
951 3352 982 3402 et
1006 3345 1071 3403 sola
1097 3345 1184 3404 Luna
1208 3364 1226 3402 a
1250 3344 1354 3406 Terra.
1402 3340 1505 3403 Series
1536 3342 1826 3403 demonstrationum

490 3427 763 3511 1000001100011000
788 3439 836 3490 est
859 3429 953 3490 haec:

560 3520 657 3580 Primo
682 3521 913 3591 demonstratur,
940 3517 1197 3579 eccentricitatem
1212 3518 1293 3580 Solis
1317 3518 1504 3580 verissimam
1529 3513 1709 3588 00001800,
1736 3517 1825 3577 dimi-

490 3604 552 3667 dium
574 3609 682 3669 saltem
707 3608 782 3684 ejus,
816 3609 893 3686 quod
918 3625 1067 3685 apparens
1091 3615 1190 3668 motus
1223 3608 1353 3668 tarditas
1377 3614 1408 3667 et
1438 3607 1586 3667 velocitas
1621 3604 1771 3678 ostendit,
1797 3616 1828 3664 01

492 3710 564 3772 quam
586 3697 689 3778 Tycho
715 3693 802 3758 3600
827 3697 992 3756 iurenerat.

561 3784 697 3847 Secundo
722 3786 953 3857 demonstratur,
979 3793 1090 3845 motum
1114 3804 1216 3847 rerum
1233 3786 1261 3845 iu
1286 3783 1463 3855 eccentrico,
1489 3792 1701 3861 contraquam
1720 3780 1826 3840 crede-

493 3865 564 3934 batur
585 3874 742 3942 hactenus,
767 3873 879 3934 intendi
905 3883 936 3933 et
960 3873 1071 3933 remitti
1096 3874 1132 3935 ad
1158 3874 1378 3954 proportionem
1402 3870 1539 3932 variatae
1563 3868 1727 3930 distantiae
1746 3865 1827 3929 Solis

493 3960 616 4023 aTerra.

560 4051 660 4112 Tertio
686 4051 910 4111 demonstratur
934 4052 1069 4130 exemplo
1091 4059 1236 4126 staterae,
1262 4068 1383 4111 causam
1404 4047 1514 4110 variati
1533 4057 1630 4107 motus
1655 4045 1827 4107 necessario

493 4137 599 4200 residere
631 4140 661 4200 in
694 4157 817 4216 corpore
850 4140 927 4199 uude
960 4148 1149 4219 cornputatur
1181 4138 1347 4201 distantia:
1380 4146 1414 4198 ut
1445 4136 1470 4197 si
1506 4134 1559 4196 801
1595 4144 1661 4205 001,
1697 4133 1748 4214 001
1779 4134 1827 4195 1010

495 4235 625 4299 moretur,
658 4247 754 4289 causa
785 4227 858 4305 ejus'
881 4226 990 4287 rariati
1019 4237 1118 4289 motus
1143 4228 1288 4289 residebit
1319 4228 1348 4287 iu
1377 4227 1487 4286 Terra:
1513 4224 1538 4285 si
1563 4225 1657 4285 Terra
1681 4233 1826 4295 movetur,

496 4328 566 4375 rausa
586 4317 675 4396 hujus
712 4314 886 4376 variationis
917 4324 1016 4376 motus
1050 4316 1195 4378 residebit
1219 4319 1246 4378 in
1272 4315 1354 4377 8010.
1401 4314 1515 4374 Eodem
1549 4321 1725 4389 argumento
1756 4329 1829 4373 vero

495 4409 616 4465 ttcausa
640 4424 693 4465 cur
726 4404 853 4483 quinque
887 4405 1075 4486 planetarum
1105 4413 1202 4466 motus
1236 4405 1388 4465 varientur
1420 4401 1534 4463 residet
1563 4401 1592 4461 iu
1618 4399 1706 4474 Sole,
1740 4408 1775 4462 ut
1798 4408 1830 4460 et

496 4505 565 4551 rausa
591 4491 757 4573 inaequalis
781 4502 881 4554 motus
905 4494 1033 4553 Lunaris
1059 4493 1087 4554 in
1111 4495 1214 4554 Terra.
1257 4494 1299 4554 Et
1322 4493 1365 4553 sic
1390 4492 1445 4552 1000Ι
1470 4497 1588 4550 sentum
1619 4496 1827 4567 argumentum

497 4580 592 4643 taudem
616 4581 838 4661 appropinquat
861 4591 968 4661 000010
984 4592 1014 4641 01
1039 4582 1151 4661 quinto.
1191 4585 1265 4644 Cum
1292 4581 1369 4641 enim
1385 4580 1438 4641 801
1463 4580 1687 4639 demonstratur
1709 4595 1828 4637 movere

497 4663 609 4736 planetas
634 4670 762 4749 00010000
788 4678 878 4743 00010,
904 4671 998 4730 ’10000
1022 4690 1093 4731 vero
1117 4671 1248 4743 Lunam,
1273 4673 1309 4731 de
1334 4689 1390 4730 uuo
1415 4687 1486 4729 rero
1510 4674 1590 4726 motu
1622 4663 1829 4727 controversia

498 4759 588 4821 111000
611 4759 638 4820 is
661 4758 774 4818 Terrae
798 4766 831 4818 ut
854 4777 964 4819 causae
989 4758 1031 4819 sit
1055 4759 1238 4830 tribuendus,
1265 4780 1302 4819 au
1328 4777 1397 4819 rero
1422 4755 1488 4817 Soli
1512 4756 1565 4822 sic,
1590 4764 1623 4815 ut
1647 4763 1700 4815 aut
1724 4754 1827 4827 Terra,

498 4854 552 4912 tuae
573 4846 689 4908 Lunam
713 4855 815 4907 movet
838 4846 1019 4918 immediate,
1046 4857 1167 4907 moreat
1191 4856 1222 4907 et
1246 4846 1347 4907 Solem
1377 4844 1565 4916 immediate,
1595 4854 1626 4903 et
1648 4861 1703 4921 per
1726 4840 1828 4919 Solem

498 4926 564 4993 etiam
586 4936 716 5014 reliquos
748 4935 876 5015 00010000
908 4935 1056 4995 00001101οε
1091 4945 1145 4996 001
1173 4934 1298 5006 01801,
1332 4934 1381 5013 0001
1412 4934 1540 5012 reliquos
1571 4932 1698 5010 quirrqrre
1729 4939 1830 4990 movet

498 5010 654 5097 inmediatc,
696 5032 815 5083 moreat
845 5032 876 5083 et
904 5024 1027 5083 Terram
1062 5023 1248 5096 immediate,
1288 5033 1318 5083 ct
1345 5042 1400 5101 per
1423 5023 1546 5082 Terram
1579 5029 1701 5080 moreat
1736 5019 1828 5079 etiam

465 5149 468 5154 ·
498 5098 588 5175 Lunam
610 5112 759 5175 mediate:
788 5112 906 5173 omnino
929 5130 983 5192 pro
1007 5111 1078 5174 Sole
1103 5112 1315 5181 concludatur,
1340 5123 1372 5171 ut
1401 5109 1449 5190 qui
1474 5111 1540 5169 fons
1565 5117 1614 5169 est
1637 5107 1711 5170 lucis
1735 5107 1776 5172 sit
1798 5115 1830 5174 et
