4584 6192
906 1335 951 1400 IN
974 1333 1129 1398 LIBROS
1158 1333 1337 1399 OPTICOS

699 1477 861 1550 scannia
887 1476 1048 1571 Keplcri
1076 1477 1110 1551 S.
1140 1476 1176 1550 0.
1202 1478 1253 1552 rt
1278 1479 1546 1554 Mathematici

1018 1633 1223 1686 EPIGRAMMA

617 1758 724 1810 Jcanair
744 1758 837 1810 Sousoii
856 1757 895 1810 Sr.
914 1760 948 1810 D.
968 1758 1100 1809 Christiani
1118 1758 1152 1809 ΙΙ.
1187 1759 1308 1811 Electoris
1327 1759 1453 1811 Suouiac
1476 1758 1618 1813 Sscnttrii.

655 1900 714 1973 Qui
738 1901 838 1963 muudi
862 1901 1043 1981 ignivomum
1067 1902 1162 1983 gestit
1184 1902 1368 1984 specularier
1390 1901 1489 1965 oclum

710 1988 807 2062 Quive
832 1990 905 2070 ipsis
930 1991 1025 2054 oculis
1049 2010 1172 2053 cernere
1196 1992 1262 2053 volt
1284 1991 1407 2053 oculos:

656 2081 712 2144 llle
736 2079 796 2141 tuis
821 2079 914 2140 oculis
938 2080 1038 2155 animi,
1063 2080 1245 2161 Keplerc‚
1270 2098 1432 2142 coruscans

708 2168 742 2230 In
765 2169 921 2249 penetrale
946 2168 1014 2230 libri
1038 2190 1070 2231 se
1095 2169 1196 2249 clepat
1218 2188 1312 2249 usque
1335 2168 1399 2231 tui:

654 2259 718 2320 Nec
741 2265 859 2319 metuat
877 2256 996 2336 jubaris
1018 2258 1120 2319 radios
1144 2266 1321 2338 atomosque
1345 2257 1494 2332 volantes,

707 2345 750 2407 Et
772 2365 848 2426 quae
872 2347 931 2407 fert
954 2347 1056 2409 varius
1079 2347 1242 2426 phasmata
1264 2345 1340 2407 mira
1362 2345 1461 2407 color:

654 2434 750 2497 Linea
773 2454 826 2496 seu
849 2435 976 2515 simplex
999 2455 1053 2497 seu
1076 2435 1118 2497 sit
1140 2443 1297 2514 composta
1320 2433 1496 2514 specillum:

706 2525 843 2604 Namque
867 2524 962 2586 oculis
985 2543 1133 2604 nunquam
1157 2524 1225 2586 visa
1247 2522 1378 2585 videnda
1401 2521 1497 2586 dabis.

865 2697 1124 2763 EPIGRAMMA
1153 2698 1369 2765 AUCTORIS

753 2824 800 2885 De
824 2824 886 2886 suis
910 2825 1004 2887 oculis
1029 2844 1141 2907 suoque
1165 2826 1202 2887 de
1226 2824 1320 2886 oculis
1343 2830 1490 2886 tractatu.

601 2964 717 3029 Oculi.
755 2965 954 3040 Perdidimus,
978 2985 1062 3027 meus
1086 2965 1188 3041 chara,
1214 2965 1327 3039 aciem;
1351 2966 1421 3027 dum
1443 2964 1558 3026 lumina
1580 2966 1643 3028 veri

762 3071 771 3078 ·
810 3054 960 3116 Mittimus
984 3055 1023 3116 ad
1048 3055 1137 3117 limen
1160 3075 1214 3135 per
1237 3054 1319 3115 vitra
1341 3061 1563 3115 nostratuum.

760 3143 825 3204 Hoc
849 3144 913 3205 siue
939 3144 1083 3206 couuubic
1107 3144 1272 3206 mansisses
1296 3162 1409 3206 caeca:
1434 3143 1571 3205 laborum

810 3232 859 3294 Da
882 3232 972 3294 sociis
996 3232 1122 3313 aliquas,
1149 3234 1188 3295 da
1211 3252 1296 3295 soror
1319 3233 1409 3306 alma,
1433 3230 1527 3293 vices.

600 3321 710 3383 Mens.
758 3319 838 3393 Quid
863 3322 971 3383 faciam
995 3322 1129 3384 miseris:
1155 3323 1273 3402 quaudo
1297 3320 1495 3400 implacabilis
1519 3321 1594 3384 bora

810 3411 861 3471 Me
885 3411 988 3490 procul
1012 3432 1031 3471 a
1054 3421 1155 3472 vestro
1180 3410 1288 3472 dividit
1310 3409 1465 3490 hospitio?

601 3496 711 3561 Oculi.
757 3499 850 3579 Eripe
874 3519 928 3560 uos
952 3500 1085 3562 tenebris
1111 3519 1258 3580 quamque
1281 3498 1340 3561 ibis
1364 3499 1464 3561 ducito
1489 3498 1605 3560 lucem:

811 3585 936 3668 Quoque
961 3608 1055 3658 cares,
1080 3588 1154 3651 lethi
1178 3608 1233 3651 nos
1256 3606 1371 3668 quoque
1395 3589 1480 3649 solve
1502 3594 1596 3649 metu.

599 3674 711 3737 Meus.
759 3673 828 3746 Qua
851 3677 923 3739 licet
946 3677 1122 3757 expediam-3
1147 3678 1251 3739 faveat
1274 3677 1362 3738 modo
1387 3677 1468 3738 lama
1490 3676 1642 3757 loquenti;

810 3766 957 3829 Mortales
981 3766 1095 3828 chartis
1119 3766 1304 3847 perpetuabo
1329 3764 1413 3827 meis.

756 3854 813 3915 Hic
837 3855 928 3917 etiam
952 3856 1089 3931 referam,
1115 3875 1192 3937 quae
1215 3874 1269 3934 pro
1292 3873 1339 3916 rue
1363 3854 1474 3915 damna
1496 3850 1630 3913 tulistis:

807 3944 922 4023 Hicque
945 3964 1031 4007 suum
1055 3953 1086 4008 ot
1109 3944 1214 4007 naevis
1237 3942 1387 4006 irradiabo
1407 3940 1507 4023 jubar.

874 4120 1007 4184 ALIUD
1030 4119 1180 4184 EODEM
1203 4117 1350 4184 SENSU.

962 4244 1108 4325 Loquitur
1138 4244 1261 4308 Oculus.

701 4386 806 4449 Vitam
829 4405 883 4466 pro
907 4386 989 4448 lama
1011 4387 1120 4463 minuo,
1145 4405 1200 4466 pro
1223 4384 1341 4448 nomine
1364 4401 1502 4447 sensum:

754 4475 845 4538 Disce
868 4476 968 4537 anima
992 4475 1104 4552 utilius,
1129 4495 1166 4537 ne
1191 4475 1329 4551 moriare,
1353 4473 1438 4535 mori.

1016 4767 1207 4780 *ι
