4584 6192
436 658 480 725 58
856 660 955 710 literae
973 659 1075 723 Kepleri
1093 656 1243 726 aliorumque
1260 664 1362 709 mutuae

435 838 542 892 accidat,
563 837 687 885 flammam
706 850 748 899 per
767 842 845 884 totam
864 837 938 884 ritum
957 836 981 883 in
1001 836 1055 883 sinu
1073 834 1190 901 gerenti?
1227 833 1279 884 Nec
1305 836 1405 899 sanguis
1434 840 1565 897 aptasset
1591 841 1620 883 ut
1643 836 1796 886 alimentum

434 910 550 957 flammae
573 907 726 969 suppeditet,
750 912 849 969 propter
871 908 1027 969 aquositstis,
1057 920 1132 969 quam
1154 907 1225 954 inse
1251 907 1373 960 continet,
1402 906 1507 968 copiam.
1545 904 1649 970 Insuper
1672 907 1749 971 quale
1770 909 1796 957 in

434 978 508 1029 corde
528 978 598 1026 dabis
617 976 763 1039 ellychnium
782 977 963 1032 combustibile,
984 977 1022 1025 cui
1041 978 1142 1025 flamma
1161 976 1342 1041 agglutinetur,
1362 983 1390 1025 ut
1408 976 1459 1025 fixa
1483 983 1626 1036 remaneat,
1645 992 1697 1026 non
1716 992 1795 1046 vage·

433 1057 474 1098 tur
493 1055 537 1098 aut
555 1042 671 1096 exhalet?
690 1063 747 1095 nurn
767 1049 845 1109 ipsam
865 1048 942 1095 cordis
962 1046 1148 1096 substantiam?
1185 1046 1241 1095 Non
1265 1048 1361 1109 opinor;
1388 1054 1415 1095 at
1432 1054 1531 1109 praeter
1551 1046 1618 1096 hano
1638 1047 1707 1097 cordi
1733 1048 1797 1099 nihii

433 1122 500 1168 inest
517 1119 595 1166 solidi.
634 1118 698 1175 Dixi,
722 1118 779 1181 quid
798 1118 912 1174 sentiam,
939 1118 982 1167 sod
1001 1118 1105 1166 fortasse
1126 1118 1207 1166 minus
1228 1125 1293 1180 apte,
1318 1119 1338 1165 ai
1364 1123 1473 1166 mentem
1492 1123 1562 1166 tuam
1593 1133 1642 1167 non
1663 1127 1797 1170 assumtus

434 1206 497 1238 sum.
535 1188 651 1237 Dubitari
676 1190 787 1251 primum,
815 1195 897 1237 utrum
923 1188 953 1237 de
976 1189 1098 1237 materiali
1124 1202 1157 1238 an
1185 1188 1341 1237 immateriali
1366 1189 1424 1252 igne
1448 1187 1568 1251 loquaris;
1601 1189 1667 1238 risus
1687 1205 1715 1239 es
1734 1190 1797 1241 mihi

435 1270 521 1309 tamen
540 1260 571 1308 de
588 1260 630 1308 illo
647 1259 722 1308 verba
739 1261 830 1316 lacere,
854 1260 912 1322 quia
936 1260 1051 1308 flammae
1071 1273 1162 1308 nomen
1181 1259 1310 1308 materiam
1335 1259 1459 1322 supponit,
1484 1266 1510 1307 et
1533 1260 1708 1310 immaterialis
1727 1262 1796 1327 ignis

433 1346 480 1381 nec
499 1330 596 1379 follibus
615 1344 661 1379 nec
680 1330 733 1379 oleo
751 1331 854 1394 indiget,
873 1345 973 1393 quorum
993 1345 1008 1379 a
1027 1330 1062 1379 Te
1081 1330 1108 1378 iit
1130 1331 1230 1377 mentio.

525 1402 720 1480 Keplerus:
758 1401 910 1461 flammae
936 1401 1066 1463 usitatae
1092 1408 1122 1460 rt
1145 1400 1237 1461 calori
1262 1400 1360 1460 cordis
1385 1400 1471 1461 rideo
1495 1399 1590 1463 multa
1613 1419 1682 1463 esse
1707 1422 1797 1465 com-

434 1490 546 1562 rnunia,
588 1497 761 1568 perpetuam
792 1496 1043 1550 recrementorum
1071 1489 1249 1566 ejectionem
1280 1488 1482 1569 materiaeque
1516 1496 1547 1550 et
1572 1489 1653 1551 aeris
1677 1510 1798 1572 sugge-

438 1578 582 1651 stionem,
608 1596 730 1657 quorum
755 1578 902 1639 alterutro
927 1578 1037 1639 omisso
1053 1585 1137 1638 certa
1161 1595 1240 1637 mors
1265 1578 1361 1651 adest,
1387 1578 1551 1639 communis
1565 1578 1685 1658 utrique
1697 1580 1797 1656 calor,

434 1685 586 1728 comruuue
611 1666 726 1745 utrique
751 1659 926 1727 alimentum
950 1666 1108 1745 pinguedo.
1157 1663 1351 1726 Communem
1374 1683 1446 1743 ergo
1470 1665 1587 1747 utrique
1612 1667 1709 1729 luceru
1736 1690 1797 1730 au·

435 1763 561 1836 guratus
586 1773 661 1814 sum.
708 1754 753 1815 Tu
778 1763 885 1815 eontra
908 1763 1011 1833 putas,
1035 1755 1120 1833 ignes
1146 1774 1213 1815 esse
1237 1754 1324 1815 valde
1349 1752 1519 1816 dissimiles.
1567 1754 1719 1826 Flamma,
1745 1757 1797 1819 in-

435 1843 516 1926 quis,
551 1851 599 1903 est
623 1843 721 1904 fumus
746 1862 901 1905 aecensus.
949 1844 1046 1922 h'ego.
1092 1842 1151 1903 Est
1174 1842 1252 1904 euim
1276 1843 1397 1904 flamma
1424 1842 1577 1904 exhalatio
1600 1844 1799 1926 pinguedinis

436 1950 599 2005 acceusae,
625 1931 710 2010 eujus
734 1940 953 1993 recrementum
974 1941 1022 1992 est
1045 1931 1150 1993 sumus.
1189 1932 1223 1991 ln
1248 1931 1337 1991 corde
1352 1950 1483 2010 quoquc,
1509 1931 1546 1992 ob
1562 1951 1702 2012 magnum
1720 1935 1799 1998 illud

436 2021 517 2082 vitae
542 2020 724 2095 incendium,
760 2020 883 2081 exhalat
905 2018 1054 2099 pinguedo
1079 2019 1234 2098 sanguinis
1264 2020 1292 2080 in
1317 2020 1372 2080 illa
1394 2038 1525 2080 caverna
1549 2020 1646 2100 ibique
1670 2022 1798 2086 inflam-
1837 2021 1839 2030 '

435 2117 548 2181 matur,
574 2109 652 2188 qued
675 2115 807 2171 testatur
828 2108 988 2188 inspiratio
1014 2107 1197 2169 inevitabilis
1221 2116 1253 2168 et
1271 2108 1403 2169 excretio
1427 2108 1571 2169 furnorum
1596 2110 1625 2170 in
1650 2111 1798 2186 arterias,

436 2198 472 2260 de
497 2217 557 2278 qua
579 2197 736 2259 Fernelius
761 2197 790 2258 in
817 2196 1018 2275 descriptione
1053 2196 1167 2272 cordis,
1202 2215 1256 2258 nec
1289 2196 1367 2257 eninr
1396 2196 1462 2257 huic
1486 2197 1548 2275 igni
1572 2208 1684 2277 aequat
1708 2200 1798 2264 illum

434 2305 489 2367 per
512 2294 630 2348 ceteros
654 2296 749 2347 artus.
796 2286 961 2347 Praeterea
980 2284 1040 2359 ais,
1074 2285 1174 2364 ignem
1198 2304 1265 2347 esse
1294 2285 1323 2345 in
1347 2304 1461 2346 summo
1486 2287 1582 2363 gradu
1605 2286 1739 2350 calidum
1765 2300 1800 2353 et

436 2376 557 2438 siccum.
606 2374 705 2449 Sane,
739 2375 766 2435 si
796 2375 900 2435 nudus.
948 2374 994 2434 At
1026 2373 1075 2452 qui
1109 2381 1158 2434 est
1181 2393 1200 2433 a
1223 2374 1343 2435 fornace
1376 2374 1541 2449 calefacta,
1575 2374 1602 2436 is
1626 2394 1642 2435 e
1667 2394 1798 2457 corpore

435 2464 576 2526 sudorem
608 2462 731 2525 excitat.
779 2463 830 2522 Ad
863 2462 989 2524 eundum
1023 2461 1141 2524 modurn
1174 2462 1223 2542 qui
1254 2462 1283 2523 in
1307 2461 1396 2523 corde
1427 2471 1475 2523 est
1497 2463 1631 2525 inclusus
1656 2468 1800 2530 membra

436 2562 539 2615 cetera
564 2572 622 2612 non
642 2550 747 2612 laedit.
794 2551 906 2612 Metuis
931 2551 1013 2612 cordi
1036 2552 1187 2612 flammata
1212 2550 1240 2611 in
1258 2551 1322 2612 sinu
1347 2552 1478 2630 gerenti,
1505 2552 1573 2631 quid
1598 2552 1642 2614 illi
1667 2555 1797 2619 accide-

437 2642 505 2703 ret?
544 2638 623 2710 Quid
649 2640 744 2714 enirn,
775 2639 832 2700 uisi
862 2640 939 2719 quod
963 2639 1095 2718 puellae,
1128 2657 1204 2717 quae
1232 2640 1335 2718 palma
1367 2659 1472 2701 marrus
1501 2641 1599 2702 cinere
1632 2652 1799 2707 constrata

434 2730 524 2791 vivos
548 2728 689 2808 imposuit
713 2728 867 2789 carbones.
914 2728 993 2791 Nam
1018 2727 1116 2788 cordis
1149 2730 1273 2805 capsula
1297 2728 1377 2789 intus
1401 2729 1515 2790 munita
1538 2738 1587 2790 est
1600 2739 1710 2793 contra
1734 2735 1797 2797 vim

433 2819 520 2898 hujus
545 2816 632 2897 iguis.
680 2816 722 2878 Et
745 2825 848 2879 tamen
874 2816 921 2877 hic
945 2815 974 2876 in
999 2816 1177 2896 quibusdam
1201 2817 1312 2877 morbis
1328 2817 1529 2878 exardescens
1553 2818 1718 2882 violentius
1745 2822 1796 2885 in·

432 2908 554 2972 teritum
579 2908 677 2968 affert.
725 2907 892 2967 Praeterea
916 2904 1029 2984 ignium
1054 2904 1146 2966 etiarn
1164 2906 1342 2968 nostratium
1361 2923 1472 2985 magna
1494 2914 1544 2967 est
1567 2907 1713 2985 varietas,
1740 2931 1798 2974 neo

433 2996 523 3058 valde
556 2996 615 3056 urit
640 2996 760 3056 flamma
792 3014 829 3055 ex
862 2994 930 3055 vino
965 2994 1086 3068 adusto,
1122 3013 1140 3053 a
1166 2994 1254 3073 lignis
1287 2994 1441 3057 viridibus.
1489 2994 1673 3076 Sanguinem
1698 3019 1799 3081 negas

434 3085 693 3147 inflammabilem:
718 3104 772 3145 nec
796 3102 869 3145 sane
894 3082 999 3144 sebum
1022 3082 1067 3145 sic
1091 3082 1437 3158 habeusinflammator,
1463 3085 1516 3145 sed
1540 3085 1622 3163 prius
1647 3095 1797 3151 attenua-

432 3182 481 3236 tur
505 3195 523 3234 a
547 3174 667 3234 flamina
690 3173 719 3233 in
750 3172 913 3254 ellychnio,
948 3179 981 3232 ut
1011 3172 1065 3231 fiat
1088 3171 1257 3246 exhalatio,
1284 3191 1359 3251 quae
1381 3191 1438 3251 quo
1463 3174 1594 3248 tenuior,
1629 3174 1686 3236 hoo
1714 3177 1798 3259 ignis

433 3262 625 3335 luculentior,
661 3281 718 3341 quo
743 3259 887 3335 crassior,
921 3266 955 3321 ut
979 3259 1019 3320 ad
1044 3261 1182 3321 flammae
1206 3260 1340 3334 radices,
1376 3261 1430 3321 hoo
1459 3262 1581 3324 flamma
1604 3264 1798 3330 tenebrosior

434 3363 465 3413 et
489 3350 576 3431 quasi
601 3350 749 3412 caerulea.
796 3349 874 3411 Mihi
900 3348 1019 3428 quidem
1044 3368 1144 3409 ramus
1170 3357 1361 3411 transversus
1391 3368 1429 3409 ex
1452 3368 1547 3412 renae
1570 3371 1664 3414 cavae
1688 3354 1798 3435 stipite

381 3517 384 3521 ⁴
433 3459 537 3502 crasso
567 3440 686 3501 ridetur
708 3447 792 3500 totus
815 3437 999 3517 pinguedine
1031 3438 1152 3516 plenus,
1185 3458 1261 3518 quae
1285 3459 1304 3498 a
1328 3438 1426 3499 cordis
1455 3439 1554 3500 calore
1585 3459 1622 3501 ex
1646 3445 1798 3523 sanguine

435 3548 470 3589 eo
494 3528 692 3608 prolectetnr,
717 3535 751 3587 ut
775 3526 812 3588 ab
836 3528 906 3605 igne
930 3527 1033 3588 sebum
1063 3528 1093 3587 in
1118 3528 1310 3610 ellychnium
1344 3529 1397 3589 sed
1421 3536 1523 3589 tamen
1551 3530 1634 3609 prius
1662 3530 1692 3591 in
1721 3535 1797 3612 pul·

435 3617 575 3679 rnonibus
601 3624 800 3695 temperatum
825 3625 856 3675 et
871 3615 899 3674 in
917 3616 1047 3689 senibus,
1071 3616 1228 3677 deficiente
1252 3616 1308 3677 hoo
1332 3615 1451 3678 humido
1477 3616 1612 3694 radicali,
1638 3619 1796 3701 extingui-

434 3717 482 3768 tur
508 3707 639 3777 flarnnra,
667 3705 803 3766 succedit
826 3723 922 3778 rnors,
947 3714 980 3766 ut
1006 3707 1035 3767 in
1060 3704 1194 3766 candelis
1218 3704 1374 3766 deficiente
1398 3705 1481 3768 sebo.
1529 3705 1592 3769 Sed
1615 3710 1740 3788 quaeris
1765 3721 1798 3773 et

435 3796 474 3856 de
500 3794 660 3876 ellychnio,
686 3793 770 3873 quasi
787 3793 887 3854 vinum
901 3794 1040 3855 adustum
1065 3792 1241 3853 absumatur
1255 3795 1403 3856 aflarmma
1420 3813 1475 3873 per
1497 3796 1579 3857 aliud
1602 3796 1796 3879 ellychnium,

433 3903 523 3964 quam
549 3892 596 3943 ert
612 3882 796 3943 continuatio
821 3882 1035 3956 exhalationis3
1061 3890 1093 3942 et
1115 3891 1215 3942 tamen
1240 3882 1342 3943 ethic
1367 3883 1461 3962 liquor
1485 3884 1589 3964 aquosi
1604 3886 1674 3963 quid
1690 3885 1795 3950 habet.

521 3972 736 4036 Brenggerns:
771 3970 820 4019 Cur
845 3971 952 4020 calorem
977 3986 1074 4020 omnem
1106 3970 1186 4018 iacias
1216 3970 1361 4034 qualitatem
1388 3971 1520 4022 coelestem
1547 3974 1582 4023 rei
1609 3974 1796 4027 immateriatae

432 4042 469 4107 (p.
491 4040 553 4103 ta),
574 4044 672 4099 nescio,
698 4057 777 4105 neque
797 4044 861 4090 enim
880 4042 949 4092 video
967 4040 1087 4106 quomodo
1113 4040 1181 4088 calor
1204 4042 1339 4102 scintillae,
1370 4056 1399 4091 ex
1419 4045 1508 4093 attritu
1527 4044 1637 4107 chalybis
1665 4054 1692 4095 et
1716 4047 1797 4100 silicis

431 4115 569 4170 excitatae,
589 4116 667 4177 possit
686 4113 733 4161 diei
752 4113 859 4176 qualitas
878 4114 992 4163 coelestis
1011 4118 1036 4161 et
1055 4111 1197 4160 materiata.

520 4186 720 4265 Keplerus:
746 4183 885 4247 Calorem
910 4182 1129 4256 immaterialis,
1157 4182 1232 4254 dixi,
1263 4183 1415 4262 passivum
1447 4193 1478 4246 et
1510 4185 1794 4254 adsentitinmesse

432 4273 631 4352 primitusque
656 4273 799 4334 advenire
823 4274 870 4333 rel
895 4293 932 4333 ex
955 4271 1056 4332 anima
1079 4272 1214 4333 coelesti.
1254 4270 1369 4352 Objicis
1393 4274 1542 4335 scintillas
1557 4294 1595 4337 ex
1614 4275 1724 4339 attritu
1748 4279 1794 4341 si-

432 4363 531 4424 licum.
590 4360 624 4424 Si
648 4361 795 4422 scintillae
820 4361 949 4439 dixisses
974 4379 1012 4421 ex
1042 4358 1150 4422 attritu
1182 4360 1342 4422 frustornm
1370 4362 1477 4440 glaciei
1506 4363 1585 4425 inter
1617 4383 1667 4439 se,
1702 4368 1795 4430 valde

431 4470 477 4513 me
501 4451 678 4529 pressisses.
728 4450 815 4511 Nunc
844 4450 921 4511 silex
946 4457 978 4510 et
1010 4448 1118 4511 ferrum
1146 4448 1248 4529 utique
1272 4451 1401 4512 materia
1424 4458 1485 4521 est,
1520 4452 1636 4514 animae
1667 4452 1794 4519 subter-

430 4558 541 4602 raneae
567 4539 703 4613 frustum,
745 4538 896 4618 habetque
920 4537 1043 4616 sulphur
1067 4537 1202 4618 aliquod,
1235 4537 1312 4600 adeo
1339 4547 1373 4602 ut
1403 4540 1493 4601 etiam
1522 4561 1560 4603 ex
1587 4542 1696 4605 attritu
1721 4544 1794 4609 ferri

433 4637 466 4690 et
491 4628 601 4708 glaciei
626 4628 762 4689 existant
785 4626 935 4689 scintillae
949 4634 1073 4706 propter
1095 4636 1234 4689 naturam
1260 4627 1339 4690 terri.
1385 4628 1431 4690 Eo
1455 4630 1546 4709 igitur
1564 4630 1633 4709 jure
1656 4631 1795 4697 scintilla

432 4717 595 4791 exsilire,
629 4735 685 4796 quo
705 4717 773 4795 jure
797 4716 918 4776 flamma
942 4734 979 4775 ex
1002 4714 1082 4789 oleo,
1112 4716 1181 4794 jure
1205 4714 1390 4792 nativitatis,
1425 4736 1491 4780 cum
1515 4719 1590 4780 haec
1613 4719 1675 4782 siat
1698 4739 1795 4803 opera

434 4806 608 4868 animalium
632 4806 819 4866 facultatum.

521 4895 746 4959 Brenggerus:
766 4890 885 4951 Quaestio
905 4890 936 4940 de
955 4890 1051 4952 iride,
1071 4904 1146 4956 quam
1165 4892 1234 4943 ealce
1252 4900 1311 4943 tuae
1331 4893 1449 4956 epistolae
1467 4894 1527 4946 mihi
1544 4896 1668 4961 proponis,
1688 4896 1795 4966 elegam

430 4972 477 5023 est,
496 4965 527 5017 de
546 4979 596 5030 qua
613 4965 675 5013 forte
695 4962 758 5013 alias
776 4961 900 5012 scribendi
918 4960 1015 5011 dabitur
1033 4963 1139 5014 occulo.
1177 4961 1249 5015 Nunc
1277 4970 1302 5013 et
1320 4969 1416 5028 tempus
1440 4973 1466 5016 et
1485 4966 1604 5030 epistolae
1631 4965 1720 5019 modus
1745 4971 1793 5026 irn-

430 5044 536 5101 perant,
560 5043 589 5085 nt
606 5035 680 5084 finem
705 5033 804 5083 latiam.
849 5031 932 5083 Unum
957 5033 1047 5085 saltem
1074 5034 1198 5096 adjiciam,
1223 5035 1288 5099 quod
1312 5036 1376 5085 inter
1393 5050 1463 5086 meas
1487 5038 1670 5089 obssnsttoner
1695 5041 1793 5106 reperio

430 5113 588 5165 motatum,
607 5104 709 5171 eclipsin
721 5104 818 5162 Lunae,
837 5118 902 5169 quae
914 5118 979 5155 anuo
993 5103 1060 5157 1595
1073 5106 1112 5157 die
1126 5103 1168 5155 tt.
1183 5104 1251 5169 (at.)
1265 5106 1354 5169 Aprilis
1366 5121 1441 5160 mane
1450 5108 1549 5167 acadlt.
1562 5107 1794 5168 humanum·
