4584 6192
466 599 533 666 ffl
847 622 853 633 s
889 595 997 648 Isium
1008 595 1112 661 qultrl
1129 597 1280 663 alicunque
1296 608 1397 650 mutuae

556 772 676 844 Quarta
698 773 787 834 litera
810 774 838 843 ο)
862 769 1062 832 conditionem
1086 772 1257 851 disputandi
1273 774 1380 849 defert,
1405 794 1447 835 sc.
1462 782 1495 833 ut
1509 781 1539 833 te
1554 772 1592 832 ad
1609 771 1832 848 disputandum

466 864 575 927 inritet
598 862 628 924 h.
653 882 679 924 e.
712 862 750 923 ad
774 859 934 922 eruendam
963 860 1139 934 veritatem3
1174 862 1374 940 disputemus,
1407 864 1540 942 iuquam,
1572 879 1610 922 ex
1637 860 1769 941 physica
1799 870 1833 921 et

468 952 662 1014 astronomia.
710 948 772 1012 Cur
798 950 846 1009 hic
870 956 903 1008 tu
926 947 1066 1010 irasceris
1089 951 1288 1029 provocanti?
1311 948 1392 1021 Quin
1415 952 1515 1031 potius
1539 949 1612 1010 feris
1628 949 1832 1027 argumentis,

468 1040 581 1114 omissa
602 1039 670 1100 rixa
693 1037 843 1099 verbosa?

557 1129 603 1190 At
625 1127 761 1188 ultimam
784 1126 903 1186 literam
922 1121 946 1196 ¹)
980 1143 1164 1204 concoquere
1194 1146 1251 1203 non
1276 1137 1382 1206 potes,
1406 1135 1438 1187 et
1475 1143 1550 1205 quae
1587 1124 1700 1186 similia
1724 1133 1833 1187 textus

468 1217 575 1291 habet,
602 1217 707 1296 quibus
731 1215 805 1276 locis
828 1213 1001 1287 insimulas,
1034 1223 1064 1273 te
1089 1214 1160 1275 furti
1185 1216 1398 1277 insimulatum.
1446 1212 1576 1275 Omnino
1610 1214 1726 1292 aliquid
1761 1232 1833 1275 esse

469 1314 597 1386 oportet,
623 1303 703 1384 quod
726 1303 856 1363 animum
880 1313 963 1365 tuum
987 1302 1194 1375 momorderit;
1226 1324 1262 1364 ne
1286 1305 1403 1383 iniquus
1427 1302 1551 1375 audias,
1576 1321 1646 1362 nam
1672 1302 1775 1364 hercle
1800 1304 1833 1364 iu

468 1394 620 1476 prioribus
643 1388 665 1454 l
689 1391 785 1453 literis
819 1409 942 1453 causam
967 1392 1077 1452 nullam
1112 1390 1243 1453 habuisti
1267 1393 1474 1454 succensendi.
1521 1391 1680 1452 Adesdum
1714 1398 1831 1464 autem,

469 1491 507 1546 ut·
525 1482 603 1543 bunc
626 1480 683 1542 tibi
705 1480 876 1558 scrupulum
900 1480 1037 1540 eximam.
1076 1477 1235 1542 Galilaeus
1258 1500 1354 1542 rerum
1378 1499 1500 1543 suarum
1518 1480 1642 1555 sategit,
1668 1480 1747 1540 bene
1773 1479 1834 1540 sibi

470 1568 629 1643 consuluit,
654 1568 784 1647 inquam,
810 1569 918 1648 quippe
942 1568 991 1647 qui
1016 1586 1114 1628 rerum
1137 1587 1257 1629 suarum
1282 1572 1456 1648 satagebat.
1502 1569 1585 1627 Bene
1621 1568 1715 1640 fecit,
1751 1568 1833 1648 quod

469 1666 666 1721 manutenes
690 1657 833 1718 certiores
857 1656 1048 1718 reddiditde
1073 1656 1203 1718 inventis
1236 1658 1317 1727 suis,
1348 1677 1403 1737 per
1434 1656 1557 1736 griphos
1585 1665 1701 1717 tamen.
1750 1656 1833 1717 Nam

469 1747 497 1809 si
516 1766 573 1808 nou
589 1756 714 1819 mature,
741 1754 773 1806 tu
787 1746 1017 1824 praevenisses:
1041 1744 1085 1805 ita
1101 1743 1242 1807 Galilaeo
1267 1747 1333 1808 laus
1347 1749 1462 1825 primae
1476 1745 1658 1806 inventionis
1672 1745 1832 1826 periisset.

470 1834 507 1898 si
530 1853 588 1896 nou
613 1854 666 1914 per
689 1834 832 1913 griphos,
865 1834 970 1895 statim
1002 1851 1066 1904 nos,
1099 1835 1137 1893 ad
1162 1853 1235 1913 quos
1259 1836 1309 1897 ille
1333 1836 1464 1914 scripsit,
1488 1834 1588 1895 dicere
1612 1834 1832 1911 potuissemus,

471 1941 529 1987 nos
552 1925 657 1985 eodem
680 1933 815 2002 tempore
839 1924 943 1985 eadem
963 1922 1074 1983 vidisse
1098 1923 1146 1982 vel
1171 1924 1262 1985 etiam
1287 1933 1387 1985 antea.
1426 1922 1492 1985 Tibi
1516 1941 1631 2002 quoquc
1647 1923 1730 1984 Mari
1755 1923 1833 1984 bene

471 2012 568 2075 cessit
591 2011 714 2091 griphus
737 2031 792 2073 scu
824 2012 1127 2091 anagrammatismus
1151 2011 1218 2073 iste.
1270 2013 1350 2074 Nam
1378 2014 1404 2073 si
1428 2011 1585 2073 Galilaeus
1616 2012 1700 2073 clare
1730 2012 1833 2091 scrip-

473 2102 568 2164 sisset
590 2109 676 2162 tanto
700 2110 801 2175 autea,
826 2119 912 2162 nemo
938 2099 1025 2160 l'acile
1049 2099 1249 2173 credidisset,
1273 2110 1357 2163 tuam
1381 2120 1449 2164 esse
1470 2100 1634 2161 secundam
1657 2100 1749 2179 hujus
1774 2102 1832 2162 eb-

473 2189 656 2253 servationis
689 2190 829 2269 palmam.
885 2190 972 2250 Nunc
1000 2189 1105 2249 eodem
1139 2196 1274 2269 tempore
1311 2198 1344 2251 et
1376 2189 1534 2251 Galilaeus
1568 2190 1746 2250 Florentiae
1776 2209 1834 2250 sua

473 2278 561 2340 nobis
576 2279 751 2357 aenigmata
765 2279 878 2357 scripto
903 2276 1028 2350 detexit,
1054 2286 1086 2338 et
1110 2286 1142 2339 tu
1166 2278 1194 2338 in
1209 2279 1234 2339 F
1236 2280 1379 2339 ranconia
1392 2279 1553 2339 observare
1569 2278 1677 2339 eadem
1692 2278 1834 2358 coepisti,

472 2375 512 2430 ut
529 2367 716 2445 impossibile
739 2366 790 2441 sit,
814 2378 845 2430 te
870 2375 923 2428 tua
946 2385 984 2427 ex
999 2364 1131 2428 Galilaei
1158 2367 1310 2429 laboribus
1334 2367 1455 2428 habere.
1493 2366 1657 2444 Agnoscis,
1681 2367 1712 2427 ni
1732 2366 1834 2439 fallor,

473 2474 594 2520 sensum
617 2456 762 2535 postremi
795 2455 949 2535 marginis.
996 2455 1110 2516 Desine
1143 2455 1234 2533 igitur
1266 2464 1297 2517 te
1328 2456 1400 2518 lurti
1432 2455 1636 2518 insimulatum
1671 2455 1759 2535 queri
1797 2455 1836 2517 ab

474 2563 511 2608 eo
535 2546 611 2619 loro,
636 2544 685 2624 qui
710 2554 739 2605 te
765 2545 834 2606 furti
859 2544 1105 2605 manifestissime
1129 2544 1270 2606 absolvit.
1312 2546 1391 2607 Nam
1416 2563 1491 2624 quae
1514 2543 1590 2605 haec
1614 2546 1836 2624 consequentia

474 2644 576 2697 esset:
602 2652 660 2712 quo
683 2642 817 2713 tempore
843 2632 1001 2695 Galilaeus
1023 2633 1196 2694 Florentiae
1225 2633 1342 2695 futuras
1366 2634 1496 2695 Veneris
1519 2633 1716 2712 apparentiae
1740 2654 1835 2715 prae-

475 2723 564 2795 dixit,
589 2723 694 2784 eodem
708 2723 824 2784 Marius
847 2723 917 2784 illas
940 2722 1047 2783 eodem
1070 2722 1173 2783 ordine
1201 2723 1363 2785 observare
1391 2722 1509 2802 coepit,
1541 2740 1613 2800 ergo
1634 2723 1755 2784 Marius
1780 2744 1837 2785 sua

474 2829 514 2874 ex
536 2810 669 2872 Galilaei
692 2812 814 2872 monitis
838 2811 964 2873 babuit?
1006 2810 1155 2889 Numquid
1181 2811 1259 2873 enim
1282 2813 1378 2892 Alpes
1402 2813 1551 2873 intersunt
1574 2820 1604 2871 et
1629 2811 1753 2889 longum
1777 2814 1836 2873 iter

474 2906 507 2963 et
530 2897 574 2962 20
588 2900 703 2962 dierum
726 2920 819 2970 mora,
842 2900 1016 2981 prinsquam
1034 2899 1140 2961 literae
1160 2901 1316 2962 Florentia
1338 2901 1492 2980 digressae
1507 2900 1639 2977 Pragam
1663 2901 1835 2980 appellant,
1897 2938 1899 2941 v

475 2989 594 3072 quaudo
618 2989 748 3051 nondum
771 2998 873 3053 tamen
897 2989 925 3051 iu
950 2987 1148 3051 Praeconiam
1172 2990 1391 3052 communicata
1414 2998 1485 3050 suut
1508 2989 1610 3068 Praga
1631 2997 1652 3049 a'
1673 2990 1777 3053 nobis.

563 3078 648 3140 Haec
662 3098 728 3140 cum
744 3088 836 3140 autea
859 3077 965 3139 Lincic
988 3078 1025 3139 ad
1050 3086 1081 3138 te
1104 3078 1235 3142 scribere
1250 3078 1430 3159 concupivi,
1455 3087 1518 3140 tum
1541 3096 1611 3138 vero
1635 3078 1794 3141 maxime
1818 3101 1838 3142 a

475 3166 715 3229 nobilissimo
739 3178 775 3229 et
797 3168 899 3246 ampl.
925 3167 962 3228 D.
978 3166 1016 3229 D.
1042 3165 1159 3229 Eisen
1184 3166 1364 3230 Caesaris
1387 3167 1431 3229 ad
1455 3166 1741 3246 appellationes
1765 3169 1836 3229 Bo-

476 3255 640 3318 bcmicas
673 3255 904 3320 Conciliario
935 3256 1156 3335 nuperrime·
1182 3257 1311 3336 jussus
1352 3257 1436 3336 quin
1470 3266 1509 3316 et
1540 3266 1730 3319 exoratus
1764 3259 1837 3331 (ita

475 3345 569 3407 ssim
592 3347 781 3420 volebat),
808 3364 862 3407 me
885 3342 1110 3422 scripturum
1140 3346 1286 3425 recepi,
1316 3346 1405 3406 dum
1437 3345 1522 3408 mihi
1554 3345 1591 3405 D.
1625 3343 1836 3425 (lapitanei

475 3433 652 3509 Fuchsii,
685 3434 841 3516 patropi
865 3439 1078 3498 nostrarum
1110 3434 1322 3497 artium.ut
1345 3434 1454 3495 audio
1488 3434 1653 3507 maximi,
1682 3436 1835 3499 sollici-

475 3523 639 3585 tudinem
662 3524 697 3586 in
722 3522 828 3585 uobis
852 3523 1102 3585 conciliandis
1126 3522 1320 3602 exposuit:
1355 3524 1433 3601 quod
1464 3523 1600 3604 equidem
1625 3536 1774 3602 quantum
1798 3528 1837 3587 ad

475 3631 522 3675 me
547 3612 743 3674 deridendum
766 3612 837 3673 mihi
862 3612 938 3673 fuit:
963 3612 993 3674 in
1017 3613 1082 3691 ipso
1106 3630 1165 3674 uon
1188 3629 1310 3690 possum
1330 3630 1388 3673 uon
1413 3613 1546 3683 laudare,
1570 3613 1640 3673 dum
1664 3615 1835 3690 considero,

477 3720 552 3783 quas
576 3711 609 3763 tu
633 3703 772 3780 querelas
795 3701 825 3761 in
849 3702 1075 3781 prognosticum
1100 3701 1279 3773 inserueris,
1315 3720 1410 3780 exque
1434 3702 1490 3776 iis,
1526 3701 1596 3781 quid
1628 3721 1721 3781 porro
1756 3706 1836 3784 apud

476 3791 574 3873 ipsum
599 3791 770 3852 audientem
793 3809 910 3851 meeum
934 3791 1061 3852 absente
1093 3790 1348 3869 expostulaveris,
1385 3791 1473 3851 facile
1505 3791 1643 3870 conjicio.
1692 3789 1835 3854 Ceterum

475 3880 574 3961 ipsum
590 3881 653 3941 fero
668 3880 832 3941 arbitrum:
857 3880 1009 3954 fatebitur,
1034 3879 1108 3952 ecio,
1133 3888 1166 3940 et
1189 3878 1234 3939 his
1259 3879 1354 3940 literis
1378 3888 1410 3938 et
1434 3882 1499 3942 loco
1522 3881 1551 3941 in
1571 3880 1739 3958 Dioptricis
1763 3902 1836 3962 per-

476 3969 573 4038 lecto,
607 3977 638 4031 te
669 3988 723 4030 nec
755 3968 896 4047 injuriose
920 3988 974 4031 neo
998 3968 1155 4029 inhoneste
1179 3988 1198 4027 a
1221 3987 1268 4028 me
1291 3976 1465 4031 tractatum.
1512 3970 1671 4031 Breviter:
1704 3974 1836 4034 rusticus

475 4076 560 4133 sum,
595 4058 639 4118 sic
666 4058 747 4120 enim
768 4066 902 4120 tractare
926 4058 1009 4119 soleo
1033 4057 1152 4119 nonnisi
1176 4057 1297 4118 amicos.
1333 4058 1363 4118 A
1385 4060 1490 4136 quibus
1506 4078 1576 4119 rerc
1601 4060 1672 4120 mihi
1693 4071 1836 4123 metuen-

476 4147 546 4209 dum
569 4154 661 4225 puto,
691 4148 719 4207 in
744 4165 845 4208 eorum
869 4146 1037 4209 nominibus
1062 4155 1094 4208 ut
1117 4146 1146 4207 in
1171 4145 1350 4209 carbonibus
1374 4146 1477 4224 ignitis
1501 4150 1556 4209 sub
1579 4148 1679 4210 cinere
1705 4150 1834 4213 latitan-

475 4236 558 4296 tibus
581 4236 713 4315 vestigia
735 4236 804 4314 figo.

563 4324 633 4386 Jam
675 4325 785 4385 dudum
823 4325 861 4385 ad
898 4342 959 4384 rem
999 4322 1097 4401 ipsam
1134 4322 1351 4386 deveniendum
1391 4326 1497 4387 luerat.
1560 4327 1683 4406 Itaque·
1703 4328 1836 4407 ingenuo

475 4414 606 4476 candore
620 4414 794 4494 pronuncio,
819 4414 927 4474 tulisse
941 4421 971 4473 te
988 4413 1107 4474 laudem
1121 4412 1301 4492 praecipuae
1317 4413 1491 4492 diligentiae
1510 4425 1572 4475 tum
1597 4415 1626 4475 in
1642 4417 1836 4479 observando

474 4511 539 4567 tum
570 4503 601 4564 in
635 4502 853 4564 ratiocinando.
900 4502 935 4562 In
974 4504 1198 4581 comparatione
1232 4511 1333 4562 tamen
1371 4505 1608 4581 magnitudinum
1647 4505 1686 4565 ad
1725 4526 1836 4587 corpus

474 4594 605 4655 Telluris
639 4592 795 4671 quominus
826 4589 881 4651 tibi
916 4592 1057 4652 accedam
1090 4592 1165 4652 facit
1192 4590 1264 4663 hoc,
1299 4593 1375 4671 qnod
1406 4594 1461 4653 tibi
1486 4594 1592 4654 deesse
1617 4594 1706 4655 video
1730 4615 1834 4657 veram

475 4681 720 4744 aestimationem
750 4680 948 4761 parallaxium
972 4680 1070 4751 Solis,
1105 4698 1193 4758 quam
1217 4678 1336 4758 quidem
1360 4691 1517 4759 praestare
1551 4702 1608 4742 non
1634 4683 1740 4746 debes.
1787 4684 1837 4747 Ex

476 4790 543 4833 meo
574 4789 646 4833 vero
678 4769 893 4849 Hipparcho
937 4768 1113 4849 apparebit,
1151 4769 1318 4831 doctrinam
1359 4771 1584 4832 demonstrandi
1622 4776 1835 4851 proportiones

475 4877 633 4940 corporum
654 4858 745 4933 Solis,
770 4859 875 4919 Lunae
900 4866 931 4920 et
955 4859 1075 4931 Terrae,
1102 4864 1135 4917 ut
1158 4866 1206 4917 est
1229 4858 1481 4937 ingeniosissima,
1506 4861 1550 4921 sic
1574 4861 1604 4920 iu
1628 4871 1712 4923 meta
1737 4865 1836 4926 altera

475 4949 732 5028 angrn'entationis
756 4947 987 5009 incertissimam
1010 4966 1087 5008 esse.
1135 4942 1257 5007 Certum
1282 4948 1401 5027 quidem
1429 4957 1496 5021 est,
1532 4950 1696 5012 diametros
1722 4953 1835 5014 Terrae

475 5038 543 5117 plus
567 5056 657 5119 quam
674 5033 740 5100 800
763 5055 832 5098 esse
856 5037 886 5098 iu
910 5036 1057 5098 diametro
1072 5032 1166 5107 Solis,
1189 5044 1223 5094 at
1246 5036 1459 5117 quodomnino
1484 5038 1545 5099 sint
1569 5057 1661 5117 usque
1687 5042 1732 5116 ad
1747 5036 1836 5105 2400

477 5132 569 5206 atque
593 5128 684 5191 etism
708 5126 807 5200 ultrer
831 5125 863 5188 id
887 5144 956 5188 vero
979 5122 1120 5187 subtilius
1143 5133 1193 5185 est
1216 5124 1245 5185 in
1269 5125 1375 5198 oculo,
1409 5146 1498 5208 quam
1521 5136 1556 5190 ut
1577 5135 1662 5190 certo
1687 5130 1837 5194 affirmari
