4584 6192
841 1401 1321 1474 ANNOTATIONES
1369 1400 1665 1474 EDITORIS

1237 1560 1261 1591 ln

1083 1648 1341 1712 DIOPTRICEN
1367 1651 1419 1710 dic.

1186 1806 1318 1814 ——--.

667 1894 693 1958 1)
712 1913 735 1960 p.
757 1892 816 1945 490.
856 1897 1018 1945 Gilbertus
1048 1897 1107 1953 „De
1131 1897 1361 1961 Magnessam.
1382 1897 1426 1952 Vl,
1446 1911 1500 1960 cap.
1523 1894 1555 1944 3:
1577 1896 1683 1954 ,multas
1703 1911 1758 1945 esse
1778 1895 1894 1960 (stellas)
1912 1908 1936 1949 et

574 1968 643 2018 nulla
661 1969 784 2017 oculorum
803 1969 857 2016 acie
883 1968 1053 2031 comprehendi
1079 1984 1187 2031 uuquam
1212 1968 1326 2017 credibile
1353 1975 1398 2016 est.
1438 1968 1564 2027 Quantum
1584 1977 1622 2015 est
1645 1970 1719 2032 igitur
1739 1969 1772 2016 ad
1790 1970 1934 2035 longissime

573 2046 681 2090 remotas
699 2040 754 2088 illas
773 2039 834 2087 fixas
854 2040 1081 2102 incomprehensum
1105 2042 1227 2102 spatium.
1257 2046 1350 2101 quanta
1378 2040 1552 2101 phantasticae
1572 2040 1634 2086 iliius
1662 2039 1786 2101 sphaerae
1808 2042 1894 2104 ampla
1911 2049 1936 2091 οι

573 2114 695 2160 immensa
713 2109 886 2174 profunditas?
906 2110 931 2158 Si
952 2120 1044 2159 motum
1063 2111 1164 2165 habent,
1185 2113 1230 2158 erit
1243 2112 1283 2158 ille
1302 2112 1383 2173 potius
1403 2113 1469 2159 circa
1485 2112 1605 2173 proprium
1625 2113 1744 2173 cujusque
1764 2120 1890 2167 centrum,
1908 2120 1935 2161 nt

574 2182 666 2232 Terrae
684 2189 774 2237 motus,
794 2189 839 2230 aut
857 2184 934 2230 centri
954 2184 1121 2246 progressione
1135 2184 1160 2229 iu
1180 2183 1270 2239 orbem,
1291 2189 1318 2229 ut
1332 2182 1443 2230 Lunae.“
1482 2183 1573 2229 Porro:
1595 2181 1688 2236 ,Terra
1700 2196 1775 2243 super
1789 2183 1861 2245 polos
1879 2198 1934 2233 suos

574 2255 723 2303 convertitur
740 2253 837 2301 facilius
850 2253 926 2301 multo
940 2262 965 2300 et
980 2256 1174 2311 convenientius,
1194 2268 1268 2316 quam
1282 2260 1347 2300 totus
1366 2254 1502 2301 volveretur
1514 2253 1628 2308 mundus,
1649 2256 1719 2314 cujus
1737 2252 1795 2300 finis
1809 2256 1936 2319 ignoratur

575 2326 677 2389 scirique
696 2325 788 2388 nequit.

662 2394 690 2456 2)
710 2412 733 2458 p.
754 2392 814 2442 490.
851 2394 866 2442 J
873 2395 932 2443 ord.
954 2396 1060 2443 Bruuo
1079 2396 1103 2443 iu
1123 2402 1238 2459 poemate
1264 2394 1445 2457 philosophico:
1474 2394 1512 2443 De
1531 2394 1654 2451 monade,
1679 2409 1781 2444 numero
1803 2402 1831 2443 et
1848 2395 1933 2460 figura.

572 2482 617 2517 seu
636 2467 666 2517 de
685 2467 803 2516 Universo
823 2472 849 2515 et
866 2466 967 2514 Mandis
986 2463 1088 2527 (1591),
1110 2467 1190 2516 coelos
1216 2467 1323 2514 infinitos
1344 2480 1398 2514 esse
1418 2466 1559 2521 contendit,
1585 2466 1678 2513 nullum
1700 2480 1790 2527 corpus
1810 2468 1838 2515 in
1855 2468 1934 2516 medio

490 2557 492 2562 ⁴
571 2538 682 2595 haerere,
703 2540 786 2585 omnia
799 2545 867 2585 astra
881 2552 910 2585 ex
923 2538 1009 2585 iisdem
1023 2545 1137 2587 constare
1157 2538 1293 2586 elementis.
1321 2536 1468 2596 „Quaedam
1481 2543 1538 2584 sunt
1551 2552 1594 2599 per
1611 2552 1638 2584 se
1651 2536 1796 2592 tenebrosa,
1812 2538 1933 2601 quaedam

572 2625 628 2659 vero
648 2625 691 2672 per
709 2623 735 2655 se
754 2607 838 2656 lucida
862 2608 1018 2670 perhibentur
1047 2617 1114 2657 astra
1142 2607 1233 2667 (Soles.
1265 2605 1386 2666 Terrae).
1425 2609 1460 2655 Ex
1480 2610 1508 2656 iis
1528 2607 1596 2656 Soles
1621 2607 1729 2656 medium
1757 2609 1889 2663 obtinent,
1908 2617 1933 2656 ut

572 2695 624 2728 una
651 2681 747 2742 lampas
767 2686 792 2726 et
810 2681 874 2743 ignis
901 2679 1009 2741 pluribus
1036 2680 1204 2728 illuminandis
1231 2688 1255 2727 et
1279 2680 1456 2727 calefaciendis
1484 2681 1545 2726 sotis
1565 2687 1611 2727 est.
1650 2679 1841 2741 Propinquiores
1866 2679 1932 2728 Soles

572 2757 630 2800 sunt
649 2757 717 2799 aetra
734 2752 837 2810 maiora.
865 2749 936 2800 Circa
949 2750 993 2797 hos
1007 2750 1075 2799 Soles
1089 2752 1242 2806 crediderim,
1264 2751 1349 2813 quodsi
1364 2754 1416 2813 quis
1429 2751 1538 2798 studiose
1552 2752 1625 2797 certis
1644 2751 1796 2811 temporibus
1810 2750 1932 2801 attendat

571 2822 661 2885 poterit
680 2821 773 2884 aliquos
792 2837 840 2869 non
865 2823 1065 2876 scintillantium,
1093 2838 1159 2871 nunc
1184 2825 1327 2884 conspicuos
1347 2838 1411 2870 nunc
1431 2837 1486 2870 vero
1514 2821 1621 2869 latentes
1640 2835 1687 2869 uec
1707 2836 1757 2868 uon
1776 2823 1932 2883 parvolorum

571 2893 715 2941 circulomm
735 2894 801 2940 intra
818 2907 875 2941 suas
895 2893 1004 2941 Tellures
1033 2894 1124 2942 iudicia
1150 2895 1173 2941 in
1194 2894 1290 2942 Solibus
1310 2893 1437 2955 experiri.“
1477 2891 1572 2940 Similia
1591 2892 1799 2954 deprehendimus
1818 2894 1842 2941 iu
1862 2907 1932 2955 opere

571 2965 648 3013 Bruui
662 2966 796 3026 inscripto:
813 2965 964 3012 herotismus
979 2979 1022 3012 seu
1036 2966 1145 3013 rationes
1160 2965 1318 3012 articulorum
1332 2965 1494 3027 physicomm,
1510 2964 1626 3012 adversus
1640 2963 1822 3025 Peripateticos
1834 2964 1932 3012 Parisiis

570 3036 757 3098 propositorum.
795 3035 878 3083 Viteb.
897 3033 971 3083 1588.
1000 3033 1065 3094 (Art.
1086 3034 1291 3094 Lx-Lxxlv.)
1569 3097 1571 3101 .

662 3103 689 3166 3)
709 3122 732 3169 p.
752 3103 811 3153 490.
850 3106 1032 3154 Edmundus
1058 3108 1192 3155 Brutius
1213 3107 1321 3170 Anglus,
1348 3107 1431 3168 quiin
1452 3106 1545 3153 Comm.
1566 3104 1654 3153 Martis
1679 3106 1791 3167 pluribus
1818 3105 1932 3154 dicendus

572 3185 623 3238 est,
641 3179 706 3225 inter
725 3179 774 3225 alia
793 3184 930 3225 memoratu
949 3179 1025 3239 digua
1044 3177 1105 3225 haec
1126 3178 1194 3225 dedit
1212 3178 1337 3239 Keplcro:
1358 3177 1484 3225 Galilaeus
1504 3178 1561 3224 mihi
1581 3177 1649 3228 dixit.
1669 3191 1696 3223 se
1717 3177 1749 3225 ad
1764 3183 1791 3225 te
1811 3179 1932 3240 scripsisse

571 3255 687 3312 tuumque
706 3248 792 3296 libmm
808 3245 989 3307 (Prodromnm)
1009 3251 1144 3311 accepisse,
1164 3264 1228 3311 quae
1248 3257 1331 3297 tamen
1345 3248 1447 3312 blagiuo
1466 3250 1584 3312 negavit;
1605 3262 1710 3310 eumque
1724 3254 1748 3295 te
1763 3250 1837 3295 nimis
1850 3249 1933 3296 leniter

571 3320 696 3368 laudando
723 3321 867 3382 vituperavi.
905 3319 970 3367 Nem
989 3319 1035 3367 hoc
1056 3336 1101 3381 pro
1127 3327 1193 3367 certo
1213 3323 1278 3374 scio,
1309 3335 1334 3367 se
1354 3326 1399 3367 tua
1417 3327 1442 3367 et
1466 3335 1511 3367 sua
1535 3321 1636 3366 inventa
1659 3320 1709 3365 suis
1736 3320 1891 3368 auditoribus
1909 3325 1931 3366 et

572 3391 626 3439 aliis
645 3392 782 3453 promsisse.
822 3390 872 3438 Sed
890 3391 927 3437 ita
952 3392 998 3438 ieci
1018 3399 1044 3439 et
1069 3392 1177 3444 faciam,
1206 3399 1234 3439 ut
1253 3407 1284 3439 ea
1303 3391 1386 3438 onmia
1404 3407 1452 3438 uon
1477 3391 1508 3437 ad
1537 3406 1616 3444 snum,
1642 3390 1738 3437 sadud
1759 3396 1831 3438 tuum
1858 3392 1930 3453 magis

483 3463 488 3470 '
570 3460 686 3510 honorem
706 3461 852 3509 redundent.
890 3461 991 3509 Interim
1011 3477 1071 3510 cura
1089 3463 1228 3525 diligenter,
1250 3470 1276 3510 ut
1295 3477 1333 3509 me
1354 3477 1430 3516 aines,
1451 3477 1509 3509 uam
1530 3477 1575 3524 ego
1594 3469 1619 3508 te
1639 3461 1711 3508 vaide
1731 3475 1797 3508 amo.

658 3532 773 3581 Deinde:
794 3533 897 3591 Quanta
916 3533 973 3580 milri
993 3533 1110 3581 hodierno
1131 3535 1170 3581 die
1190 3535 1288 3582 laetitia
1307 3534 1459 3590 accedebat,
1484 3549 1532 3579 non
1552 3540 1589 3580 cst
1607 3531 1647 3579 liic
1666 3533 1787 3580 narrandi
1807 3533 1890 3587 locus,
1909 3533 1929 3578 in

571 3620 609 3664 eo,
629 3604 693 3667 quod
712 3605 856 3666 quibusdum
876 3604 952 3651 literis
972 3619 1001 3652 ex
1021 3605 1154 3653 Germania
1180 3608 1288 3667 acceptis
1315 3612 1464 3666 compertum
1484 3605 1578 3658 habeo,
1607 3611 1631 3650 et
1650 3610 1674 3650 tc
1695 3604 1777 3651 vivere
1797 3611 1823 3652 et
1842 3604 1928 3652 salvum

569 3691 631 3725 esse.
669 3673 734 3724 Nam
758 3678 811 3735 jum
834 3690 877 3736 per
903 3690 994 3723 annum
1015 3684 1038 3723 te
1058 3692 1100 3738 pro
1120 3686 1213 3723 mortuo
1233 3677 1371 3723 habui...
1405 3676 1492 3723 Nullus
1513 3682 1550 3722 est
1568 3677 1594 3721 in
1612 3682 1664 3721 toto
1683 3674 1730 3721 hoc
1751 3676 1861 3735 mundo,
1880 3689 1928 3721 cum

571 3762 617 3811 quo
630 3748 745 3795 libentius
759 3746 890 3808 colloquar.
903 3782 907 3792 .
921 3782 925 3792 .
940 3783 945 3792 .
966 3747 1022 3794 Diri
1037 3747 1140 3795 literatis
1164 3750 1238 3794 totius
1252 3747 1341 3794 Italiae
1361 3748 1390 3794 de
1405 3746 1509 3794 mirabili
1522 3754 1566 3793 tua
1585 3748 1726 3793 inventione
1741 3747 1767 3793 in
1782 3750 1878 3795 musica
1890 3743 1926 3801 (l),

571 3819 602 3867 de
620 3818 829 3867 observationibus
849 3817 945 3872 Martis,
965 3828 1082 3880 tuumque
1102 3818 1259 3866 Prodromum
1279 3819 1360 3866 multis
1380 3819 1527 3872 monstravit
1551 3832 1623 3879 quem
1643 3831 1728 3864 omnes
1753 3817 1862 3866 laudaut
1879 3817 1927 3865 reli·

571 3904 679 3953 quosque
698 3895 752 3936 tuos
771 3887 843 3935 libros
863 3888 933 3936 avide
954 3896 1106 3951 exspectant.
1136 3888 1252 3952 Maginus
1265 3891 1330 3937 ultra
1348 3888 1564 3951 septimanamhic
1577 3889 1624 3935 luit
1643 3894 1763 3950 tuumque
1777 3889 1928 3937 Prodromum

569 3961 709 4024 aquodam
729 3958 811 4007 Nobili
830 3960 928 4007 Veneto
948 3976 989 4022 pro
1010 3960 1072 4007 dono
1092 3963 1230 4023 nuperrime
1251 3962 1355 4022 accepit.
1394 3960 1520 4008 Galilaeus
1540 3967 1608 4007 tuum
1633 3960 1719 4007 librum
1744 3958 1824 4007 habet
1844 3970 1926 4023 tuaque

571 4033 674 4081 inventa
692 4039 811 4093 tanquam
830 4042 876 4077 sua
895 4032 944 4077 suis
965 4031 1114 4079 auditoribus
1134 4034 1253 4093 proponit.

659 4102 729 4149 Haec
749 4116 778 4149 ex
798 4102 906 4163 epistolis
926 4101 1013 4158 Brutii,
1034 4101 1098 4149 datis
1115 4102 1255 4150 Florentiae
1275 4108 1300 4149 et
1313 4102 1410 4149 Patavii
1431 4102 1501 4148 annis
1523 4097 1590 4146 1602
1605 4107 1629 4148 et
1645 4097 1722 4154 1603,
1745 4100 1863 4149 desumto
1880 4115 1928 4149 eam
1960 4147 1964 4156 ,

571 4174 601 4221 ob
621 4185 724 4221 oausam
748 4172 787 4219 hic
815 4174 985 4234 proponimus,
1015 4180 1043 4219 ut
1067 4179 1166 4234 pateat,
1188 4174 1325 4221 Galilaeum
1352 4176 1405 4233 jam
1431 4179 1482 4219 tum
1512 4173 1627 4233 temporis
1655 4173 1719 4219 inter
1739 4171 1820 4219 Italos
1848 4173 1928 4220 multos

570 4245 687 4292 habuisse
707 4244 898 4298 obtrectatores,
926 4259 981 4291 cum
1000 4245 1099 4292 Brutius
1121 4244 1229 4307 elegius,
1258 4246 1297 4306 qni
1316 4245 1467 4305 perlustrans
1486 4243 1586 4290 Italiam
1606 4243 1668 4290 haec
1697 4243 1807 4298 audivit,
1834 4245 1928 4292 aliorum

569 4316 631 4364 forte
651 4316 795 4363 testimonia
814 4321 913 4363 secutus
934 4315 995 4363 talia
1014 4315 1113 4372 reserat,
1134 4330 1197 4378 quae
1216 4315 1370 4378 postmodum
1390 4322 1509 4376 utsupra
1533 4315 1626 4361 dictum
1645 4315 1669 4360 in
1691 4314 1833 4363 calumnias
1852 4327 1926 4363 exore-

570 4394 658 4435 vemnt
677 4387 818 4434 atrociores.
1311 4389 1313 4393 ’

658 4458 697 4506 Ea
715 4472 780 4513 vero,
800 4470 863 4519 quae
877 4455 1000 4517 Keplerus
1019 4471 1093 4517 supra
1112 4457 1195 4511 refert,
1215 4458 1240 4504 in
1254 4457 1341 4504 ultima
1360 4470 1422 4519 quae
1441 4461 1522 4502 exstat
1542 4455 1620 4502 Brutii
1635 4455 1666 4502 ad
1680 4455 1819 4517 Keplerum
1834 4454 1928 4519 epistola

570 4526 606 4590 (d.
627 4527 650 4577 5.
671 4529 732 4577 Nor.
757 4525 822 4575 teba
844 4525 968 4584 Venetiis]
988 4528 1118 4590 leguntur:
1147 4528 1222 4590 Spero
1247 4528 1377 4590 aliquando
1405 4527 1496 4574 relictis
1515 4528 1568 4572 istis
1595 4527 1725 4573 mundanis
1752 4526 1928 4589 impedimentis

571 4600 604 4650 ad
622 4607 647 4648 te
667 4615 722 4648 cum
744 4612 843 4661 corpore
857 4605 883 4645 et
896 4599 979 4645 anima
999 4600 1096 4661 propius
1116 4598 1236 4648 accedere
1257 4607 1346 4661 tuoque
1360 4599 1440 4645 divino
1461 4599 1581 4645 consortio
1602 4598 1718 4660 gaudere,
1741 4599 1864 4662 simulque
1882 4599 1928 4660 ipsa

571 4677 616 4719 tua
634 4671 754 4720 coelestia
773 4683 847 4732 opera
866 4670 1002 4718 observare.
1041 4669 1089 4717 Hic
1107 4684 1214 4732 namque
1234 4672 1269 4718 ita
1289 4685 1342 4718 sum
1362 4670 1463 4718 aliorum
1483 4670 1588 4732 negotiis
1608 4678 1634 4716 et
1652 4670 1724 4731 nugis
1744 4669 1888 4731 implicitus,
1904 4671 1928 4714 ut

571 4743 612 4789 vix
630 4744 676 4790 aim
695 4742 761 4804 apud
779 4756 827 4789 me.
860 4740 906 4788 Ast
924 4755 1002 4802 spero,
1023 4741 1086 4789 inter
1105 4741 1199 4803 aliquos
1218 4741 1270 4789 dies
1289 4742 1349 4788 liber
1362 4755 1402 4787 ero
1421 4741 1512 4802 tibique
1531 4754 1627 4801 semper
1645 4739 1824 4788 deditissimus.
1844 4740 1928 4789 Multas

570 4811 650 4861 habeo
669 4814 695 4861 iu
713 4812 864 4861 astronomia
891 4806 1070 4870 dubitationes,
1099 4813 1125 4860 in
1151 4813 1237 4873 quibus
1257 4819 1284 4859 tu
1308 4812 1393 4859 unicus
1413 4826 1451 4858 me
1481 4812 1609 4858 certiorem
1636 4811 1725 4859 iacias.
1764 4810 1849 4860 Nam
1875 4821 1927 4873 ego

570 4883 700 4944 opinor,
720 4882 855 4931 mundos
875 4896 946 4930 esse
964 4882 1119 4930 infinitos
1139 4882 1184 4931 dic.
1223 4881 1340 4945 (Reliqua
1359 4883 1413 4930 vide
1431 4884 1456 4929 in
1477 4882 1570 4929 Comm.
1590 4879 1700 4940 Martis)

659 4951 687 5014 l)
706 4969 729 5016 p.
749 4949 809 5000 tet.
849 4952 976 5002 Galilaens
990 4951 1025 5015 (p.
1042 4950 1104 5013 l0):
1124 4953 1159 5001 Ut
1172 4954 1202 5001 de
1221 4954 1424 5015 multiplicatione
1443 4954 1598 5000 instrumenti
1619 4953 1720 5015 quilibet
1740 4966 1817 5014 parvo
1835 4951 1926 5017 negotio

569 5024 658 5073 certior
675 5024 801 5080 reddatur.
830 5023 933 5073 circulos
953 5024 1022 5072 binos
1043 5031 1087 5073 aut
1105 5024 1230 5086 quadrata
1254 5024 1312 5072 bina
1339 5024 1475 5072 chartacea
1503 5023 1672 5077 contoruebit,
1701 5037 1808 5087 quorum
1831 5024 1926 5075 utem
