4584 6192
1856 648 1945 685 m
1977 632 2247 684 umam
2288 633 2342 683 in
2377 632 2493 684 solo
2525 632 2676 725 vam.
3477 624 3610 693 805

932 807 1225 870 diametro
1271 825 1462 869 nonae
1517 808 1613 869 vel
1673 808 1940 871 decimae
2002 810 2195 890 partis
2249 811 2425 873 unius
2478 809 2713 891 pollicis

931 896 1279 958 admisimus
1343 897 1540 975 spatio
1605 898 1838 964 circiter
1907 896 1987 962 14
2050 901 2264 979 pedum
2321 921 2360 961 a
2406 899 2710 970 foramine,

934 985 1129 1066 quoad
1157 986 1402 1049 schema
1429 988 1694 1048 excrevit
1720 988 1797 1050 ad
1818 998 2200 1068 praesentem
2228 989 2712 1068 magnitudinem.

933 1075 1212 1137 Vidimus
1269 1075 1345 1135 ab
1410 1074 1668 1138 inferiori
1716 1085 1779 1137 et
1836 1077 2082 1139 sinistra
2152 1077 2477 1140 schematis
2542 1085 2715 1159 parte

933 1165 1134 1239 (vultu
1206 1165 1284 1225 ad
1356 1164 1598 1225 schema
1677 1170 1994 1239 converso)
2061 1186 2323 1247 parvum
2412 1175 2715 1247 punctum,

931 1263 1174 1317 saturae
1221 1253 1545 1333 nigredinis
1573 1274 1781 1318 versus
1812 1265 2080 1318 centrum
2097 1276 2117 1332 ;
2164 1256 2407 1319 dilutius
2436 1265 2499 1317 et
2526 1257 2717 1318 minus

930 1343 1269 1424 praecisum
1317 1362 1523 1404 versus
1568 1345 1914 1424 marginem,
1961 1346 2365 1426 magnitudine
2412 1354 2475 1407 et
2520 1345 2716 1426 specie

932 1432 1241 1495 macilenti
1297 1431 1540 1511 pulicis;
1606 1434 1718 1495 hoc
1782 1435 1976 1509 clare,
2044 1456 2152 1497 nec
2219 1436 2445 1497 semel:
2509 1436 2720 1497 aberat

935 1523 1121 1584 tertia
1181 1521 1454 1583 diametri
1517 1531 1688 1602 parte
1746 1524 1880 1604 plus
1944 1523 2135 1587 minus
2199 1525 2275 1587 ab
2336 1532 2600 1587 extremo
2657 1531 2721 1585 et

934 1610 1204 1690 proximo
1250 1611 1535 1692 margine.
1627 1612 1710 1673 Et
1755 1632 1827 1674 ne
1875 1613 2006 1694 quis
2063 1615 2371 1676 existimet
2425 1615 2720 1676 maculam

936 1701 1126 1762 fnisse
1155 1701 1384 1782 papyri,
1426 1708 1659 1762 motata
1684 1721 1910 1783 papyro
1941 1704 2414 1784 transposuimus
2444 1704 2717 1775 schema3
2811 1743 2816 1747 -

941 1808 1182 1869 semper
1226 1790 1460 1851 macula
1505 1809 1640 1852 cum
1686 1791 1992 1853 schemate
2040 1792 2267 1855 incidit.
2364 1791 2512 1855 Cum
2560 1792 2745 1854 nubes
2790 1810 2969 1871 super
3009 1788 3213 1853 Solem
3260 1788 3626 1869 ingruerent,

941 1896 1124 1958 super
1187 1879 1480 1940 maculam
1542 1880 1723 1942 etiam
1788 1881 2113 1943 schematis
2135 1931 2150 1957 ‚
2214 1882 2422 1943 eodem
2469 1884 2599 1944 loco
2658 1880 2983 1944 schematis
3047 1880 3394 1942 haerentem
3457 1875 3628 1960 quasi

942 1967 1334 2044 immobilem,
1397 1968 1637 2035 nubium
1702 1970 1935 2059 species
1998 1973 2336 2050 ingruebat.
2443 1970 2644 2034 Testis
2708 1979 2805 2034 est
2863 1969 3027 2032 Justi
3088 1968 3298 2052 Byrgii
3358 1965 3631 2029 minister

948 2066 1467 2138 automatopoeuS,
1518 2059 1614 2139 qui
1661 2067 1970 2139 spectator
2014 2061 2161 2122 fnit:

1321 2213 1325 2217 ⁴
1842 2141 2076 2214 e§sciurilfi
2114 2143 2277 2214 51ch
2316 2142 2452 2203 Ueia
2486 2137 3010 2215 &emanet-&esem
3045 2140 3177 2204 neit
3210 2137 3397 2212 §ubi-
3416 2140 3489 2207 ⁸⁸)

1124 2237 1458 2299 Intervenit
1501 2237 1748 2299 tandem
1795 2242 1877 2298 et‘
1904 2239 2162 2319 Byrgius
2208 2240 2338 2320 ipse
2395 2239 2808 2317 cupidissimus
2874 2238 3102 2300 visendi
3162 2237 3338 2317 hujus
3383 2242 3629 2316 specta-

947 2326 1101 2402 culi,
1173 2326 1279 2388 sed
1336 2326 1464 2405 jam
1529 2327 1715 2388 nubes
1791 2327 2178 2389 densissimae
2258 2330 2449 2390 circa·
2488 2327 2852 2389 horizontem
2926 2331 3367 2407 occupaverant
3409 2323 3632 2404 ,Solem

946 2417 1282 2478 cadentem.
1399 2413 1665 2496 Cumque
1732 2417 1830 2477 diu
1895 2417 2148 2479 attentis
2211 2418 2456 2479 tandem
2515 2426 2816 2479 momento
2890 2416 3174 2497 temporis
3234 2414 3628 2485 dehiscerent‚

946 2505 1246 2569 maculam
1293 2505 1525 2584 quidem
1572 2524 1680 2567 nos
1709 2506 1919 2586 reliqui
1965 2506 2242 2569 celeriter
2287 2508 2704 2587 conspeximus
2751 2507 2966 2587 quippe
3003 2506 3134 2586 jam
3181 2503 3427 2577 assueti,
3473 2504 3632 2584 Byr-

953 2595 1113 2675 ginm
1153 2612 1314 2669 vero,
1362 2614 1534 2675 quem
1574 2603 1792 2657 testem
1821 2614 1957 2656 esse
2001 2596 2437 2677 percupiebam,
2482 2597 2618 2678 ipsa
2647 2596 2954 2675 festinatio
2991 2612 3283 2675 praeceps
3312 2601 3375 2655 et
3400 2610 3632 2655 rursum

951 2685 1155 2746 coiens
1200 2684 1439 2745 nubium
1485 2684 1686 2745 hiatus
1753 2684 2093 2765 impedivit,
2159 2694 2226 2748 ut
2272 2686 2540 2766 quamvis
2596 2687 2753 2768 stylo
2817 2692 3213 2747 monstratam
3256 2682 3552 2745 maculam
3599 2701 3636 2740 a

952 2773 1153 2852 specie
1199 2772 1440 2835 nubium
1487 2774 1996 2836 circumstantium
2043 2775 2381 2840 discernere
2430 2794 2543 2836 non
2573 2781 2799 2856 posset.
2867 2772 3013 2836 Solo
3052 2773 3206 2835 enim
3234 2780 3399 2836 motu
3427 2770 3637 2833 nubes‘

952 2862 1192 2924 macula
1255 2881 1393 2923 vero
1469 2863 1668 2944 quiete
1743 2864 2279 2927 internoscebatur.
2399 2865 2488 2925 At
2545 2864 2605 2924 in
2669 2871 2792 2925 tam

952 2950 1122 3013 brevi
1187 2951 1470 3031 temporis
1528 2960 1826 3014 momento
1882 2961 2077 3015 motus
2139 2954 2375 3015 nubium
2431 2972 2545 3014 non
2592 2951 2787 3034 potuit

954 3042 1035 3104 ab
1072 3040 1204 3120 ipso
1268 3041 1510 3121 percipi.
1595 3042 1806 3123 Itaque
1864 3044 2257 3122 phaenomeni
2315 3043 2550 3124 quidem
2606 3042 2787 3103 testis

955 3152 1093 3194 esse
1122 3149 1237 3192 non
1262 3131 1478 3211 potuit,
1516 3139 1582 3194 at
1622 3132 2114 3194 consentientium
2144 3140 2478 3195 nostrorum
2509 3132 2786 3194 testimo-

954 3223 1186 3285 niorum
1233 3220 1410 3282 testis
1456 3230 1552 3282 est
1582 3222 1946 3284 luculentus,
2976 3269 2996 3289 -,
3088 3273 3092 3281 .

1135 3312 1285 3373 Post
1330 3308 1488 3372 Solis
1535 3330 1810 3373 occasum
1855 3312 2092 3372 domum
2139 3330 2483 3373 reversurus
2537 3309 2791 3372 transivi
3092 3313 3113 3325 ““

960 3402 1120 3482 apud
1168 3399 1508 3474 Matthiam,
1560 3419 1730 3481 quem
1778 3403 2212 3480 speculatorem
2258 3401 2317 3461 in
2368 3400 2495 3461 dies
2542 3408 2793 3481 quatuor
2911 3393 2963 3408 '‘'

960 3491 1430 3563 constitueram,
1479 3491 1784 3569 rogitans,
1829 3510 1967 3551 num
2015 3490 2154 3570 quid
2202 3489 2455 3551 vidisset
2500 3489 2686 3551 oculis
2732 3488 2790 3549 in

961 3581 1165 3643 Solem
1216 3580 1404 3660 ipsum
1445 3578 1733 3642 directis?
1779 3580 1962 3654 Nihil,
2011 3579 2333 3660 inquiebat,
2382 3579 2455 3640 de
2495 3597 2607 3658 quo
2644 3578 2792 3640 certi

956 3671 1096 3752 quid
1172 3669 1425 3730 haberet
1493 3666 1803 3736 affirmare.
1922 3668 2246 3749 Spectasse
2322 3668 2558 3747 quidem
2634 3667 2795 3729 circa

954 3758 1201 3822 tertiam
1249 3759 1475 3830 horam,
1525 3766 1587 3817 et
1623 3758 1681 3820 in
1730 3765 1995 3819 extremo
2042 3757 2309 3837 margine
2342 3756 2792 3835 primo·intnitu

957 3848 1150 3911 videri
1209 3846 1430 3927 aliquid
1493 3846 1898 3916 desiderasse,
1964 3848 2069 3907 sed
2129 3846 2401 3928 repetitis
2466 3844 2791 3918 obtutibus,

956 3947 1191 4001 tantam
1259 3936 1348 3998 illi
1412 3935 1750 3997 claritatem
1819 3938 2129 4010 obortam,
2203 3946 2270 3997 ut
2329 3936 2504 4015 plane
2578 3952 2793 3994 caecus

959 4029 1155 4090 factus
1203 4026 1255 4087 si
1320 4025 1458 4105 quid
1521 4018 1699 4086 etiam
1766 4025 1978 4086 fuisset
2044 4025 2353 4105 agniturus
2412 4043 2527 4085 non
2593 4021 2790 4084 fuerit.

960 4118 1113 4181 Cum
1163 4118 1235 4177 de
1264 4116 1445 4197 plaga
1493 4114 1774 4195 marginis
1812 4133 2105 4194 rogarem,
2154 4114 2517 4195 superiorem
2562 4121 2793 4194 promte

954 4206 1306 4287 respondit:
1356 4203 1416 4264 id
1456 4214 1586 4266 erat
1632 4211 2087 4265 consentaneum
2118 4203 2210 4272 iis,
2258 4223 2413 4283 quae
2441 4203 2570 4283 ipse
2617 4201 2791 4263 vide·
3265 4277 3269 4289 ⁹
3457 4269 3529 4297 m

955 4317 1104 4361 ram.
1197 4296 1352 4357 Nam
1401 4295 1554 4375 quod
1602 4294 1796 4354 estin
1864 4294 2030 4354 radio
2094 4292 2285 4367 infra,
2347 4293 2408 4354 in
2465 4293 2634 4354 coelo
2696 4296 2792 4353 est
2885 4306 2932 4370 ¹j
3116 4321 3120 4325 ²
3172 4317 3284 4345 wm-
3473 4289 3505 4345 .ss
3601 4329 3609 4337 .

958 4405 1160 4466 supra.
1255 4382 1380 4445 Sed
1443 4403 1576 4445 cum
1637 4383 1908 4445 dextrum
1966 4401 2040 4442 an
2098 4382 2399 4443 sinistrum
2464 4381 2789 4461 marginem
3365 4373 3393 4389 ³*

946 4477 1260 4557 juberetur
1307 4473 1579 4554 prodere,
1625 4472 1798 4533 valde
1858 4470 2183 4536 haesitavit
2226 4480 2292 4531 et
2336 4473 2490 4553 quod
2540 4471 2788 4550 denique

960 4564 1189 4628 invenit
1237 4563 1542 4625 excutiens
1574 4562 1932 4635 memoriam,
1981 4561 2042 4622 id
2075 4561 2436 4623 contrarium
2476 4560 2791 4622 videbatur
2896 4629 2916 4637 ,-

959 4656 1035 4717 iis
1083 4673 1233 4736 quae
1280 4671 1393 4733 ego
1438 4652 1578 4713 vidi.
1670 4652 1824 4714 Nam
1881 4650 2021 4712 mihi
2086 4650 2323 4711 macula
2374 4650 2665 4730 vergebat
2712 4646 2790 4709 ad
2896 4653 2916 4733 :ss
3032 4733 3034 4735 Ι
3104 4709 3116 4717 q

960 4744 1269 4807 sinistram
1315 4741 1559 4804 schema
1610 4740 1985 4821 inspicienti:
2043 4739 2247 4801 debuit
2291 4739 2473 4820 igitur
2515 4740 2573 4801 in
2621 4737 2787 4798 coelo
2896 4741 2916 4821 g
2980 4749 3112 4816 ,“ῑ .
3184 4799 3187 4805 „
3281 4733 3474 4821 ¹³21.-
3528 4733 3535 4737 ’
3601 4733 3613 4737 “

961 4835 1239 4898 similiter
1299 4833 1377 4894 ad
1439 4831 1741 4892 sinistram
1808 4848 2051 4909 vergere
2124 4829 2352 4890 coelum
2427 4824 2787 4908 inspicienti,
3457 4825 3486 4839 ·’

960 4928 1095 5006 ipse
1143 4925 1220 4986 ad
1266 4924 1540 4984 dextram
1599 4918 1915 4981 deflexisse
1971 4918 2349 4999 opinabatur.
2443 4916 2567 4979 Sed
2612 4915 2787 4978 facile
2947 4909 3092 5005 3:2²
3168 4945 3180 4961 ‚,
3393 4989 3454 5001 .—
3485 4973 3525 5001 --
3597 4981 3606 4985 ,

958 5033 1042 5077 ex
1086 5011 1483 5075 haesitatione
1538 5009 1851 5088 apparuit,
1921 5008 2238 5072 memoriae
2301 5008 2535 5087 lapsum
2595 5007 2786 5091 inter·
2885 5005 3203 5093 *223
3248 5085 3253 5089 ἑ

957 5104 1165 5167 venire
1214 5102 1500 5185 potuisse.
1575 5101 1713 5178 Ipse
1743 5098 1954 5179 quippe
1989 5099 2271 5178 majorem
2305 5096 2564 5178 aliquam
2595 5112 2786 5176 quan·
2896 5103 2900 5124 ’
3020 5093 3076 5165 f
3128 5094 3144 5100 ’
3200 5153 3289 5165 ,,
3357 5153 3361 5165 ,
3505 5102 3509 5109 '

956 5196 1203 5259 titatem
1265 5191 1532 5256 maculae
1550 5234 1570 5264 ,
1628 5206 1805 5268 quam
1862 5192 1999 5251 erat
2047 5187 2171 5252 ista
2189 5223 2217 5263 ,s
2271 5186 2668 5268 quaerendam
2726 5189 2791 5245 et
