<?xml version="1.0" encoding="UTF-8"?>
<!DOCTYPE html PUBLIC "-//W3C//DTD XHTML 1.0 Transitional//EN"
    "http://www.w3.org/TR/xhtml1/DTD/xhtml1-transitional.dtd">
<html xmlns="http://www.w3.org/1999/xhtml" xml:lang="en" lang="en">
 <head>
  <title>
</title>
<meta http-equiv="Content-Type" content="text/html;charset=utf-8" />
  <meta name='ocr-system' content='tesseract 3.04.00' />
  <meta name='ocr-capabilities' content='ocr_page ocr_carea ocr_par ocr_line ocrx_word'/>
</head>
<body>
  <div class='ocr_page' id='page_1' title='image "./joanniskepleria02frisgoog_0339.png"; bbox 0 0 4584 6192; ppageno 0'>
   <div class='ocr_carea' id='block_1_1' title="bbox 567 605 1430 680">
    <p class='ocr_par' dir='ltr' id='par_1_1' title="bbox 567 605 1430 680">
     <span class='ocr_line' id='line_1_1' title="bbox 567 605 1430 680; baseline -0.008 -17"><span class='ocrx_word' id='word_1_1' title='bbox 567 610 633 680; x_wconf 74' lang='lat'><strong>326</strong></span> <span class='ocrx_word' id='word_1_2' title='bbox 1061 610 1234 659; x_wconf 64' lang='lat' dir='ltr'><strong>moeniae</strong></span> <span class='ocrx_word' id='word_1_3' title='bbox 1251 605 1314 657; x_wconf 79' lang='lat' dir='ltr'><strong>Pars</strong></span> <span class='ocrx_word' id='word_1_4' title='bbox 1332 606 1430 671; x_wconf 83' lang='lat' dir='ltr'><strong>Optlea.</strong></span> 
     </span>
    </p>
   </div>
   <div class='ocr_carea' id='block_1_2' title="bbox 566 781 1929 1135">
    <p class='ocr_par' dir='ltr' id='par_1_2' title="bbox 566 781 1929 1135">
     <span class='ocr_line' id='line_1_2' title="bbox 566 781 1925 864; baseline -0.007 -14"><span class='ocrx_word' id='word_1_5' title='bbox 566 788 700 851; x_wconf 86' lang='lat' dir='ltr'><strong>vicissim</strong></span> <span class='ocrx_word' id='word_1_6' title='bbox 724 806 779 848; x_wconf 91' lang='lat' dir='ltr'><strong>ceu</strong></span> <span class='ocrx_word' id='word_1_7' title='bbox 808 785 890 847; x_wconf 90' lang='lat' dir='ltr'><strong>saltu</strong></span> <span class='ocrx_word' id='word_1_8' title='bbox 919 784 1049 864; x_wconf 89' lang='lat' dir='ltr'><strong>quodam</strong></span> <span class='ocrx_word' id='word_1_9' title='bbox 1072 784 1280 845; x_wconf 77' lang='lat' dir='ltr'><strong>commutabit.</strong></span> <span class='ocrx_word' id='word_1_10' title='bbox 1321 783 1424 863; x_wconf 86' lang='lat' dir='ltr'><strong>Atque</strong></span> <span class='ocrx_word' id='word_1_11' title='bbox 1448 783 1504 842; x_wconf 91' lang='lat' dir='ltr'><strong>boc</strong></span> <span class='ocrx_word' id='word_1_12' title='bbox 1528 781 1629 842; x_wconf 90' lang='lat' dir='ltr'><strong>dicent</strong></span> <span class='ocrx_word' id='word_1_13' title='bbox 1652 781 1754 861; x_wconf 90' lang='lat' dir='ltr'><strong>optici,</strong></span> <span class='ocrx_word' id='word_1_14' title='bbox 1779 787 1925 842; x_wconf 91' lang='lat' dir='ltr'><strong>astrono-</strong></span> 
     </span>
     <span class='ocr_line' id='line_1_3' title="bbox 567 868 1922 949; baseline -0.008 -9"><span class='ocrx_word' id='word_1_15' title='bbox 567 896 683 940; x_wconf 86' lang='lat' dir='ltr'>morum</span> <span class='ocrx_word' id='word_1_16' title='bbox 705 875 800 936; x_wconf 85' lang='lat' dir='ltr'><strong>verba</strong></span> <span class='ocrx_word' id='word_1_17' title='bbox 826 873 952 947; x_wconf 91' lang='lat' dir='ltr'><strong>imitati,</strong></span> <span class='ocrx_word' id='word_1_18' title='bbox 977 873 1302 933; x_wconf 89' lang='lat' dir='ltr'><strong>commutationem</strong></span> <span class='ocrx_word' id='word_1_19' title='bbox 1325 871 1439 944; x_wconf 86' lang='lat' dir='ltr'><strong>visne,</strong></span> <span class='ocrx_word' id='word_1_20' title='bbox 1467 889 1520 931; x_wconf 91' lang='lat' dir='ltr'><strong>seu</strong></span> <span class='ocrx_word' id='word_1_21' title='bbox 1546 868 1667 932; x_wconf 89' lang='lat' dir='ltr'><strong>Graeca</strong></span> <span class='ocrx_word' id='word_1_22' title='bbox 1694 888 1770 931; x_wconf 86' lang='lat' dir='ltr'><strong>voce</strong></span> <span class='ocrx_word' id='word_1_23' title='bbox 1797 868 1922 949; x_wconf 89' lang='lat' dir='ltr'><strong>paral-</strong></span> 
     </span>
     <span class='ocr_line' id='line_1_4' title="bbox 568 957 1929 1040; baseline -0.007 -11"><span class='ocrx_word' id='word_1_24' title='bbox 568 966 682 1029; x_wconf 83' lang='lat' dir='ltr'><strong>lariu.</strong></span> <span class='ocrx_word' id='word_1_25' title='bbox 729 963 956 1026; x_wconf 86' lang='lat' dir='ltr'><strong>Demonstratio</strong></span> <span class='ocrx_word' id='word_1_26' title='bbox 979 979 1054 1040; x_wconf 87' lang='lat' dir='ltr'><strong>pene</strong></span> <span class='ocrx_word' id='word_1_27' title='bbox 1078 963 1184 1022; x_wconf 90' lang='lat' dir='ltr'><strong>eadem</strong></span> <span class='ocrx_word' id='word_1_28' title='bbox 1207 968 1263 1033; x_wconf 86' lang='lat' dir='ltr'><strong>est,</strong></span> <span class='ocrx_word' id='word_1_29' title='bbox 1290 979 1378 1039; x_wconf 90' lang='lat' dir='ltr'><strong>quam</strong></span> <span class='ocrx_word' id='word_1_30' title='bbox 1402 977 1493 1038; x_wconf 90' lang='lat' dir='ltr'><strong>supra</strong></span> <span class='ocrx_word' id='word_1_31' title='bbox 1515 977 1583 1039; x_wconf 85' lang='lat' dir='ltr'><strong>cap.</strong></span> <span class='ocrx_word' id='word_1_32' title='bbox 1600 960 1639 1021; x_wconf 90' lang='lat' dir='ltr'><strong>V.</strong></span> <span class='ocrx_word' id='word_1_33' title='bbox 1664 977 1748 1038; x_wconf 84' lang='lat' dir='ltr'><strong>prop.</strong></span> <span class='ocrx_word' id='word_1_34' title='bbox 1770 957 1801 1019; x_wconf 89' lang='grc'><strong>7.</strong></span> <span class='ocrx_word' id='word_1_35' title='bbox 1826 957 1929 1020; x_wconf 91' lang='lat' dir='ltr'><strong>obiter</strong></span> 
     </span>
     <span class='ocr_line' id='line_1_5' title="bbox 568 1048 1927 1135; baseline -0.007 -19"><span class='ocrx_word' id='word_1_36' title='bbox 568 1053 659 1117; x_wconf 83' lang='lat' dir='ltr'><strong>attuli</strong></span> <span class='ocrx_word' id='word_1_37' title='bbox 681 1072 773 1135; x_wconf 90' lang='lat' dir='ltr'><strong>super</strong></span> <span class='ocrx_word' id='word_1_38' title='bbox 794 1053 980 1134; x_wconf 80' lang='lat' dir='ltr'><strong>problemate</strong></span> <span class='ocrx_word' id='word_1_39' title='bbox 1000 1050 1177 1112; x_wconf 87' lang='lat' dir='ltr'><strong>Aristotelis</strong></span> <span class='ocrx_word' id='word_1_40' title='bbox 1202 1051 1238 1110; x_wconf 93' lang='lat' dir='ltr'><strong>de</strong></span> <span class='ocrx_word' id='word_1_41' title='bbox 1263 1049 1415 1128; x_wconf 87' lang='lat' dir='ltr'><strong>geminata</strong></span> <span class='ocrx_word' id='word_1_42' title='bbox 1438 1049 1549 1127; x_wconf 88' lang='lat' dir='ltr'><strong>specie.</strong></span> <span class='ocrx_word' id='word_1_43' title='bbox 1595 1049 1703 1109; x_wconf 83' lang='lat' dir='ltr'><strong>Dicam</strong></span> <span class='ocrx_word' id='word_1_44' title='bbox 1725 1048 1830 1127; x_wconf 91' lang='lat' dir='ltr'><strong>itaque</strong></span> <span class='ocrx_word' id='word_1_45' title='bbox 1854 1048 1927 1128; x_wconf 92' lang='lat' dir='ltr'><strong>quid</strong></span> 
     </span>
    </p>
   </div>
   <div class='ocr_carea' id='block_1_3' title="bbox 567 1136 1927 1313">
    <p class='ocr_par' dir='ltr' id='par_1_3' title="bbox 567 1136 1927 1313">
     <span class='ocr_line' id='line_1_6' title="bbox 568 1136 1927 1219; baseline -0.007 -13"><span class='ocrx_word' id='word_1_46' title='bbox 568 1143 668 1206; x_wconf 90' lang='lat' dir='ltr'><strong>simile</strong></span> <span class='ocrx_word' id='word_1_47' title='bbox 690 1141 777 1204; x_wconf 89' lang='lat' dir='ltr'><strong>nobis</strong></span> <span class='ocrx_word' id='word_1_48' title='bbox 799 1142 830 1203; x_wconf 92' lang='lat' dir='ltr'><strong>iu</strong></span> <span class='ocrx_word' id='word_1_49' title='bbox 854 1140 1108 1219; x_wconf 88' lang='lat' dir='ltr'><strong>contemplatione</strong></span> <span class='ocrx_word' id='word_1_50' title='bbox 1140 1140 1271 1200; x_wconf 88' lang='lat' dir='ltr'><strong>sidemm</strong></span> <span class='ocrx_word' id='word_1_51' title='bbox 1303 1139 1439 1211; x_wconf 90' lang='lat' dir='ltr'><strong>accidat;</strong></span> <span class='ocrx_word' id='word_1_52' title='bbox 1470 1145 1504 1198; x_wconf 93' lang='lat' dir='ltr'><strong>ut</strong></span> <span class='ocrx_word' id='word_1_53' title='bbox 1527 1139 1632 1216; x_wconf 90' lang='lat' dir='ltr'><strong>plene,</strong></span> <span class='ocrx_word' id='word_1_54' title='bbox 1666 1137 1735 1218; x_wconf 89' lang='lat' dir='ltr'><strong>quid</strong></span> <span class='ocrx_word' id='word_1_55' title='bbox 1759 1136 1927 1199; x_wconf 77' lang='lat' dir='ltr'><strong>astronomi</strong></span> 
     </span>
     <span class='ocr_line' id='line_1_7' title="bbox 567 1231 1048 1313; baseline -0.006 -19"><span class='ocrx_word' id='word_1_56' title='bbox 567 1231 739 1313; x_wconf 80' lang='lat' dir='ltr'><strong>parallaxin</strong></span> <span class='ocrx_word' id='word_1_57' title='bbox 762 1231 874 1299; x_wconf 83' lang='lat' dir='ltr'><strong>dicant,</strong></span> <span class='ocrx_word' id='word_1_58' title='bbox 897 1237 1048 1310; x_wconf 80' lang='lat' dir='ltr'><strong>patescat.</strong></span> 
     </span>
    </p>
   </div>
   <div class='ocr_carea' id='block_1_4' title="bbox 682 1366 1812 1519">
    <p class='ocr_par' dir='ltr' id='par_1_4' title="bbox 682 1366 1812 1519">
     <span class='ocr_line' id='line_1_8' title="bbox 682 1366 1812 1451; baseline -0.006 -15"><span class='ocrx_word' id='word_1_59' title='bbox 682 1370 714 1437; x_wconf 80' lang='lat'><strong>3.</strong></span> <span class='ocrx_word' id='word_1_60' title='bbox 751 1372 803 1434; x_wconf 89' lang='lat' dir='ltr'><strong>De</strong></span> <span class='ocrx_word' id='word_1_61' title='bbox 825 1369 1014 1451; x_wconf 83' lang='lat' dir='ltr'><strong>parallaxi</strong></span> <span class='ocrx_word' id='word_1_62' title='bbox 1038 1366 1255 1450; x_wconf 91' lang='lat' dir='ltr'><strong>quotidiana</strong></span> <span class='ocrx_word' id='word_1_63' title='bbox 1279 1367 1321 1429; x_wconf 92' lang='lat' dir='ltr'><strong>ob</strong></span> <span class='ocrx_word' id='word_1_64' title='bbox 1345 1366 1567 1429; x_wconf 88' lang='lat' dir='ltr'><strong>distantiam</strong></span> <span class='ocrx_word' id='word_1_65' title='bbox 1589 1366 1812 1449; x_wconf 89' lang='lat' dir='ltr'><strong>superficiei</strong></span> 
     </span>
     <span class='ocr_line' id='line_1_9' title="bbox 1076 1458 1416 1519; baseline -0.006 0"><span class='ocrx_word' id='word_1_66' title='bbox 1076 1458 1214 1519; x_wconf 87' lang='lat' dir='ltr'><strong>Terrae</strong></span> <span class='ocrx_word' id='word_1_67' title='bbox 1238 1477 1258 1517; x_wconf 89' lang='lat' dir='ltr'><strong>a</strong></span> <span class='ocrx_word' id='word_1_68' title='bbox 1280 1465 1416 1518; x_wconf 90' lang='lat' dir='ltr'><strong>centro.</strong></span> 
     </span>
    </p>
   </div>
   <div class='ocr_carea' id='block_1_5' title="bbox 558 1579 1929 5217">
    <p class='ocr_par' dir='ltr' id='par_1_5' title="bbox 558 1579 1928 2105">
     <span class='ocr_line' id='line_1_10' title="bbox 558 1579 1928 1671; baseline -0.004 -24"><span class='ocrx_word' id='word_1_69' title='bbox 558 1648 563 1671; x_wconf 44' lang='lat'>¹</span> <span class='ocrx_word' id='word_1_70' title='bbox 656 1585 699 1647; x_wconf 87' lang='lat' dir='ltr'><strong>Et</strong></span> <span class='ocrx_word' id='word_1_71' title='bbox 722 1583 834 1646; x_wconf 87' lang='lat' dir='ltr'><strong>dictum</strong></span> <span class='ocrx_word' id='word_1_72' title='bbox 858 1590 907 1645; x_wconf 90' lang='lat' dir='ltr'><strong>est</strong></span> <span class='ocrx_word' id='word_1_73' title='bbox 928 1581 1019 1662; x_wconf 89' lang='lat' dir='ltr'><strong>paulo</strong></span> <span class='ocrx_word' id='word_1_74' title='bbox 1042 1587 1124 1653; x_wconf 88' lang='lat' dir='ltr'><strong>ante,</strong></span> <span class='ocrx_word' id='word_1_75' title='bbox 1150 1580 1312 1642; x_wconf 87' lang='lat' dir='ltr'><strong>diametros</strong></span> <span class='ocrx_word' id='word_1_76' title='bbox 1336 1579 1413 1642; x_wconf 88' lang='lat' dir='ltr'><strong>oculi</strong></span> <span class='ocrx_word' id='word_1_77' title='bbox 1437 1579 1590 1660; x_wconf 89' lang='lat' dir='ltr'><strong>utriusque</strong></span> <span class='ocrx_word' id='word_1_78' title='bbox 1605 1580 1770 1658; x_wconf 85' lang='lat' dir='ltr'><strong>parallelos</strong></span> <span class='ocrx_word' id='word_1_79' title='bbox 1794 1579 1833 1640; x_wconf 90' lang='lat' dir='ltr'><strong>ad</strong></span> <span class='ocrx_word' id='word_1_80' title='bbox 1853 1599 1928 1641; x_wconf 91' lang='lat' dir='ltr'><strong>seu-</strong></span> 
     </span>
     <span class='ocr_line' id='line_1_11' title="bbox 569 1661 1927 1749; baseline -0.006 -13"><span class='ocrx_word' id='word_1_81' title='bbox 569 1693 635 1736; x_wconf 91' lang='lat' dir='ltr'><strong>sum</strong></span> <span class='ocrx_word' id='word_1_82' title='bbox 656 1673 813 1746; x_wconf 89' lang='lat' dir='ltr'><strong>incedere,</strong></span> <span class='ocrx_word' id='word_1_83' title='bbox 842 1672 867 1732; x_wconf 91' lang='lat' dir='ltr'><strong>si</strong></span> <span class='ocrx_word' id='word_1_84' title='bbox 890 1671 974 1733; x_wconf 89' lang='lat' dir='ltr'><strong>visus</strong></span> <span class='ocrx_word' id='word_1_85' title='bbox 999 1671 1037 1732; x_wconf 91' lang='lat' dir='ltr'><strong>ad</strong></span> <span class='ocrx_word' id='word_1_86' title='bbox 1061 1670 1192 1730; x_wconf 91' lang='lat' dir='ltr'><strong>sidemm</strong></span> <span class='ocrx_word' id='word_1_87' title='bbox 1215 1661 1336 1749; x_wconf 78' lang='lat' dir='ltr'><strong>aliquod</strong></span> <span class='ocrx_word' id='word_1_88' title='bbox 1367 1668 1524 1749; x_wconf 84' lang='lat' dir='ltr'><strong>dirigatur.</strong></span> <span class='ocrx_word' id='word_1_89' title='bbox 1570 1669 1678 1748; x_wconf 89' lang='lat' dir='ltr'><strong>Itaque</strong></span> <span class='ocrx_word' id='word_1_90' title='bbox 1709 1668 1833 1730; x_wconf 91' lang='lat' dir='ltr'><strong>sublata</strong></span> <span class='ocrx_word' id='word_1_91' title='bbox 1857 1669 1927 1729; x_wconf 89' lang='lat' dir='ltr'><strong>dia-</strong></span> 
     </span>
     <span class='ocr_line' id='line_1_12' title="bbox 569 1758 1928 1837; baseline -0.007 -12"><span class='ocrx_word' id='word_1_92' title='bbox 569 1771 733 1826; x_wconf 85' lang='lat' dir='ltr'><strong>metrorum</strong></span> <span class='ocrx_word' id='word_1_93' title='bbox 757 1760 949 1823; x_wconf 84' lang='lat' dir='ltr'><strong>inclinatione</strong></span> <span class='ocrx_word' id='word_1_94' title='bbox 973 1760 1089 1820; x_wconf 91' lang='lat' dir='ltr'><strong>tollitur</strong></span> <span class='ocrx_word' id='word_1_95' title='bbox 1108 1759 1243 1837; x_wconf 87' lang='lat' dir='ltr'><strong>dignotio</strong></span> <span class='ocrx_word' id='word_1_96' title='bbox 1267 1758 1432 1819; x_wconf 85' lang='lat' dir='ltr'><strong>distantiae</strong></span> <span class='ocrx_word' id='word_1_97' title='bbox 1456 1758 1564 1818; x_wconf 90' lang='lat' dir='ltr'><strong>sideris</strong></span> <span class='ocrx_word' id='word_1_98' title='bbox 1588 1758 1627 1818; x_wconf 89' lang='lat' dir='ltr'><strong>ab</strong></span> <span class='ocrx_word' id='word_1_99' title='bbox 1650 1759 1746 1829; x_wconf 92' lang='lat' dir='ltr'><strong>oculo,</strong></span> <span class='ocrx_word' id='word_1_100' title='bbox 1771 1776 1825 1819; x_wconf 86' lang='lat' dir='ltr'><strong>sen</strong></span> <span class='ocrx_word' id='word_1_101' title='bbox 1849 1758 1928 1818; x_wconf 90' lang='lat' dir='ltr'><strong>situs</strong></span> 
     </span>
     <span class='ocr_line' id='line_1_13' title="bbox 568 1845 1927 1931; baseline -0.005 -17"><span class='ocrx_word' id='word_1_102' title='bbox 568 1852 634 1931; x_wconf 89' lang='lat' dir='ltr'><strong>ejus</strong></span> <span class='ocrx_word' id='word_1_103' title='bbox 657 1860 797 1931; x_wconf 90' lang='lat' dir='ltr'><strong>respectu</strong></span> <span class='ocrx_word' id='word_1_104' title='bbox 820 1849 959 1912; x_wconf 89' lang='lat' dir='ltr'><strong>diametri</strong></span> <span class='ocrx_word' id='word_1_105' title='bbox 982 1847 1093 1910; x_wconf 90' lang='lat' dir='ltr'><strong>muudi.</strong></span> <span class='ocrx_word' id='word_1_106' title='bbox 1139 1846 1232 1909; x_wconf 83' lang='lat' dir='ltr'><strong>Etsi</strong></span> <span class='ocrx_word' id='word_1_107' title='bbox 1255 1848 1313 1908; x_wconf 93' lang='lat' dir='ltr'><strong>dno</strong></span> <span class='ocrx_word' id='word_1_108' title='bbox 1337 1847 1438 1908; x_wconf 90' lang='lat' dir='ltr'><strong>sidera</strong></span> <span class='ocrx_word' id='word_1_109' title='bbox 1461 1847 1572 1907; x_wconf 84' lang='lat' dir='ltr'><strong>luerint</strong></span> <span class='ocrx_word' id='word_1_110' title='bbox 1601 1845 1640 1906; x_wconf 89' lang='lat' dir='ltr'><strong>ad</strong></span> <span class='ocrx_word' id='word_1_111' title='bbox 1664 1847 1761 1907; x_wconf 86' lang='lat' dir='ltr'><strong>visum</strong></span> <span class='ocrx_word' id='word_1_112' title='bbox 1789 1854 1927 1908; x_wconf 89' lang='lat' dir='ltr'><strong>uostmm</strong></span> 
     </span>
     <span class='ocr_line' id='line_1_14' title="bbox 567 1935 1927 2016; baseline -0.006 -13"><span class='ocrx_word' id='word_1_113' title='bbox 567 1942 597 2003; x_wconf 91' lang='lat' dir='ltr'><strong>iu</strong></span> <span class='ocrx_word' id='word_1_114' title='bbox 621 1941 728 2002; x_wconf 89' lang='lat' dir='ltr'><strong>eadem</strong></span> <span class='ocrx_word' id='word_1_115' title='bbox 752 1938 840 2012; x_wconf 86' lang='lat' dir='ltr'><strong>linea,</strong></span> <span class='ocrx_word' id='word_1_116' title='bbox 865 1938 948 2001; x_wconf 84' lang='lat' dir='ltr'><strong>visus</strong></span> <span class='ocrx_word' id='word_1_117' title='bbox 971 1945 1084 2008; x_wconf 89' lang='lat' dir='ltr'><strong>noster,</strong></span> <span class='ocrx_word' id='word_1_118' title='bbox 1108 1936 1243 2016; x_wconf 83' lang='lat' dir='ltr'><strong>quamvis</strong></span> <span class='ocrx_word' id='word_1_119' title='bbox 1267 1936 1411 1997; x_wconf 89' lang='lat' dir='ltr'><strong>ambobus</strong></span> <span class='ocrx_word' id='word_1_120' title='bbox 1435 1935 1530 1997; x_wconf 92' lang='lat' dir='ltr'><strong>oculis</strong></span> <span class='ocrx_word' id='word_1_121' title='bbox 1554 1954 1643 2010; x_wconf 92' lang='lat' dir='ltr'><strong>usus,</strong></span> <span class='ocrx_word' id='word_1_122' title='bbox 1668 1936 1747 1997; x_wconf 83' lang='lat' dir='ltr'><strong>iuter</strong></span> <span class='ocrx_word' id='word_1_123' title='bbox 1769 1935 1927 2015; x_wconf 88' lang='lat' dir='ltr'><strong>utriusque</strong></span> 
     </span>
     <span class='ocr_line' id='line_1_15' title="bbox 568 2025 1654 2105; baseline -0.006 -13"><span class='ocrx_word' id='word_1_124' title='bbox 568 2030 764 2092; x_wconf 84' lang='lat' dir='ltr'><strong>remotionem</strong></span> <span class='ocrx_word' id='word_1_125' title='bbox 787 2027 938 2089; x_wconf 88' lang='lat' dir='ltr'><strong>diversam</strong></span> <span class='ocrx_word' id='word_1_126' title='bbox 961 2047 1020 2088; x_wconf 94' lang='lat' dir='ltr'><strong>non</strong></span> <span class='ocrx_word' id='word_1_127' title='bbox 1044 2026 1242 2104; x_wconf 87' lang='lat' dir='ltr'><strong>distinguens,</strong></span> <span class='ocrx_word' id='word_1_128' title='bbox 1266 2025 1386 2105; x_wconf 90' lang='lat' dir='ltr'><strong>putabit</strong></span> <span class='ocrx_word' id='word_1_129' title='bbox 1407 2025 1461 2086; x_wconf 91' lang='lat' dir='ltr'><strong>illa</strong></span> <span class='ocrx_word' id='word_1_130' title='bbox 1484 2026 1654 2104; x_wconf 79' lang='lat' dir='ltr'><strong>conjuncta</strong></span> 
     </span>
    </p>

    <p class='ocr_par' dir='ltr' id='par_1_6' title="bbox 568 2113 1928 2449">
     <span class='ocr_line' id='line_1_16' title="bbox 657 2113 1928 2199; baseline -0.006 -18"><span class='ocrx_word' id='word_1_131' title='bbox 657 2119 723 2181; x_wconf 87' lang='lat' dir='ltr'><strong>Hoc</strong></span> <span class='ocrx_word' id='word_1_132' title='bbox 746 2125 836 2199; x_wconf 83' lang='lat' dir='ltr'><strong>pacto</strong></span> <span class='ocrx_word' id='word_1_133' title='bbox 861 2116 978 2191; x_wconf 89' lang='lat' dir='ltr'><strong>evenit,</strong></span> <span class='ocrx_word' id='word_1_134' title='bbox 1011 2123 1045 2175; x_wconf 93' lang='lat' dir='ltr'><strong>ut</strong></span> <span class='ocrx_word' id='word_1_135' title='bbox 1067 2114 1185 2176; x_wconf 90' lang='lat' dir='ltr'><strong>Lunam</strong></span> <span class='ocrx_word' id='word_1_136' title='bbox 1208 2124 1241 2176; x_wconf 91' lang='lat' dir='ltr'><strong>et</strong></span> <span class='ocrx_word' id='word_1_137' title='bbox 1263 2133 1368 2175; x_wconf 85' lang='lat' dir='ltr'><strong>omues</strong></span> <span class='ocrx_word' id='word_1_138' title='bbox 1394 2114 1535 2195; x_wconf 89' lang='lat' dir='ltr'><strong>planetas</strong></span> <span class='ocrx_word' id='word_1_139' title='bbox 1565 2113 1621 2175; x_wconf 91' lang='lat' dir='ltr'><strong>sub</strong></span> <span class='ocrx_word' id='word_1_140' title='bbox 1646 2115 1771 2175; x_wconf 85' lang='lat' dir='ltr'><strong>lixarum</strong></span> <span class='ocrx_word' id='word_1_141' title='bbox 1792 2113 1928 2193; x_wconf 88' lang='lat' dir='ltr'><strong>sphaera</strong></span> 
     </span>
     <span class='ocr_line' id='line_1_17' title="bbox 571 2203 1927 2288; baseline -0.006 -17"><span class='ocrx_word' id='word_1_142' title='bbox 571 2209 689 2271; x_wconf 87' lang='lat' dir='ltr'><strong>locatos</strong></span> <span class='ocrx_word' id='word_1_143' title='bbox 712 2217 861 2288; x_wconf 90' lang='lat' dir='ltr'><strong>putemus,</strong></span> <span class='ocrx_word' id='word_1_144' title='bbox 885 2205 957 2267; x_wconf 94' lang='lat' dir='ltr'><strong>nihil</strong></span> <span class='ocrx_word' id='word_1_145' title='bbox 982 2206 1145 2284; x_wconf 88' lang='lat' dir='ltr'><strong>adjuvante</strong></span> <span class='ocrx_word' id='word_1_146' title='bbox 1170 2223 1224 2265; x_wconf 91' lang='lat' dir='ltr'><strong>nos</strong></span> <span class='ocrx_word' id='word_1_147' title='bbox 1248 2204 1396 2265; x_wconf 89' lang='lat' dir='ltr'><strong>distantia</strong></span> <span class='ocrx_word' id='word_1_148' title='bbox 1418 2203 1580 2265; x_wconf 91' lang='lat' dir='ltr'><strong>oculomm.</strong></span> <span class='ocrx_word' id='word_1_149' title='bbox 1627 2204 1730 2284; x_wconf 86' lang='lat' dir='ltr'><strong>Atque</strong></span> <span class='ocrx_word' id='word_1_150' title='bbox 1752 2203 1809 2264; x_wconf 91' lang='lat' dir='ltr'><strong>boo</strong></span> <span class='ocrx_word' id='word_1_151' title='bbox 1832 2212 1927 2282; x_wconf 90' lang='lat' dir='ltr'><strong>pacto</strong></span> 
     </span>
     <span class='ocr_line' id='line_1_18' title="bbox 568 2292 1928 2373; baseline -0.006 -13"><span class='ocrx_word' id='word_1_152' title='bbox 568 2298 653 2359; x_wconf 88' lang='lat' dir='ltr'><strong>visus</strong></span> <span class='ocrx_word' id='word_1_153' title='bbox 676 2304 779 2360; x_wconf 90' lang='lat' dir='ltr'><strong>noster</strong></span> <span class='ocrx_word' id='word_1_154' title='bbox 806 2296 836 2357; x_wconf 92' lang='lat' dir='ltr'><strong>iu</strong></span> <span class='ocrx_word' id='word_1_155' title='bbox 869 2294 1058 2357; x_wconf 86' lang='lat' dir='ltr'><strong>aestimando</strong></span> <span class='ocrx_word' id='word_1_156' title='bbox 1091 2293 1153 2355; x_wconf 90' lang='lat' dir='ltr'><strong>situ</strong></span> <span class='ocrx_word' id='word_1_157' title='bbox 1184 2294 1373 2373; x_wconf 88' lang='lat' dir='ltr'><strong>planetarum</strong></span> <span class='ocrx_word' id='word_1_158' title='bbox 1404 2312 1499 2355; x_wconf 89' lang='lat' dir='ltr'><strong>causa</strong></span> <span class='ocrx_word' id='word_1_159' title='bbox 1530 2294 1671 2355; x_wconf 88' lang='lat' dir='ltr'><strong>diametri</strong></span> <span class='ocrx_word' id='word_1_160' title='bbox 1702 2292 1804 2353; x_wconf 92' lang='lat' dir='ltr'><strong>mundi</strong></span> <span class='ocrx_word' id='word_1_161' title='bbox 1835 2292 1928 2372; x_wconf 90' lang='lat' dir='ltr'><strong>plane</strong></span> 
     </span>
     <span class='ocr_line' id='line_1_19' title="bbox 568 2387 699 2449; baseline -0.008 0"><span class='ocrx_word' id='word_1_162' title='bbox 568 2387 699 2449; x_wconf 86' lang='lat' dir='ltr'><strong>aberret.</strong></span> 
     </span>
    </p>

    <p class='ocr_par' dir='ltr' id='par_1_7' title="bbox 560 2471 1929 5217">
     <span class='ocr_line' id='line_1_20' title="bbox 657 2471 1927 2537; baseline 0 -1"><span class='ocrx_word' id='word_1_163' title='bbox 657 2475 745 2537; x_wconf 86' lang='lat' dir='ltr'><strong>Hunc</strong></span> <span class='ocrx_word' id='word_1_164' title='bbox 777 2493 885 2536; x_wconf 90' lang='lat' dir='ltr'><strong>seusus</strong></span> <span class='ocrx_word' id='word_1_165' title='bbox 917 2472 1001 2534; x_wconf 82' lang='lat' dir='ltr'><strong>visus</strong></span> <span class='ocrx_word' id='word_1_166' title='bbox 1032 2472 1183 2532; x_wconf 85' lang='lat' dir='ltr'><strong>delectum</strong></span> <span class='ocrx_word' id='word_1_167' title='bbox 1213 2478 1323 2534; x_wconf 91' lang='lat' dir='ltr'><strong>natura</strong></span> <span class='ocrx_word' id='word_1_168' title='bbox 1352 2491 1467 2534; x_wconf 90' lang='lat' dir='ltr'><strong>mrsum</strong></span> <span class='ocrx_word' id='word_1_169' title='bbox 1500 2471 1668 2534; x_wconf 86' lang='lat' dir='ltr'><strong>admirabili</strong></span> <span class='ocrx_word' id='word_1_170' title='bbox 1702 2472 1927 2536; x_wconf 86' lang='lat' dir='ltr'><strong>machinatione</strong></span> 
     </span>
     <span class='ocr_line' id='line_1_21' title="bbox 567 2560 1927 2644; baseline -0.001 -17"><span class='ocrx_word' id='word_1_171' title='bbox 567 2566 717 2627; x_wconf 86' lang='lat' dir='ltr'><strong>sublevat.</strong></span> <span class='ocrx_word' id='word_1_172' title='bbox 763 2563 850 2625; x_wconf 90' lang='lat' dir='ltr'><strong>Haeo</strong></span> <span class='ocrx_word' id='word_1_173' title='bbox 872 2561 950 2623; x_wconf 87' lang='lat' dir='ltr'><strong>euim</strong></span> <span class='ocrx_word' id='word_1_174' title='bbox 974 2560 1093 2622; x_wconf 90' lang='lat' dir='ltr'><strong>omniuo</strong></span> <span class='ocrx_word' id='word_1_175' title='bbox 1117 2561 1258 2622; x_wconf 88' lang='lat' dir='ltr'><strong>voluntas</strong></span> <span class='ocrx_word' id='word_1_176' title='bbox 1282 2562 1338 2623; x_wconf 82' lang='lat' dir='ltr'><strong>snit</strong></span> <span class='ocrx_word' id='word_1_177' title='bbox 1361 2562 1418 2623; x_wconf 90' lang='lat' dir='ltr'><strong>Dei</strong></span> <span class='ocrx_word' id='word_1_178' title='bbox 1442 2560 1614 2635; x_wconf 86' lang='lat' dir='ltr'><strong>Creatoris,</strong></span> <span class='ocrx_word' id='word_1_179' title='bbox 1639 2570 1673 2622; x_wconf 93' lang='lat' dir='ltr'><strong>ut</strong></span> <span class='ocrx_word' id='word_1_180' title='bbox 1696 2563 1801 2638; x_wconf 91' lang='lat' dir='ltr'><strong>bomo,</strong></span> <span class='ocrx_word' id='word_1_181' title='bbox 1825 2565 1927 2644; x_wconf 88' lang='lat' dir='ltr'><strong>imago</strong></span> 
     </span>
     <span class='ocr_line' id='line_1_22' title="bbox 568 2649 1927 2733; baseline -0.001 -16"><span class='ocrx_word' id='word_1_182' title='bbox 568 2674 634 2731; x_wconf 93' lang='lat' dir='ltr'><strong>sna,</strong></span> <span class='ocrx_word' id='word_1_183' title='bbox 659 2652 763 2716; x_wconf 87' lang='lat' dir='ltr'><strong>oculos</strong></span> <span class='ocrx_word' id='word_1_184' title='bbox 786 2652 825 2714; x_wconf 94' lang='lat' dir='ltr'><strong>ab</strong></span> <span class='ocrx_word' id='word_1_185' title='bbox 848 2649 896 2713; x_wconf 93' lang='lat' dir='ltr'><strong>his</strong></span> <span class='ocrx_word' id='word_1_186' title='bbox 919 2650 1048 2712; x_wconf 89' lang='lat' dir='ltr'><strong>terrenis</strong></span> <span class='ocrx_word' id='word_1_187' title='bbox 1073 2649 1112 2710; x_wconf 92' lang='lat' dir='ltr'><strong>ad</strong></span> <span class='ocrx_word' id='word_1_188' title='bbox 1144 2650 1197 2712; x_wconf 91' lang='lat' dir='ltr'><strong>illa</strong></span> <span class='ocrx_word' id='word_1_189' title='bbox 1220 2650 1367 2712; x_wconf 89' lang='lat' dir='ltr'><strong>coelestia</strong></span> <span class='ocrx_word' id='word_1_190' title='bbox 1396 2652 1551 2714; x_wconf 88' lang='lat' dir='ltr'><strong>attolleret</strong></span> <span class='ocrx_word' id='word_1_191' title='bbox 1580 2660 1726 2731; x_wconf 89' lang='lat' dir='ltr'><strong>tantaque</strong></span> <span class='ocrx_word' id='word_1_192' title='bbox 1757 2655 1927 2733; x_wconf 87' lang='lat' dir='ltr'><strong>sapientiae</strong></span> 
     </span>
     <span class='ocr_line' id='line_1_23' title="bbox 568 2738 1927 2819; baseline 0 -14"><span class='ocrx_word' id='word_1_193' title='bbox 568 2762 643 2806; x_wconf 89' lang='lat' dir='ltr'><strong>snae</strong></span> <span class='ocrx_word' id='word_1_194' title='bbox 666 2749 860 2803; x_wconf 89' lang='lat' dir='ltr'><strong>monumenta</strong></span> <span class='ocrx_word' id='word_1_195' title='bbox 882 2738 1042 2819; x_wconf 90' lang='lat' dir='ltr'><strong>diligenter</strong></span> <span class='ocrx_word' id='word_1_196' title='bbox 1065 2740 1328 2819; x_wconf 89' lang='lat' dir='ltr'><strong>contemplaretur.</strong></span> <span class='ocrx_word' id='word_1_197' title='bbox 1365 2741 1432 2803; x_wconf 87' lang='lat' dir='ltr'><strong>Huc</strong></span> <span class='ocrx_word' id='word_1_198' title='bbox 1456 2741 1552 2803; x_wconf 92' lang='lat' dir='ltr'><strong>omnis</strong></span> <span class='ocrx_word' id='word_1_199' title='bbox 1576 2740 1733 2803; x_wconf 86' lang='lat' dir='ltr'><strong>machinae</strong></span> <span class='ocrx_word' id='word_1_200' title='bbox 1756 2744 1927 2806; x_wconf 87' lang='lat' dir='ltr'><strong>mundanae</strong></span> 
     </span>
     <span class='ocr_line' id='line_1_24' title="bbox 569 2827 1928 2911; baseline 0 -17"><span class='ocrx_word' id='word_1_201' title='bbox 569 2830 740 2894; x_wconf 87' lang='lat' dir='ltr'><strong>distributio</strong></span> <span class='ocrx_word' id='word_1_202' title='bbox 769 2830 884 2904; x_wconf 90' lang='lat' dir='ltr'><strong>tendit,</strong></span> <span class='ocrx_word' id='word_1_203' title='bbox 918 2836 953 2890; x_wconf 92' lang='lat' dir='ltr'><strong>ut</strong></span> <span class='ocrx_word' id='word_1_204' title='bbox 981 2827 1068 2890; x_wconf 87' lang='lat' dir='ltr'><strong>uobis</strong></span> <span class='ocrx_word' id='word_1_205' title='bbox 1100 2827 1178 2890; x_wconf 85' lang='lat' dir='ltr'><strong>hauc</strong></span> <span class='ocrx_word' id='word_1_206' title='bbox 1201 2827 1359 2892; x_wconf 86' lang='lat' dir='ltr'><strong>Creatoris</strong></span> <span class='ocrx_word' id='word_1_207' title='bbox 1387 2830 1574 2892; x_wconf 85' lang='lat' dir='ltr'><strong>voluntatem</strong></span> <span class='ocrx_word' id='word_1_208' title='bbox 1606 2831 1693 2911; x_wconf 85' lang='lat' dir='ltr'><strong>quasi</strong></span> <span class='ocrx_word' id='word_1_209' title='bbox 1716 2850 1790 2893; x_wconf 89' lang='lat' dir='ltr'><strong>voce</strong></span> <span class='ocrx_word' id='word_1_210' title='bbox 1814 2834 1928 2894; x_wconf 86' lang='lat' dir='ltr'><strong>emissa</strong></span> 
     </span>
     <span class='ocr_line' id='line_1_25' title="bbox 567 2917 1926 3000; baseline -0.001 -17"><span class='ocrx_word' id='word_1_211' title='bbox 567 2928 715 2983; x_wconf 85' lang='lat' dir='ltr'><strong>testatam</strong></span> <span class='ocrx_word' id='word_1_212' title='bbox 748 2918 851 2980; x_wconf 82' lang='lat' dir='ltr'><strong>saciat.</strong></span> <span class='ocrx_word' id='word_1_213' title='bbox 898 2918 1065 2997; x_wconf 87' lang='lat' dir='ltr'><strong>Propterea</strong></span> <span class='ocrx_word' id='word_1_214' title='bbox 1098 2917 1250 2979; x_wconf 91' lang='lat' dir='ltr'><strong>sensibilis</strong></span> <span class='ocrx_word' id='word_1_215' title='bbox 1280 2926 1330 2979; x_wconf 89' lang='lat' dir='ltr'><strong>est</strong></span> <span class='ocrx_word' id='word_1_216' title='bbox 1356 2919 1465 2981; x_wconf 82' lang='lat' dir='ltr'><strong>effecta</strong></span> <span class='ocrx_word' id='word_1_217' title='bbox 1493 2919 1574 2998; x_wconf 83' lang='lat' dir='ltr'><strong>globi</strong></span> <span class='ocrx_word' id='word_1_218' title='bbox 1598 2920 1732 3000; x_wconf 36' lang='lat' dir='ltr'><strong>Terreni·</strong></span> <span class='ocrx_word' id='word_1_219' title='bbox 1754 2921 1793 2982; x_wconf 92' lang='lat' dir='ltr'><strong>ad</strong></span> <span class='ocrx_word' id='word_1_220' title='bbox 1821 2921 1926 2983; x_wconf 90' lang='lat' dir='ltr'><strong>orbern</strong></span> 
     </span>
     <span class='ocr_line' id='line_1_26' title="bbox 567 3005 1929 3091; baseline 0 -19"><span class='ocrx_word' id='word_1_221' title='bbox 567 3009 673 3072; x_wconf 86' lang='lat' dir='ltr'><strong>Lunae</strong></span> <span class='ocrx_word' id='word_1_222' title='bbox 695 3007 863 3090; x_wconf 90' lang='lat' dir='ltr'><strong>proportio,</strong></span> <span class='ocrx_word' id='word_1_223' title='bbox 889 3013 923 3068; x_wconf 90' lang='lat' dir='ltr'><strong>ut</strong></span> <span class='ocrx_word' id='word_1_224' title='bbox 945 3005 1024 3086; x_wconf 92' lang='lat' dir='ltr'><strong>quod</strong></span> <span class='ocrx_word' id='word_1_225' title='bbox 1047 3005 1231 3084; x_wconf 88' lang='lat' dir='ltr'><strong>singulorum</strong></span> <span class='ocrx_word' id='word_1_226' title='bbox 1254 3007 1405 3070; x_wconf 88' lang='lat' dir='ltr'><strong>homiuum</strong></span> <span class='ocrx_word' id='word_1_227' title='bbox 1434 3009 1529 3069; x_wconf 94' lang='lat' dir='ltr'><strong>oculis</strong></span> <span class='ocrx_word' id='word_1_228' title='bbox 1562 3009 1736 3085; x_wconf 84' lang='lat' dir='ltr'><strong>decederet,</strong></span> <span class='ocrx_word' id='word_1_229' title='bbox 1766 3010 1929 3091; x_wconf 84' lang='lat' dir='ltr'><strong>diligentia</strong></span> 
     </span>
     <span class='ocr_line' id='line_1_27' title="bbox 566 3094 1926 3180; baseline 0 -19"><span class='ocrx_word' id='word_1_230' title='bbox 566 3098 772 3161; x_wconf 88' lang='lat' dir='ltr'><strong>universorum</strong></span> <span class='ocrx_word' id='word_1_231' title='bbox 796 3097 825 3158; x_wconf 94' lang='lat' dir='ltr'><strong>in</strong></span> <span class='ocrx_word' id='word_1_232' title='bbox 850 3102 917 3157; x_wconf 90' lang='lat' dir='ltr'><strong>tota</strong></span> <span class='ocrx_word' id='word_1_233' title='bbox 940 3094 1093 3174; x_wconf 87' lang='lat' dir='ltr'><strong>superficie</strong></span> <span class='ocrx_word' id='word_1_234' title='bbox 1109 3094 1239 3158; x_wconf 86' lang='lat' dir='ltr'><strong>Telluris</strong></span> <span class='ocrx_word' id='word_1_235' title='bbox 1262 3096 1472 3170; x_wconf 88' lang='lat' dir='ltr'><strong>habitantium,</strong></span> <span class='ocrx_word' id='word_1_236' title='bbox 1498 3098 1703 3176; x_wconf 83' lang='lat' dir='ltr'><strong>magnitudine</strong></span> <span class='ocrx_word' id='word_1_237' title='bbox 1727 3098 1791 3178; x_wconf 88' lang='lat' dir='ltr'><strong>ejus</strong></span> <span class='ocrx_word' id='word_1_238' title='bbox 1810 3100 1926 3180; x_wconf 86' lang='lat' dir='ltr'><strong>adjuta,</strong></span> 
     </span>
     <span class='ocr_line' id='line_1_28' title="bbox 567 3184 1927 3273; baseline 0 -23"><span class='ocrx_word' id='word_1_239' title='bbox 567 3188 740 3273; x_wconf 75' lang='lat' dir='ltr'><strong>suppleret:</strong></span> <span class='ocrx_word' id='word_1_240' title='bbox 775 3194 865 3265; x_wconf 89' lang='lat' dir='ltr'><strong>atque</strong></span> <span class='ocrx_word' id='word_1_241' title='bbox 893 3186 950 3246; x_wconf 91' lang='lat' dir='ltr'><strong>hoc</strong></span> <span class='ocrx_word' id='word_1_242' title='bbox 980 3190 1070 3263; x_wconf 90' lang='lat' dir='ltr'><strong>pacto</strong></span> <span class='ocrx_word' id='word_1_243' title='bbox 1099 3184 1176 3246; x_wconf 90' lang='lat' dir='ltr'><strong>sitas</strong></span> <span class='ocrx_word' id='word_1_244' title='bbox 1206 3185 1368 3247; x_wconf 89' lang='lat' dir='ltr'><strong>errantium</strong></span> <span class='ocrx_word' id='word_1_245' title='bbox 1398 3186 1428 3247; x_wconf 94' lang='lat' dir='ltr'><strong>iu</strong></span> <span class='ocrx_word' id='word_1_246' title='bbox 1459 3185 1607 3248; x_wconf 89' lang='lat' dir='ltr'><strong>diametro</strong></span> <span class='ocrx_word' id='word_1_247' title='bbox 1640 3188 1740 3250; x_wconf 90' lang='lat' dir='ltr'><strong>mnndi</strong></span> <span class='ocrx_word' id='word_1_248' title='bbox 1768 3206 1823 3267; x_wconf 88' lang='lat' dir='ltr'><strong>per</strong></span> <span class='ocrx_word' id='word_1_249' title='bbox 1856 3189 1927 3250; x_wconf 90' lang='lat' dir='ltr'><strong>illas</strong></span> 
     </span>
     <span class='ocr_line' id='line_1_29' title="bbox 566 3272 1928 3358; baseline 0.001 -19"><span class='ocrx_word' id='word_1_250' title='bbox 566 3278 684 3357; x_wconf 88' lang='lat' dir='ltr'><strong>priores</strong></span> <span class='ocrx_word' id='word_1_251' title='bbox 708 3283 848 3355; x_wconf 88' lang='lat' dir='ltr'><strong>respectu</strong></span> <span class='ocrx_word' id='word_1_252' title='bbox 871 3272 1052 3352; x_wconf 86' lang='lat' dir='ltr'><strong>superficiei,</strong></span> <span class='ocrx_word' id='word_1_253' title='bbox 1083 3273 1132 3334; x_wconf 92' lang='lat' dir='ltr'><strong>vel</strong></span> <span class='ocrx_word' id='word_1_254' title='bbox 1156 3275 1257 3354; x_wconf 92' lang='lat' dir='ltr'><strong>anguli</strong></span> <span class='ocrx_word' id='word_1_255' title='bbox 1281 3274 1458 3351; x_wconf 91' lang='lat' dir='ltr'><strong>distantias,</strong></span> <span class='ocrx_word' id='word_1_256' title='bbox 1490 3276 1671 3339; x_wconf 90' lang='lat' dir='ltr'><strong>addisceret.</strong></span> <span class='ocrx_word' id='word_1_257' title='bbox 1718 3276 1753 3337; x_wconf 93' lang='lat' dir='ltr'><strong>Iu</strong></span> <span class='ocrx_word' id='word_1_258' title='bbox 1777 3278 1928 3358; x_wconf 90' lang='lat' dir='ltr'><strong>superiori</strong></span> 
     </span>
     <span class='ocr_line' id='line_1_30' title="bbox 569 3362 1927 3443; baseline 0.002 -16"><span class='ocrx_word' id='word_1_259' title='bbox 569 3366 723 3428; x_wconf 87' lang='lat' dir='ltr'><strong>schemate</strong></span> <span class='ocrx_word' id='word_1_260' title='bbox 747 3365 810 3425; x_wconf 91' lang='lat' dir='ltr'><strong>sint</strong></span> <span class='ocrx_word' id='word_1_261' title='bbox 833 3362 872 3437; x_wconf 90' lang='lat' dir='ltr'><strong>A,</strong></span> <span class='ocrx_word' id='word_1_262' title='bbox 897 3363 923 3424; x_wconf 93' lang='grc' dir='ltr'>Β</span> <span class='ocrx_word' id='word_1_263' title='bbox 947 3381 1006 3424; x_wconf 92' lang='lat' dir='ltr'><strong>non</strong></span> <span class='ocrx_word' id='word_1_264' title='bbox 1027 3362 1092 3441; x_wconf 89' lang='lat' dir='ltr'><strong>jam</strong></span> <span class='ocrx_word' id='word_1_265' title='bbox 1116 3362 1174 3424; x_wconf 92' lang='lat' dir='ltr'><strong>dno</strong></span> <span class='ocrx_word' id='word_1_266' title='bbox 1198 3363 1275 3426; x_wconf 91' lang='lat' dir='ltr'><strong>oculi</strong></span> <span class='ocrx_word' id='word_1_267' title='bbox 1305 3363 1439 3443; x_wconf 90' lang='lat' dir='ltr'><strong>ejusdem</strong></span> <span class='ocrx_word' id='word_1_268' title='bbox 1466 3365 1610 3441; x_wconf 89' lang='lat' dir='ltr'><strong>hominis,</strong></span> <span class='ocrx_word' id='word_1_269' title='bbox 1644 3365 1698 3426; x_wconf 89' lang='lat' dir='ltr'><strong>sed</strong></span> <span class='ocrx_word' id='word_1_270' title='bbox 1722 3366 1779 3427; x_wconf 91' lang='lat' dir='ltr'><strong>duo</strong></span> <span class='ocrx_word' id='word_1_271' title='bbox 1803 3368 1927 3430; x_wconf 88' lang='lat' dir='ltr'><strong>lucain</strong></span> 
     </span>
     <span class='ocr_line' id='line_1_31' title="bbox 570 3449 1928 3534; baseline 0.001 -18"><span class='ocrx_word' id='word_1_272' title='bbox 570 3454 727 3534; x_wconf 87' lang='lat' dir='ltr'><strong>superficie</strong></span> <span class='ocrx_word' id='word_1_273' title='bbox 751 3452 890 3524; x_wconf 85' lang='lat' dir='ltr'><strong>Telluris,</strong></span> <span class='ocrx_word' id='word_1_274' title='bbox 913 3450 943 3512; x_wconf 88' lang='lat' dir='ltr'><strong>A</strong></span> <span class='ocrx_word' id='word_1_275' title='bbox 967 3450 996 3512; x_wconf 94' lang='lat' dir='ltr'><strong>in</strong></span> <span class='ocrx_word' id='word_1_276' title='bbox 1021 3449 1160 3530; x_wconf 87' lang='lat' dir='ltr'><strong>Europa,</strong></span> <span class='ocrx_word' id='word_1_277' title='bbox 1185 3453 1211 3514; x_wconf 93' lang='lat' dir='ltr'>B</span> <span class='ocrx_word' id='word_1_278' title='bbox 1235 3453 1266 3514; x_wconf 95' lang='lat' dir='ltr'><strong>in</strong></span> <span class='ocrx_word' id='word_1_279' title='bbox 1289 3453 1413 3514; x_wconf 84' lang='lat' dir='ltr'><strong>Africae</strong></span> <span class='ocrx_word' id='word_1_280' title='bbox 1438 3461 1572 3515; x_wconf 85' lang='lat' dir='ltr'><strong>extremo</strong></span> <span class='ocrx_word' id='word_1_281' title='bbox 1596 3456 1812 3533; x_wconf 87' lang='lat' dir='ltr'><strong>promontorio,</strong></span> <span class='ocrx_word' id='word_1_282' title='bbox 1838 3457 1928 3518; x_wconf 91' lang='lat' dir='ltr'><strong>Luna</strong></span> 
     </span>
     <span class='ocr_line' id='line_1_32' title="bbox 569 3539 1927 3623; baseline 0.002 -19"><span class='ocrx_word' id='word_1_283' title='bbox 569 3542 665 3604; x_wconf 87' lang='lat' dir='ltr'><strong>sitin</strong></span> <span class='ocrx_word' id='word_1_284' title='bbox 690 3539 725 3616; x_wconf 88' lang='grc' dir='ltr'><strong>Ο,</strong></span> <span class='ocrx_word' id='word_1_285' title='bbox 750 3540 947 3619; x_wconf 83' lang='lat' dir='ltr'><strong>videaturque</strong></span> <span class='ocrx_word' id='word_1_286' title='bbox 972 3540 1077 3600; x_wconf 92' lang='lat' dir='ltr'><strong>eodem</strong></span> <span class='ocrx_word' id='word_1_287' title='bbox 1100 3549 1249 3602; x_wconf 89' lang='lat' dir='ltr'><strong>momento</strong></span> <span class='ocrx_word' id='word_1_288' title='bbox 1274 3542 1311 3602; x_wconf 91' lang='lat' dir='ltr'><strong>ab</strong></span> <span class='ocrx_word' id='word_1_289' title='bbox 1336 3541 1502 3604; x_wconf 89' lang='lat' dir='ltr'><strong>bominibus</strong></span> <span class='ocrx_word' id='word_1_290' title='bbox 1526 3543 1679 3623; x_wconf 91' lang='lat' dir='ltr'><strong>utriusque</strong></span> <span class='ocrx_word' id='word_1_291' title='bbox 1703 3544 1770 3605; x_wconf 91' lang='lat' dir='ltr'><strong>loci.</strong></span> <span class='ocrx_word' id='word_1_292' title='bbox 1816 3543 1927 3608; x_wconf 88' lang='lat' dir='ltr'><strong>Sensi-</strong></span> 
     </span>
     <span class='ocr_line' id='line_1_33' title="bbox 568 3627 1928 3712; baseline 0.001 -18"><span class='ocrx_word' id='word_1_293' title='bbox 568 3631 638 3694; x_wconf 90' lang='lat' dir='ltr'><strong>bilis</strong></span> <span class='ocrx_word' id='word_1_294' title='bbox 662 3631 764 3712; x_wconf 88' lang='lat' dir='ltr'><strong>itaque</strong></span> <span class='ocrx_word' id='word_1_295' title='bbox 797 3646 864 3691; x_wconf 90' lang='lat' dir='ltr'><strong>cum</strong></span> <span class='ocrx_word' id='word_1_296' title='bbox 894 3627 935 3689; x_wconf 90' lang='lat' dir='ltr'><strong>sit</strong></span> <span class='ocrx_word' id='word_1_297' title='bbox 962 3628 1116 3708; x_wconf 91' lang='lat' dir='ltr'><strong>proportio</strong></span> <span class='ocrx_word' id='word_1_298' title='bbox 1146 3629 1311 3691; x_wconf 88' lang='lat' dir='ltr'><strong>distantiae</strong></span> <span class='ocrx_word' id='word_1_299' title='bbox 1344 3630 1475 3691; x_wconf 90' lang='lat' dir='ltr'><strong>locorum</strong></span> <span class='ocrx_word' id='word_1_300' title='bbox 1507 3632 1546 3692; x_wconf 90' lang='lat' dir='ltr'><strong>ad</strong></span> <span class='ocrx_word' id='word_1_301' title='bbox 1577 3632 1755 3693; x_wconf 89' lang='lat' dir='ltr'><strong>distantiam</strong></span> <span class='ocrx_word' id='word_1_302' title='bbox 1777 3632 1884 3696; x_wconf 89' lang='lat' dir='ltr'><strong>Lunae</strong></span> <span class='ocrx_word' id='word_1_303' title='bbox 1909 3655 1928 3695; x_wconf 94' lang='lat' dir='ltr'><strong>a</strong></span> 
     </span>
     <span class='ocr_line' id='line_1_34' title="bbox 568 3716 1927 3798; baseline 0.002 -16"><span class='ocrx_word' id='word_1_304' title='bbox 568 3720 663 3782; x_wconf 90' lang='lat' dir='ltr'><strong>Terra</strong></span> <span class='ocrx_word' id='word_1_305' title='bbox 686 3726 825 3797; x_wconf 87' lang='lat' dir='ltr'><strong>respectu</strong></span> <span class='ocrx_word' id='word_1_306' title='bbox 849 3716 988 3778; x_wconf 89' lang='lat' dir='ltr'><strong>diametri</strong></span> <span class='ocrx_word' id='word_1_307' title='bbox 1011 3717 1128 3789; x_wconf 93' lang='lat' dir='ltr'><strong>mundi,</strong></span> <span class='ocrx_word' id='word_1_308' title='bbox 1153 3719 1231 3798; x_wconf 92' lang='lat' dir='ltr'><strong>quod</strong></span> <span class='ocrx_word' id='word_1_309' title='bbox 1250 3719 1315 3798; x_wconf 90' lang='lat' dir='ltr'><strong>jam</strong></span> <span class='ocrx_word' id='word_1_310' title='bbox 1347 3719 1499 3798; x_wconf 90' lang='lat' dir='ltr'><strong>ponimus,</strong></span> <span class='ocrx_word' id='word_1_311' title='bbox 1523 3720 1675 3782; x_wconf 91' lang='lat' dir='ltr'><strong>sensibilis</strong></span> <span class='ocrx_word' id='word_1_312' title='bbox 1700 3721 1758 3782; x_wconf 87' lang='lat' dir='ltr'><strong>erit</strong></span> <span class='ocrx_word' id='word_1_313' title='bbox 1781 3731 1813 3783; x_wconf 91' lang='lat' dir='ltr'><strong>et</strong></span> <span class='ocrx_word' id='word_1_314' title='bbox 1836 3723 1927 3785; x_wconf 89' lang='lat' dir='ltr'><strong>incli-</strong></span> 
     </span>
     <span class='ocr_line' id='line_1_35' title="bbox 568 3803 1926 3888; baseline 0.002 -18"><span class='ocrx_word' id='word_1_315' title='bbox 568 3809 652 3870; x_wconf 90' lang='lat' dir='ltr'><strong>natio</strong></span> <span class='ocrx_word' id='word_1_316' title='bbox 680 3808 825 3869; x_wconf 91' lang='lat' dir='ltr'><strong>linearum</strong></span> <span class='ocrx_word' id='word_1_317' title='bbox 849 3803 906 3868; x_wconf 86' lang='grc' dir='ltr'><strong>ΔΟ</strong></span> <span class='ocrx_word' id='word_1_318' title='bbox 931 3812 963 3866; x_wconf 91' lang='lat' dir='ltr'><strong>et</strong></span> <span class='ocrx_word' id='word_1_319' title='bbox 984 3803 1048 3867; x_wconf 91' lang='grc' dir='ltr'><strong>ΒΟ.</strong></span> <span class='ocrx_word' id='word_1_320' title='bbox 1096 3805 1145 3867; x_wconf 89' lang='lat' dir='ltr'><strong>Sit</strong></span> <span class='ocrx_word' id='word_1_321' title='bbox 1173 3815 1274 3868; x_wconf 89' lang='lat' dir='ltr'><strong>autem</strong></span> <span class='ocrx_word' id='word_1_322' title='bbox 1298 3805 1356 3869; x_wconf 89' lang='grc' dir='ltr'><strong>ΝΟ</strong></span> <span class='ocrx_word' id='word_1_323' title='bbox 1385 3808 1515 3888; x_wconf 89' lang='lat' dir='ltr'><strong>sphaera</strong></span> <span class='ocrx_word' id='word_1_324' title='bbox 1546 3808 1672 3870; x_wconf 78' lang='lat' dir='ltr'><strong>lixarum</strong></span> <span class='ocrx_word' id='word_1_325' title='bbox 1702 3810 1739 3870; x_wconf 91' lang='lat' dir='ltr'><strong>de</strong></span> <span class='ocrx_word' id='word_1_326' title='bbox 1763 3821 1853 3874; x_wconf 88' lang='lat' dir='ltr'><strong>nocte</strong></span> <span class='ocrx_word' id='word_1_327' title='bbox 1877 3813 1926 3873; x_wconf 84' lang='lat' dir='ltr'><strong>vel</strong></span> 
     </span>
     <span class='ocr_line' id='line_1_36' title="bbox 568 3894 1926 3978; baseline 0.003 -19"><span class='ocrx_word' id='word_1_328' title='bbox 568 3915 678 3977; x_wconf 86' lang='lat' dir='ltr'><strong>corpus</strong></span> <span class='ocrx_word' id='word_1_329' title='bbox 702 3894 783 3957; x_wconf 88' lang='lat' dir='ltr'><strong>Solis</strong></span> <span class='ocrx_word' id='word_1_330' title='bbox 807 3895 844 3956; x_wconf 92' lang='lat' dir='ltr'><strong>de</strong></span> <span class='ocrx_word' id='word_1_331' title='bbox 868 3894 917 3955; x_wconf 91' lang='lat' dir='ltr'><strong>die</strong></span> <span class='ocrx_word' id='word_1_332' title='bbox 946 3894 1001 3956; x_wconf 91' lang='lat' dir='ltr'><strong>sub</strong></span> <span class='ocrx_word' id='word_1_333' title='bbox 1033 3904 1215 3957; x_wconf 90' lang='lat' dir='ltr'><strong>momentum</strong></span> <span class='ocrx_word' id='word_1_334' title='bbox 1247 3894 1400 3957; x_wconf 91' lang='lat' dir='ltr'><strong>novilunii.</strong></span> <span class='ocrx_word' id='word_1_335' title='bbox 1448 3895 1524 3958; x_wconf 87' lang='lat' dir='ltr'><strong>Cum</strong></span> <span class='ocrx_word' id='word_1_336' title='bbox 1548 3917 1633 3977; x_wconf 90' lang='lat' dir='ltr'><strong>ergo,</strong></span> <span class='ocrx_word' id='word_1_337' title='bbox 1664 3897 1713 3978; x_wconf 93' lang='lat' dir='ltr'><strong>qui</strong></span> <span class='ocrx_word' id='word_1_338' title='bbox 1736 3907 1808 3961; x_wconf 91' lang='lat' dir='ltr'><strong>sunt</strong></span> <span class='ocrx_word' id='word_1_339' title='bbox 1831 3901 1862 3961; x_wconf 93' lang='lat' dir='ltr'><strong>iu</strong></span> <span class='ocrx_word' id='word_1_340' title='bbox 1886 3902 1926 3976; x_wconf 89' lang='lat' dir='ltr'><strong>A,</strong></span> 
     </span>
     <span class='ocr_line' id='line_1_37' title="bbox 568 3982 1927 4065; baseline 0.001 -17"><span class='ocrx_word' id='word_1_341' title='bbox 568 3986 647 4048; x_wconf 89' lang='lat' dir='ltr'><strong>iuter</strong></span> <span class='ocrx_word' id='word_1_342' title='bbox 671 3983 849 4046; x_wconf 90' lang='lat' dir='ltr'><strong>distantiam</strong></span> <span class='ocrx_word' id='word_1_343' title='bbox 872 3982 976 4044; x_wconf 92' lang='lat' dir='ltr'><strong>Lunae</strong></span> <span class='ocrx_word' id='word_1_344' title='bbox 1009 3991 1041 4044; x_wconf 88' lang='lat' dir='ltr'><strong>et</strong></span> <span class='ocrx_word' id='word_1_345' title='bbox 1065 3983 1241 4045; x_wconf 88' lang='lat' dir='ltr'><strong>distantiam</strong></span> <span class='ocrx_word' id='word_1_346' title='bbox 1265 3983 1347 4046; x_wconf 92' lang='lat' dir='ltr'><strong>Solis</strong></span> <span class='ocrx_word' id='word_1_347' title='bbox 1377 4004 1431 4046; x_wconf 90' lang='lat' dir='ltr'><strong>seu</strong></span> <span class='ocrx_word' id='word_1_348' title='bbox 1462 3987 1588 4047; x_wconf 75' lang='lat' dir='ltr'><strong>lixarum</strong></span> <span class='ocrx_word' id='word_1_349' title='bbox 1617 3994 1757 4065; x_wconf 84' lang='lat' dir='ltr'><strong>respectu</strong></span> <span class='ocrx_word' id='word_1_350' title='bbox 1786 3988 1927 4051; x_wconf 90' lang='lat' dir='ltr'><strong>diametri</strong></span> 
     </span>
     <span class='ocr_line' id='line_1_38' title="bbox 566 4070 1929 4154; baseline 0.003 -18"><span class='ocrx_word' id='word_1_351' title='bbox 566 4074 669 4136; x_wconf 89' lang='lat' dir='ltr'><strong>mundi</strong></span> <span class='ocrx_word' id='word_1_352' title='bbox 702 4079 855 4153; x_wconf 90' lang='lat' dir='ltr'><strong>nequeant</strong></span> <span class='ocrx_word' id='word_1_353' title='bbox 882 4070 1067 4145; x_wconf 88' lang='lat' dir='ltr'><strong>discernere,</strong></span> <span class='ocrx_word' id='word_1_354' title='bbox 1100 4071 1301 4135; x_wconf 84' lang='lat' dir='ltr'><strong>videbiturO</strong></span> <span class='ocrx_word' id='word_1_355' title='bbox 1330 4073 1417 4135; x_wconf 90' lang='lat' dir='ltr'><strong>Luna</strong></span> <span class='ocrx_word' id='word_1_356' title='bbox 1446 4074 1608 4154; x_wconf 90' lang='lat' dir='ltr'><strong>conjuncta</strong></span> <span class='ocrx_word' id='word_1_357' title='bbox 1639 4073 1756 4136; x_wconf 92' lang='lat' dir='ltr'><strong>cumO</strong></span> <span class='ocrx_word' id='word_1_358' title='bbox 1785 4076 1847 4140; x_wconf 89' lang='lat' dir='ltr'><strong>lixa</strong></span> <span class='ocrx_word' id='word_1_359' title='bbox 1874 4086 1929 4140; x_wconf 89' lang='lat' dir='ltr'><strong>aut</strong></span> 
     </span>
     <span class='ocr_line' id='line_1_39' title="bbox 566 4158 1926 4241; baseline 0.003 -17"><span class='ocrx_word' id='word_1_360' title='bbox 566 4161 702 4240; x_wconf 89' lang='lat' dir='ltr'><strong>margine</strong></span> <span class='ocrx_word' id='word_1_361' title='bbox 731 4160 824 4223; x_wconf 88' lang='lat' dir='ltr'><strong>Solis.</strong></span> <span class='ocrx_word' id='word_1_362' title='bbox 870 4160 916 4222; x_wconf 89' lang='lat' dir='ltr'><strong>At</strong></span> <span class='ocrx_word' id='word_1_363' title='bbox 942 4158 990 4228; x_wconf 88' lang='lat' dir='ltr'><strong>iis,</strong></span> <span class='ocrx_word' id='word_1_364' title='bbox 1021 4160 1070 4239; x_wconf 95' lang='lat' dir='ltr'><strong>qui</strong></span> <span class='ocrx_word' id='word_1_365' title='bbox 1094 4160 1123 4220; x_wconf 95' lang='lat' dir='ltr'><strong>iu</strong></span> <span class='ocrx_word' id='word_1_366' title='bbox 1146 4162 1183 4236; x_wconf 90' lang='lat' dir='ltr'><strong>B,</strong></span> <span class='ocrx_word' id='word_1_367' title='bbox 1209 4161 1314 4223; x_wconf 91' lang='lat' dir='ltr'><strong>eodem</strong></span> <span class='ocrx_word' id='word_1_368' title='bbox 1344 4171 1480 4241; x_wconf 87' lang='lat' dir='ltr'><strong>tempore</strong></span> <span class='ocrx_word' id='word_1_369' title='bbox 1505 4161 1529 4225; x_wconf 90' lang='grc' dir='ltr'><strong>Ο</strong></span> <span class='ocrx_word' id='word_1_370' title='bbox 1554 4164 1642 4225; x_wconf 91' lang='lat' dir='ltr'><strong>Luna</strong></span> <span class='ocrx_word' id='word_1_371' title='bbox 1668 4163 1821 4227; x_wconf 90' lang='lat' dir='ltr'><strong>videbitur</strong></span> <span class='ocrx_word' id='word_1_372' title='bbox 1851 4185 1926 4228; x_wconf 93' lang='lat' dir='ltr'><strong>con-</strong></span> 
     </span>
     <span class='ocr_line' id='line_1_40' title="bbox 563 4247 1927 4330; baseline 0.004 -20"><span class='ocrx_word' id='word_1_373' title='bbox 563 4250 673 4329; x_wconf 87' lang='lat' dir='ltr'><strong>juncta</strong></span> <span class='ocrx_word' id='word_1_374' title='bbox 696 4268 761 4311; x_wconf 89' lang='lat' dir='ltr'><strong>cum</strong></span> <span class='ocrx_word' id='word_1_375' title='bbox 784 4249 814 4311; x_wconf 90' lang='lat' dir='ltr'>N</span> <span class='ocrx_word' id='word_1_376' title='bbox 837 4248 898 4309; x_wconf 81' lang='lat' dir='ltr'><strong>fixa</strong></span> <span class='ocrx_word' id='word_1_377' title='bbox 920 4248 969 4308; x_wconf 85' lang='lat' dir='ltr'><strong>vel</strong></span> <span class='ocrx_word' id='word_1_378' title='bbox 992 4247 1126 4328; x_wconf 88' lang='lat' dir='ltr'><strong>margine</strong></span> <span class='ocrx_word' id='word_1_379' title='bbox 1151 4248 1242 4324; x_wconf 88' lang='lat' dir='ltr'><strong>Solis,</strong></span> <span class='ocrx_word' id='word_1_380' title='bbox 1267 4251 1312 4312; x_wconf 89' lang='lat' dir='ltr'><strong>sic</strong></span> <span class='ocrx_word' id='word_1_381' title='bbox 1334 4258 1368 4312; x_wconf 91' lang='lat' dir='ltr'><strong>ut</strong></span> <span class='ocrx_word' id='word_1_382' title='bbox 1391 4250 1434 4311; x_wconf 92' lang='lat' dir='ltr'><strong>illi</strong></span> <span class='ocrx_word' id='word_1_383' title='bbox 1458 4252 1628 4330; x_wconf 91' lang='lat' dir='ltr'><strong>portionem</strong></span> <span class='ocrx_word' id='word_1_384' title='bbox 1646 4248 1705 4313; x_wconf 84' lang='grc' dir='ltr'><strong>ΝΟ</strong></span> <span class='ocrx_word' id='word_1_385' title='bbox 1729 4252 1864 4316; x_wconf 89' lang='lat' dir='ltr'><strong>habeant</strong></span> <span class='ocrx_word' id='word_1_386' title='bbox 1888 4255 1927 4316; x_wconf 87' lang='lat' dir='ltr'><strong>ad</strong></span> 
     </span>
     <span class='ocr_line' id='line_1_41' title="bbox 567 4336 1927 4421; baseline 0.004 -22"><span class='ocrx_word' id='word_1_387' title='bbox 567 4338 692 4400; x_wconf 83' lang='lat' dir='ltr'><strong>dextras</strong></span> <span class='ocrx_word' id='word_1_388' title='bbox 716 4336 821 4399; x_wconf 88' lang='lat' dir='ltr'><strong>Lunae</strong></span> <span class='ocrx_word' id='word_1_389' title='bbox 845 4344 958 4421; x_wconf 90' lang='lat' dir='ltr'><strong>partes,</strong></span> <span class='ocrx_word' id='word_1_390' title='bbox 983 4336 1013 4399; x_wconf 94' lang='lat' dir='ltr'><strong>hi</strong></span> <span class='ocrx_word' id='word_1_391' title='bbox 1037 4338 1075 4398; x_wconf 91' lang='lat' dir='ltr'><strong>ad</strong></span> <span class='ocrx_word' id='word_1_392' title='bbox 1099 4336 1249 4399; x_wconf 91' lang='lat' dir='ltr'><strong>sinistras.</strong></span> <span class='ocrx_word' id='word_1_393' title='bbox 1298 4336 1539 4402; x_wconf 78' lang='lat' dir='ltr'><strong>commutabitur</strong></span> <span class='ocrx_word' id='word_1_394' title='bbox 1562 4358 1633 4421; x_wconf 89' lang='lat' dir='ltr'><strong>ergo</strong></span> <span class='ocrx_word' id='word_1_395' title='bbox 1658 4340 1735 4403; x_wconf 89' lang='lat' dir='ltr'><strong>situs</strong></span> <span class='ocrx_word' id='word_1_396' title='bbox 1759 4340 1864 4405; x_wconf 88' lang='lat' dir='ltr'><strong>Lunae</strong></span> <span class='ocrx_word' id='word_1_397' title='bbox 1889 4343 1927 4405; x_wconf 89' lang='lat' dir='ltr'><strong>ab</strong></span> 
     </span>
     <span class='ocr_line' id='line_1_42' title="bbox 564 4425 1927 4509; baseline 0.004 -21"><span class='ocrx_word' id='word_1_398' title='bbox 564 4426 732 4491; x_wconf 90' lang='lat' dir='ltr'><strong>homiuibus</strong></span> <span class='ocrx_word' id='word_1_399' title='bbox 757 4427 889 4488; x_wconf 91' lang='lat' dir='ltr'><strong>locorum</strong></span> <span class='ocrx_word' id='word_1_400' title='bbox 911 4425 1047 4487; x_wconf 89' lang='lat' dir='ltr'><strong>binorum</strong></span> <span class='ocrx_word' id='word_1_401' title='bbox 1070 4425 1253 4505; x_wconf 88' lang='lat' dir='ltr'><strong>imaginatus</strong></span> <span class='ocrx_word' id='word_1_402' title='bbox 1277 4448 1315 4489; x_wconf 82' lang='lat' dir='ltr'><strong>ex</strong></span> <span class='ocrx_word' id='word_1_403' title='bbox 1339 4425 1366 4488; x_wconf 94' lang='grc' dir='ltr'><strong>Ο</strong></span> <span class='ocrx_word' id='word_1_404' title='bbox 1391 4428 1419 4489; x_wconf 92' lang='lat' dir='ltr'><strong>iu</strong></span> <span class='ocrx_word' id='word_1_405' title='bbox 1443 4428 1482 4501; x_wconf 92' lang='lat' dir='ltr'><strong>N,</strong></span> <span class='ocrx_word' id='word_1_406' title='bbox 1507 4430 1596 4508; x_wconf 89' lang='lat' dir='ltr'><strong>plane</strong></span> <span class='ocrx_word' id='word_1_407' title='bbox 1619 4436 1654 4490; x_wconf 90' lang='lat' dir='ltr'><strong>ut</strong></span> <span class='ocrx_word' id='word_1_408' title='bbox 1676 4429 1759 4509; x_wconf 90' lang='lat' dir='ltr'><strong>prius</strong></span> <span class='ocrx_word' id='word_1_409' title='bbox 1783 4431 1821 4493; x_wconf 92' lang='lat' dir='ltr'><strong>de</strong></span> <span class='ocrx_word' id='word_1_410' title='bbox 1845 4432 1927 4494; x_wconf 90' lang='lat' dir='ltr'><strong>utri-</strong></span> 
     </span>
     <span class='ocr_line' id='line_1_43' title="bbox 562 4512 1927 4600; baseline 0.004 -23"><span class='ocrx_word' id='word_1_411' title='bbox 562 4534 657 4596; x_wconf 88' lang='lat' dir='ltr'><strong>usque</strong></span> <span class='ocrx_word' id='word_1_412' title='bbox 681 4516 760 4578; x_wconf 92' lang='lat' dir='ltr'><strong>oculi</strong></span> <span class='ocrx_word' id='word_1_413' title='bbox 779 4515 888 4594; x_wconf 88' lang='lat' dir='ltr'><strong>juncta</strong></span> <span class='ocrx_word' id='word_1_414' title='bbox 911 4512 1026 4575; x_wconf 87' lang='lat' dir='ltr'><strong>visione</strong></span> <span class='ocrx_word' id='word_1_415' title='bbox 1051 4514 1163 4575; x_wconf 88' lang='lat' dir='ltr'><strong>dictum</strong></span> <span class='ocrx_word' id='word_1_416' title='bbox 1187 4523 1244 4578; x_wconf 92' lang='lat' dir='ltr'><strong>est.</strong></span> <span class='ocrx_word' id='word_1_417' title='bbox 1291 4517 1393 4596; x_wconf 91' lang='lat' dir='ltr'><strong>Atque</strong></span> <span class='ocrx_word' id='word_1_418' title='bbox 1417 4516 1474 4578; x_wconf 92' lang='lat' dir='ltr'><strong>hoc</strong></span> <span class='ocrx_word' id='word_1_419' title='bbox 1498 4518 1585 4578; x_wconf 89' lang='lat' dir='ltr'><strong>modo</strong></span> <span class='ocrx_word' id='word_1_420' title='bbox 1614 4517 1787 4597; x_wconf 90' lang='lat' dir='ltr'><strong>iu·geuere</strong></span> <span class='ocrx_word' id='word_1_421' title='bbox 1819 4521 1927 4600; x_wconf 89' lang='lat' dir='ltr'><strong>paral-</strong></span> 
     </span>
     <span class='ocr_line' id='line_1_44' title="bbox 563 4600 1928 4689; baseline 0.004 -23"><span class='ocrx_word' id='word_1_422' title='bbox 563 4604 642 4667; x_wconf 85' lang='lat' dir='ltr'><strong>laxis</strong></span> <span class='ocrx_word' id='word_1_423' title='bbox 665 4604 796 4667; x_wconf 89' lang='lat' dir='ltr'><strong>siderum</strong></span> <span class='ocrx_word' id='word_1_424' title='bbox 821 4602 979 4682; x_wconf 90' lang='lat' dir='ltr'><strong>accipitur,</strong></span> <span class='ocrx_word' id='word_1_425' title='bbox 1003 4611 1037 4663; x_wconf 91' lang='lat' dir='ltr'><strong>ut</strong></span> <span class='ocrx_word' id='word_1_426' title='bbox 1059 4600 1119 4664; x_wconf 85' lang='grc' dir='ltr'><strong>ΝΟ</strong></span> <span class='ocrx_word' id='word_1_427' title='bbox 1143 4623 1231 4666; x_wconf 90' lang='lat' dir='ltr'><strong>arcus</strong></span> <span class='ocrx_word' id='word_1_428' title='bbox 1256 4605 1386 4666; x_wconf 87' lang='lat' dir='ltr'><strong>extimae</strong></span> <span class='ocrx_word' id='word_1_429' title='bbox 1411 4605 1573 4684; x_wconf 89' lang='lat' dir='ltr'><strong>sphaerae,</strong></span> <span class='ocrx_word' id='word_1_430' title='bbox 1598 4607 1646 4667; x_wconf 87' lang='lat' dir='ltr'><strong>vel</strong></span> <span class='ocrx_word' id='word_1_431' title='bbox 1670 4608 1811 4685; x_wconf 90' lang='lat' dir='ltr'><strong>angulus,</strong></span> <span class='ocrx_word' id='word_1_432' title='bbox 1838 4626 1928 4689; x_wconf 90' lang='lat' dir='ltr'><strong>quem</strong></span> 
     </span>
     <span class='ocr_line' id='line_1_45' title="bbox 564 4690 1928 4775; baseline 0.001 -19"><span class='ocrx_word' id='word_1_433' title='bbox 564 4712 651 4756; x_wconf 82' lang='lat' dir='ltr'><strong>arans</strong></span> <span class='ocrx_word' id='word_1_434' title='bbox 675 4694 735 4756; x_wconf 88' lang='lat' dir='ltr'><strong>isto</strong></span> <span class='ocrx_word' id='word_1_435' title='bbox 759 4692 891 4765; x_wconf 90' lang='lat' dir='ltr'><strong>metitur,</strong></span> <span class='ocrx_word' id='word_1_436' title='bbox 916 4690 957 4752; x_wconf 89' lang='lat' dir='ltr'><strong>sit</strong></span> <span class='ocrx_word' id='word_1_437' title='bbox 980 4690 1146 4769; x_wconf 84' lang='lat' dir='ltr'><strong>parallaxis</strong></span> <span class='ocrx_word' id='word_1_438' title='bbox 1169 4694 1284 4755; x_wconf 88' lang='lat' dir='ltr'><strong>Lunae.</strong></span> <span class='ocrx_word' id='word_1_439' title='bbox 1332 4691 1394 4754; x_wconf 90' lang='lat' dir='ltr'><strong>Sed</strong></span> <span class='ocrx_word' id='word_1_440' title='bbox 1428 4694 1498 4773; x_wconf 89' lang='lat' dir='ltr'><strong>quia</strong></span> <span class='ocrx_word' id='word_1_441' title='bbox 1525 4713 1584 4756; x_wconf 92' lang='lat' dir='ltr'><strong>nou</strong></span> <span class='ocrx_word' id='word_1_442' title='bbox 1615 4694 1733 4775; x_wconf 91' lang='lat' dir='ltr'><strong>quoties</strong></span> <span class='ocrx_word' id='word_1_443' title='bbox 1762 4713 1837 4775; x_wconf 88' lang='lat' dir='ltr'><strong>opus</strong></span> <span class='ocrx_word' id='word_1_444' title='bbox 1866 4705 1928 4771; x_wconf 90' lang='lat' dir='ltr'><strong>est,</strong></span> 
     </span>
     <span class='ocr_line' id='line_1_46' title="bbox 562 4778 1928 4863; baseline 0.002 -19"><span class='ocrx_word' id='word_1_445' title='bbox 562 4780 699 4844; x_wconf 90' lang='lat' dir='ltr'><strong>homines</strong></span> <span class='ocrx_word' id='word_1_446' title='bbox 721 4782 752 4844; x_wconf 93' lang='lat' dir='ltr'><strong>iu</strong></span> <span class='ocrx_word' id='word_1_447' title='bbox 778 4779 933 4860; x_wconf 80' lang='lat' dir='ltr'><strong>superficie</strong></span> <span class='ocrx_word' id='word_1_448' title='bbox 957 4778 1087 4841; x_wconf 89' lang='lat' dir='ltr'><strong>Telluris</strong></span> <span class='ocrx_word' id='word_1_449' title='bbox 1111 4789 1183 4843; x_wconf 90' lang='lat' dir='ltr'><strong>suut</strong></span> <span class='ocrx_word' id='word_1_450' title='bbox 1206 4780 1357 4861; x_wconf 90' lang='lat' dir='ltr'><strong>dispositi,</strong></span> <span class='ocrx_word' id='word_1_451' title='bbox 1383 4780 1432 4863; x_wconf 91' lang='lat' dir='ltr'><strong>qni</strong></span> <span class='ocrx_word' id='word_1_452' title='bbox 1456 4782 1495 4843; x_wconf 89' lang='lat' dir='ltr'><strong>ad</strong></span> <span class='ocrx_word' id='word_1_453' title='bbox 1519 4802 1608 4845; x_wconf 93' lang='lat' dir='ltr'><strong>nuum</strong></span> <span class='ocrx_word' id='word_1_454' title='bbox 1631 4790 1664 4843; x_wconf 93' lang='lat' dir='ltr'><strong>et</strong></span> <span class='ocrx_word' id='word_1_455' title='bbox 1687 4782 1766 4845; x_wconf 93' lang='lat' dir='ltr'><strong>idem</strong></span> <span class='ocrx_word' id='word_1_456' title='bbox 1789 4804 1928 4847; x_wconf 88' lang='lat' dir='ltr'><strong>momen-</strong></span> 
     </span>
     <span class='ocr_line' id='line_1_47' title="bbox 562 4868 1925 4952; baseline 0.003 -20"><span class='ocrx_word' id='word_1_457' title='bbox 562 4877 627 4932; x_wconf 86' lang='lat' dir='ltr'><strong>tum</strong></span> <span class='ocrx_word' id='word_1_458' title='bbox 650 4868 796 4952; x_wconf 88' lang='lat' dir='ltr'><strong>tamporis</strong></span> <span class='ocrx_word' id='word_1_459' title='bbox 820 4869 858 4930; x_wconf 88' lang='lat' dir='ltr'><strong>ad</strong></span> <span class='ocrx_word' id='word_1_460' title='bbox 873 4868 991 4931; x_wconf 88' lang='lat' dir='ltr'><strong>Lunam</strong></span> <span class='ocrx_word' id='word_1_461' title='bbox 1014 4868 1188 4948; x_wconf 89' lang='lat' dir='ltr'><strong>respiciant,</strong></span> <span class='ocrx_word' id='word_1_462' title='bbox 1213 4869 1378 4933; x_wconf 90' lang='lat' dir='ltr'><strong>astronomi</strong></span> <span class='ocrx_word' id='word_1_463' title='bbox 1396 4870 1476 4932; x_wconf 88' lang='lat' dir='ltr'><strong>viam</strong></span> <span class='ocrx_word' id='word_1_464' title='bbox 1490 4871 1698 4951; x_wconf 90' lang='lat' dir='ltr'><strong>ingrediuntur</strong></span> <span class='ocrx_word' id='word_1_465' title='bbox 1717 4873 1806 4951; x_wconf 89' lang='lat' dir='ltr'><strong>paulo</strong></span> <span class='ocrx_word' id='word_1_466' title='bbox 1823 4874 1925 4936; x_wconf 89' lang='lat' dir='ltr'><strong>aliam.</strong></span> 
     </span>
     <span class='ocr_line' id='line_1_48' title="bbox 564 4955 1927 5041; baseline 0.002 -20"><span class='ocrx_word' id='word_1_467' title='bbox 564 4955 751 5038; x_wconf 80' lang='lat' dir='ltr'><strong>Computaut</strong></span> <span class='ocrx_word' id='word_1_468' title='bbox 774 4958 854 5020; x_wconf 87' lang='lat' dir='ltr'><strong>enim</strong></span> <span class='ocrx_word' id='word_1_469' title='bbox 873 4956 935 5018; x_wconf 89' lang='lat' dir='ltr'><strong>alia</strong></span> <span class='ocrx_word' id='word_1_470' title='bbox 954 4957 1106 5033; x_wconf 91' lang='lat' dir='ltr'><strong>methodo,</strong></span> <span class='ocrx_word' id='word_1_471' title='bbox 1132 4957 1169 5018; x_wconf 87' lang='lat' dir='ltr'><strong>de</strong></span> <span class='ocrx_word' id='word_1_472' title='bbox 1193 4977 1252 5039; x_wconf 89' lang='lat' dir='ltr'><strong>qua</strong></span> <span class='ocrx_word' id='word_1_473' title='bbox 1274 4978 1332 5020; x_wconf 92' lang='lat' dir='ltr'><strong>nou</strong></span> <span class='ocrx_word' id='word_1_474' title='bbox 1358 4967 1406 5021; x_wconf 90' lang='lat' dir='ltr'><strong>est</strong></span> <span class='ocrx_word' id='word_1_475' title='bbox 1429 4959 1518 5039; x_wconf 88' lang='lat' dir='ltr'><strong>hujus</strong></span> <span class='ocrx_word' id='word_1_476' title='bbox 1541 4960 1599 5022; x_wconf 92' lang='lat' dir='ltr'><strong>loci</strong></span> <span class='ocrx_word' id='word_1_477' title='bbox 1614 4960 1724 5034; x_wconf 89' lang='lat' dir='ltr'><strong>dicere,</strong></span> <span class='ocrx_word' id='word_1_478' title='bbox 1750 4980 1825 5041; x_wconf 91' lang='lat' dir='ltr'><strong>quas</strong></span> <span class='ocrx_word' id='word_1_479' title='bbox 1846 4963 1927 5041; x_wconf 94' lang='lat' dir='ltr'><strong>apud</strong></span> 
     </span>
     <span class='ocr_line' id='line_1_49' title="bbox 560 5045 1928 5127; baseline 0.001 -18"><span class='ocrx_word' id='word_1_480' title='bbox 560 5045 639 5109; x_wconf 81' lang='lat' dir='ltr'><strong>lixas</strong></span> <span class='ocrx_word' id='word_1_481' title='bbox 662 5066 716 5109; x_wconf 88' lang='lat' dir='ltr'><strong>ssu</strong></span> <span class='ocrx_word' id='word_1_482' title='bbox 738 5064 799 5125; x_wconf 94' lang='lat' dir='ltr'><strong>qua</strong></span> <span class='ocrx_word' id='word_1_483' title='bbox 822 5046 876 5107; x_wconf 88' lang='lat' dir='ltr'><strong>sub</strong></span> <span class='ocrx_word' id='word_1_484' title='bbox 902 5045 1049 5107; x_wconf 84' lang='lat' dir='ltr'><strong>distantia</strong></span> <span class='ocrx_word' id='word_1_485' title='bbox 1072 5065 1092 5107; x_wconf 90' lang='lat' dir='ltr'><strong>a</strong></span> <span class='ocrx_word' id='word_1_486' title='bbox 1114 5046 1229 5108; x_wconf 88' lang='lat' dir='ltr'><strong>vertice</strong></span> <span class='ocrx_word' id='word_1_487' title='bbox 1243 5046 1332 5110; x_wconf 90' lang='lat' dir='ltr'><strong>Luna</strong></span> <span class='ocrx_word' id='word_1_488' title='bbox 1354 5047 1460 5127; x_wconf 89' lang='lat' dir='ltr'><strong>quovis</strong></span> <span class='ocrx_word' id='word_1_489' title='bbox 1478 5056 1628 5110; x_wconf 90' lang='lat' dir='ltr'><strong>momento</strong></span> <span class='ocrx_word' id='word_1_490' title='bbox 1648 5066 1795 5127; x_wconf 87' lang='lat' dir='ltr'><strong>apparere</strong></span> <span class='ocrx_word' id='word_1_491' title='bbox 1815 5050 1928 5112; x_wconf 88' lang='lat' dir='ltr'><strong>debeat</strong></span> 
     </span>
     <span class='ocr_line' id='line_1_50' title="bbox 563 5132 1927 5217; baseline 0.001 -20"><span class='ocrx_word' id='word_1_492' title='bbox 563 5136 664 5211; x_wconf 89' lang='lat' dir='ltr'><strong>oculo,</strong></span> <span class='ocrx_word' id='word_1_493' title='bbox 699 5133 749 5217; x_wconf 92' lang='lat' dir='ltr'><strong>qui</strong></span> <span class='ocrx_word' id='word_1_494' title='bbox 778 5132 809 5197; x_wconf 94' lang='lat' dir='ltr'><strong>in</strong></span> <span class='ocrx_word' id='word_1_495' title='bbox 840 5139 944 5196; x_wconf 87' lang='lat' dir='ltr'><strong>centro</strong></span> <span class='ocrx_word' id='word_1_496' title='bbox 967 5134 1080 5196; x_wconf 87' lang='lat' dir='ltr'><strong>Terrae</strong></span> <span class='ocrx_word' id='word_1_497' title='bbox 1112 5135 1356 5199; x_wconf 86' lang='lat' dir='ltr'><strong>constitueretur.</strong></span> <span class='ocrx_word' id='word_1_498' title='bbox 1402 5134 1520 5200; x_wconf 86' lang='lat' dir='ltr'><strong>Eodem</strong></span> <span class='ocrx_word' id='word_1_499' title='bbox 1542 5144 1693 5198; x_wconf 85' lang='lat' dir='ltr'><strong>momento</strong></span> <span class='ocrx_word' id='word_1_500' title='bbox 1717 5137 1927 5201; x_wconf 89' lang='lat' dir='ltr'><strong>instrumentis</strong></span> 
     </span>
    </p>
   </div>
   <div class='ocr_carea' id='block_1_6' title="bbox 0 0 2296 6192">
    <p class='ocr_par' dir='ltr' id='par_1_8' title="bbox 0 0 2296 6192">
     <span class='ocr_line' id='line_1_51' title="bbox 0 0 2296 6192; baseline 0 0"><span class='ocrx_word' id='word_1_501' title='bbox 0 0 2296 6192; x_wconf 95' lang='lat' dir='ltr'><strong> </strong></span> 
     </span>
    </p>
   </div>
  </div>
 </body>
</html>
