4584 6192
918 594 1165 661 coronopode

439 777 481 853 4)
508 782 631 843 Lucem
655 800 674 841 a
697 779 815 841 lucente
837 777 867 839 in
893 777 1090 840 illuminatum
1113 774 1202 838 lineis
1225 772 1319 836 rectis
1342 770 1484 834 incidere.

441 870 481 944 5)
510 869 632 932 Omnia
656 869 781 930 lucentis
806 867 941 947 corporis
964 875 1077 947 puncta
1101 865 1202 926 radios
1225 864 1382 943 projicere.
1642 940 1649 955 .

442 956 484 1032 6)
511 957 685 1030 Quodlibet
707 956 833 1018 lucentis
865 957 984 1018 rotundi
1008 962 1153 1036 punctum
1176 950 1385 1015 orbiculariter
1407 947 1436 1008 in
1460 962 1563 1007 omnes
1586 959 1725 1021 regiones

366 1047 584 1127 hemisphaerii
607 1045 784 1109 translucidi
807 1053 839 1106 et
862 1046 962 1106 omnia
986 1043 1105 1106 omnino
1129 1042 1194 1122 ejus
1218 1047 1329 1119 puncta
1352 1038 1449 1099 lucem
1471 1049 1626 1112 spargere.

448 1137 488 1209 7)
516 1135 554 1198 Si
578 1135 698 1197 unicum
720 1143 862 1214 punctum
886 1135 1002 1207 luceat,
1035 1134 1133 1194 lumen
1158 1132 1188 1192 in
1211 1129 1329 1209 pariete
1352 1133 1434 1188 recte
1456 1122 1577 1201 objecto
1600 1119 1727 1197 figuram

368 1226 541 1288 habiturum
566 1226 733 1296 fenestrae,
757 1244 811 1303 per
836 1242 923 1303 qnam
948 1230 1030 1285 recto
1045 1222 1154 1299 illapsu
1170 1220 1228 1281 fnit
1250 1219 1434 1297 ingressuum
1458 1219 1491 1272 et
1513 1209 1640 1271 eandem
1663 1207 1727 1267 fore

369 1314 596 1396 proportionem
611 1312 830 1375 dimetientium
846 1313 997 1375 fenestrae
1020 1319 1052 1373 et
1065 1307 1192 1389 parietis
1211 1304 1364 1376 illustrati,
1388 1320 1464 1382 quae
1479 1306 1528 1359 est
1541 1297 1727 1359 discessuunr

371 1406 525 1483 utriusque
550 1424 570 1464 a
592 1402 712 1464 lucente
736 1409 855 1480 puncto.

455 1490 494 1565 8)
520 1491 616 1553 binas
639 1490 768 1552 lucentis
792 1490 895 1569 puncti
920 1490 1016 1552 lineas
1039 1485 1270 1549 illuminatorias
1298 1498 1488 1561 quascunque
1519 1475 1641 1576 medem
1669 1490 1725 1569 ⁸¹¹}

371 1582 472 1660 gnlnm
496 1579 618 1659 quidem
642 1579 759 1653 facere,
795 1598 860 1641 cum
884 1584 1064 1640 concurrant
1091 1578 1120 1637 in
1144 1593 1201 1636 sua
1228 1572 1358 1650 origiue,
1391 1577 1525 1630 ceterum
1551 1564 1581 1624 iu
1607 1578 1727 1663 immani

374 1670 512 1730 discessu
537 1668 666 1729 lucentis
690 1668 728 1729 ab
751 1668 961 1730 illustratam
985 1667 1023 1727 sb
1047 1661 1320 1746 aequidistantibus
1344 1664 1377 1721 et
1399 1677 1457 1719 nou
1481 1649 1726 1717 concurrentibus

373 1757 502 1820 discerni
527 1775 585 1817 non
608 1774 710 1836 posse.

460 1842 497 1918 9)
524 1843 557 1907 Si
582 1845 700 1907 unicum
718 1851 860 1925 punctum
884 1844 984 1905 luceat
1005 1841 1220 1905 inaestimabili
1241 1840 1410 1901 submotum
1434 1830 1604 1903 intervallo,
1630 1828 1727 1890 lumen

372 1934 397 1995 io
420 1934 540 2014 pariete
565 1941 648 1995 recte
672 1934 790 2014 objecto
813 1952 871 1994 non
896 1934 1019 2011 figuram
1043 1939 1174 2003 tanturn,
1207 1928 1260 1991 sed
1284 1935 1317 1989 et
1340 1922 1541 2007 quantitatem
1566 1919 1727 1988 fenestrae,

374 2043 459 2103 quam
485 2032 572 2084 recto
596 2022 701 2085 itinere
725 2022 860 2095 transiit,
886 2028 1189 2101 repraesentaturum.

463 2108 521 2184 10)
545 2111 591 2172 ht
620 2111 705 2198 quia,
738 2112 816 2191 qnod
847 2112 940 2184 lucet,
969 2110 1127 2173 latitudine
1152 2112 1281 2191 quadam
1312 2112 1425 2173 fontem
1454 2108 1574 2171 luminis
1597 2105 1729 2173 metitur,

375 2218 496 2262 necesse
520 2207 570 2260 est
593 2198 793 2279 quantitatem
818 2199 960 2261 illustrati
983 2199 1110 2279 parietis
1132 2201 1277 2278 majorem
1302 2218 1369 2263 esse
1393 2198 1494 2279 spatio
1517 2198 1678 2258 fenestrae.

464 2286 518 2360 11)
543 2285 621 2349 Cum
644 2288 778 2351 fenestra
800 2288 989 2369 paucioribus
1013 2290 1075 2350 suis
1100 2289 1327 2351 dirnetienlibns
1347 2308 1367 2349 a
1384 2287 1501 2366 pariete
1525 2286 1621 2347 distat
1639 2300 1728 2363 quam

377 2396 478 2456 corpus
502 2377 608 2439 lucens
632 2377 705 2449 suis,
730 2386 762 2438 et
784 2378 972 2439 carneadem
995 2376 1043 2439 e‘st
1068 2380 1163 2455 ligura
1186 2379 1302 2458 corpori
1323 2376 1449 2451 lucenti,
1474 2395 1552 2456 quse
1577 2374 1729 2435 fenestrae

378 2466 486 2526 directe
511 2465 685 2547 oppositae,
711 2473 741 2526 et
764 2485 829 2526 curu
854 2486 957 2529 omnes
981 2467 1099 2528 termini
1119 2468 1271 2529 fenestrae
1287 2467 1422 2529 omnibns
1437 2462 1572 2526 terminis
1596 2460 1730 2539 corporis

379 2554 460 2615 lucidi
476 2554 700 2633 aequidistant:
725 2555 822 2634 portio
846 2574 962 2634 quoque
985 2555 1119 2636 parietis,
1145 2556 1193 2635 qui
1218 2558 1334 2619 directa
1358 2554 1527 2618 radiatione
1550 2551 1729 2622 illustratur,

380 2661 556 2703 comnrnnem
581 2642 698 2723 utrique
723 2644 826 2705 induet
848 2645 974 2722 figuram
998 2652 1030 2705 et
1052 2645 1221 2724 aequaliter
1244 2645 1346 2707 sitam.

463 2729 519 2804 12)
543 2731 590 2792 Α1
611 2751 678 2793 cum
702 2733 892 2794 manentibus
918 2732 1023 2794 iisdem
1048 2733 1205 2795 distantiis
1225 2735 1273 2796 vel
1303 2735 1365 2795 situ
1384 2732 1432 2792 vel
1457 2730 1648 2793 terminorum
1673 2727 1729 2786 hn-

381 2818 507 2883 bitudine
540 2820 714 2901 discrepant
742 2822 854 2901 figurae
880 2821 954 2883 lucis
979 2830 1011 2885 et
1035 2823 1202 2896 fenestrae,¹
1235 2834 1306 2885 tuuc
1327 2819 1514 2900 marginibus
1538 2817 1657 2880 formati
1682 2816 1730 2875 lu-

382 2910 460 2971 minis
483 2910 512 2969 in
538 2909 655 2987 pariete
679 2910 790 2991 aliquid
814 2910 851 2971 de
876 2910 1011 2972 acumine
1035 2912 1200 2973 communis
1224 2913 1337 2991 figurae
1361 2908 1489 2974 decedit

464 2994 520 3069 13)
545 2996 580 3059 Si
605 2997 739 3060 fenestra
761 3006 904 3078 punctum
927 3008 1025 3073 esset,
1059 3000 1158 3062 luruen
1182 3009 1264 3063 recte
1296 3000 1408 3080 objecti
1431 2995 1557 3079 parietis
1581 2993 1731 3073 exquisite

384 3085 510 3148 indueret
544 3088 668 3164 figuram
697 3086 878 3149 illustrantis
911 3089 1044 3168 corporis
1077 3090 1130 3150 sed
1163 3088 1330 3163 inversam,
1362 3097 1395 3151 et
1423 3087 1527 3149 eadem
1559 3085 1637 3146 foret
1658 3100 1731 3161 pro-

383 3176 470 3253 portio
494 3174 728 3251 dimetientium,
752 3176 880 3238 lucentis
904 3177 1039 3258 corporis
1062 3186 1094 3241 et
1118 3175 1262 3241 illustrati
1285 3178 1429 3259 parietis,
1454 3192 1531 3256 quae
1551 3178 1599 3235 est
1614 3171 1732 3234 disces-

384 3280 459 3325 sunm
483 3262 639 3343 utriusque
664 3282 683 3324 s
706 3264 847 3325 fenestra.
1664 3273 1670 3279 “

465 3346 520 3424 ld)
546 3348 624 3414 Cum
643 3352 778 3415 fenestra
807 3371 865 3414 non
892 3353 1083 3432 paucioribus
1107 3354 1170 3415 suis
1195 3353 1420 3416 dimetientibus
1444 3351 1540 3414 distat
1563 3370 1582 3411 a
1604 3346 1732 3431 pariete.

386 3459 463 3518 quarn
487 3458 598 3519 corpus
618 3439 746 3501 lucidum
770 3440 848 3512 suis,
873 3442 967 3521 ligura
985 3442 1112 3521 parietis
1136 3442 1281 3506 illustrati
1305 3442 1471 3525 degenerat
1493 3441 1623 3519 aligera
1646 3437 1733 3498 fene·

385 3537 458 3591 strae
482 3528 512 3589 in
536 3529 661 3608 figuram
687 3529 780 3609 ipsius
806 3529 934 3591 lucentis
957 3532 1100 3610 corporis.

465 3614 522 3691 15)
547 3616 681 3690 Quodsi,
704 3617 748 3680 sic
770 3617 953 3681 habentibus
977 3618 1146 3695 distantiis,
1171 3620 1278 3682 eadem
1292 3626 1341 3682 est
1359 3620 1454 3698 figura
1468 3618 1631 3690 fenestrae,
1657 3634 1733 3695 qnae

385 3706 494 3786 corpori
517 3705 646 3779 lucenti,
670 3703 748 3767 situs
771 3724 843 3768 vero
867 3716 952 3769 recta
975 3708 1128 3781 inversus,
1155 3709 1252 3771 lumen
1276 3708 1306 3769 iu
1320 3707 1438 3788 pariete
1456 3704 1595 3786 praecise
1608 3704 1733 3766 eandem

385 3790 448 3942 'qum⁴
465 3800 594 3874 utroque
621 3792 747 3873 figuram
779 3794 877 3874 capit,
912 3804 945 3857 at
977 3796 1054 3858 situs
1085 3796 1198 3877 figurae
1234 3796 1403 3858 contrarius
1434 3802 1483 3857 est
1515 3793 1586 3856 situi
1622 3793 1734 3871 figurae

411 3882 515 3945 centis.

467 3966 523 4046 16)
548 3969 661 4032 lisdem
691 3967 891 4034 existentibus
923 3972 1078 4052 proportio
1110 3972 1331 4036 dimetientium
1367 3970 1496 4049 lucentis
1527 3976 1559 4033 et
1591 3965 1734 4031 illustrati
1829 4040 1831 4043 Α

385 4060 482 4122 eadem
505 4067 568 4130 est,
594 4077 672 4140 quae
695 4058 907 4123 distantiarum
931 4061 1261 4142 utriusquespnncto,
1286 4082 1343 4144 quo
1367 4080 1401 4123 se
1423 4068 1525 4122 mutuo
1548 4060 1736 4122 intersecant

388 4148 477 4210 lineae
500 4149 531 4209 in
556 4147 724 4209 contrarios
747 4147 895 4226 utrimque
913 4149 1058 4211 terminos
1082 4152 1201 4211 doctae.

466 4236 595 4299 Scilicet
617 4253 694 4316 quae
717 4243 767 4297 est
788 4236 942 4317 proportio
966 4238 1129 4300 distantiae
1155 4239 1306 4300 fenestrae
1322 4237 1470 4317 spariete
1494 4235 1533 4297 ad
1557 4232 1735 4296 distantiam

385 4325 511 4403 ejusdem
534 4344 555 4384 a
578 4323 713 4397 lucente,
736 4323 841 4387 eadem
864 4331 914 4387 est
935 4327 1090 4406 proportio
1114 4325 1302 4389 dimetientis
1326 4324 1469 4388 illustrati
1494 4324 1612 4397 (demta
1635 4322 1733 4383 dirne-

386 4414 473 4475 ticnte
489 4414 659 4485 fenestrae)
684 4412 722 4474 ad
737 4411 943 4475 dimetientem
964 4415 1106 4483 lucentis,
1131 4415 1238 4478 addita
1261 4414 1367 4478 eadem
1382 4416 1533 4477 fenestrae
1548 4408 1734 4474 dimetiente.

468 4500 524 4575 17)
550 4500 594 4561 Α1
617 4519 685 4562 cum
707 4500 755 4562 vel
779 4519 837 4561 uon
862 4502 967 4566 eadem
990 4510 1039 4566 est
1070 4504 1165 4583 figura
1190 4505 1340 4566 fenestrae
1364 4520 1440 4583 qnae
1470 4500 1581 4563 lucenti
1603 4500 1653 4561 vel
1676 4517 1735 4560 uon

385 4590 527 4654 mutuaris
552 4590 614 4651 sita
646 4588 773 4651 lucentis
797 4590 925 4670 figurae,
956 4598 1028 4655 tunc
1058 4591 1242 4673 marginibus
1267 4590 1411 4653 illustrati
1435 4588 1599 4652 schematis
1622 4585 1735 4667 aliquid
1807 4599 1818 4620 ·

385 4678 416 4740 de
438 4678 575 4743 momine
599 4675 782 4740 illustrantis
805 4677 934 4742 decedit

464 4785 538 4837 usae
560 4788 699 4848 munstur
719 4783 745 4833 in
759 4785 927 4848 manuscripto
941 4784 991 4835 slis
1008 4784 1165 4835 theoremata
1182 4784 1329 4834 intermixtis
1348 4782 1553 4848 problematibus:

468 4856 500 4931 1)
523 4854 661 4918 Badium
683 4852 765 4916 Solis
787 4873 841 4935 per
864 4856 1029 4917 fenestram
1052 4856 1255 4935 cujuscunque
1279 4855 1391 4932 figurae
1421 4853 1561 4933 illapsum
1584 4849 1614 4910 in
1638 4865 1736 4929 oppo-

386 4942 466 5008 situm
489 4944 657 5026 parietem,
691 4941 740 5022 qui
764 4942 884 5024 quidem
908 4964 928 5004 a
950 4943 1085 5006 fenestra
1108 4944 1243 5024 pluribus
1267 4943 1363 5004 distet
1391 4943 1544 5005 fenestrae
1567 4937 1736 5010 diametro,

386 5050 463 5113 qnam
485 5055 505 5095 a
523 5032 602 5096 Sole
626 5028 801 5104 Solaribus,
825 5032 985 5094 rotundum
1009 5051 1167 5113 apparere.

462 5120 498 5198 2)
521 5119 595 5187 Nisi
619 5117 755 5183 fenestra
776 5127 831 5184 sut
857 5127 1001 5203 punctura
1028 5120 1147 5187 unicum
1171 5121 1220 5185 sit
1249 5128 1303 5182 aut
1316 5119 1462 5183 ‘rotunda
1495 5112 1643 5197 simulque
1672 5111 1737 5177 Soli
