4584 6192
997 561 1130 613 marm.
1600 503 1603 512 ⁵
1678 567 1742 634 sau

388 736 564 818 quiescunt,
597 755 655 804 uon
688 738 786 800 miuus
818 757 908 820 quam
940 738 1009 800 illas
1042 759 1114 801 suas
1147 746 1275 820 quatuor
1298 738 1402 804 Luuas
1427 743 1584 823 multiplici
1608 752 1743 811 motuum

387 824 538 888 varietate
562 825 643 887 circa
666 846 753 887 suum
775 827 848 889 illud
872 828 1052 889 domicilium
1076 827 1221 890 converti.
1259 828 1307 889 Ex
1331 849 1388 909 quo
1405 833 1542 910 exemplo
1561 834 1656 896 multo
1675 835 1742 914 jam

388 914 495 994 magis,
520 933 610 993 quam
632 914 715 994 prius
739 914 875 994 exemplo
900 917 1014 990 Lunae,
1039 917 1137 978 discet
1160 915 1282 978 Samiae
1306 918 1514 998 philosophiae
1538 923 1646 998 cultor,
1671 926 1743 1005 quid

389 1003 608 1066 absurditatem
632 1003 781 1084 dogmatis
806 1005 842 1065 de
866 1014 949 1066 motu
973 1005 1102 1067 Telluris
1127 1003 1280 1083 objicienti
1308 1005 1450 1087 visusque
1478 1010 1575 1072 nostri
1600 1012 1743 1075 testimo-

389 1093 470 1154 nium
494 1091 640 1170 alleganti
664 1094 839 1172 responderi
869 1093 976 1173 possit.
1024 1092 1051 1155 0
1080 1093 1329 1167 multiscium,
1360 1099 1562 1175 et'quovis
1592 1109 1743 1179 sceptro

388 1180 601 1262 preciosius
624 1181 896 1260 perspicilluml
921 1201 981 1254 au,
1006 1181 1065 1260 qui
1088 1192 1125 1243 te
1150 1183 1289 1243 dextra
1312 1190 1432 1258 tenet,
1458 1183 1526 1246 ille
1550 1207 1622 1249 uon
1647 1189 1743 1266 Rex,

389 1288 460 1332 uon
484 1269 668 1331 Dominus
692 1270 958 1331 constituatur
981 1289 1134 1349 operum
1158 1270 1253 1331 Dei?
1300 1271 1381 1332 Vere
1407 1281 1458 1333 tu:

481 1355 591 1430 „Quod
615 1376 707 1436 supra
731 1367 822 1437 caput
845 1367 907 1432 est,
937 1377 1063 1438 magnos
1087 1377 1154 1420 cum
1179 1358 1309 1420 motibus
1333 1359 1421 1422 orbes
1445 1360 1569 1439 subjicis
1594 1363 1769 1442 iugenio.“·

480 1445 514 1508 Si
549 1446 629 1527 quis,
663 1448 754 1525 paulo
784 1447 907 1526 aequior
931 1443 1098 1525 Cuperuico
1132 1456 1163 1510 et
1187 1446 1311 1509 Samiae
1343 1448 1551 1528 philosophiae
1575 1450 1746 1528 luminibus,

389 1534 439 1596 hic
462 1536 558 1597 solum
582 1536 706 1610 haeret,
737 1535 877 1596 dubitans
905 1535 956 1615 qui
979 1535 1041 1596 lieri
1065 1537 1183 1614 possit,
1218 1543 1259 1608 ut,
1285 1537 1379 1597 Terra
1403 1537 1530 1599 medium
1554 1540 1745 1617 planetarum

390 1623 450 1686 iter
472 1642 527 1703 per
550 1643 673 1703 campos
696 1623 850 1686 aetherios
873 1631 1001 1699 terente,
1018 1624 1106 1685 Luna
1125 1624 1248 1686 illitam
1272 1633 1446 1687 constanter
1469 1627 1552 1688 velut
1576 1627 1747 1692 individuus

391 1731 493 1774 comes
526 1712 694 1774 adhaereat
724 1712 901 1792 interimque
935 1721 966 1773 et
997 1712 1117 1791 globum
1151 1713 1249 1792 ipsum
1278 1712 1408 1774 Telluris
1441 1713 1680 1792 circumvolitet,
1717 1717 1745 1780 iu

391 1820 506 1864 morem
522 1801 599 1863 fidae
615 1800 779 1874 caniculae,
805 1819 881 1880 quae
896 1801 1043 1862 viatorem
1067 1801 1219 1863 dominum
1243 1801 1335 1863 variis
1360 1802 1537 1881 ambagibus
1560 1823 1637 1866 nuuc
1657 1814 1747 1868 aute-

392 1890 567 1952 cursitaudo
590 1908 667 1950 uuuc
691 1891 730 1950 ad
755 1889 852 1950 latera
875 1890 1033 1968 evagando
1057 1889 1169 1966 cingit:
1208 1889 1234 1951 is
1256 1890 1365 1952 Juvem
1394 1891 1542 1970 aspiciat,
1577 1893 1626 1972 qui
1659 1913 1748 1956 mou-

392 1987 511 2041 straute
536 1979 591 2040 hoc
614 1977 788 2057 perspicillo
813 1997 871 2038 nou
895 1997 984 2039 unum
1009 1979 1102 2039 talem
1126 1977 1275 2054 comitem,
1300 1977 1344 2040 uti
1368 1980 1461 2041 Terra
1485 1978 1668 2059 Copernico,
1694 1983 1749 2045 sed

393 2067 515 2130 omuino
540 2076 668 2147 quatuor
699 2085 801 2128 secum
835 2075 916 2127 certe
950 2067 1044 2127 trahit
1075 2086 1224 2147 uunquam
1249 2069 1346 2145 ipsum
1370 2067 1546 2129 deserentes
1571 2070 1748 2151 interimque

393 2176 479 2218 suam
502 2155 637 2235 singulos
661 2154 885 2216 circulationem
908 2166 1060 2234 urgentes.

483 2245 546 2307 Sed
569 2245 606 2306 de
630 2243 678 2305 his
701 2245 778 2305 satis
803 2244 914 2305 dictum
937 2244 967 2305 iu
988 2243 1212 2305 Dissertatioue
1236 2263 1303 2305 cum
1318 2244 1435 2306 Nuucio
1451 2242 1589 2306 Sidereo.
1619 2246 1750 2325 Tempus

394 2342 444 2396 est
477 2345 511 2397 ut
539 2335 578 2394 ad
608 2332 660 2394 illa
688 2352 734 2395 me
767 2341 903 2406 vertam,
936 2350 1012 2411 quae
1036 2339 1106 2411 pust
1129 2333 1240 2394 editum
1265 2333 1412 2394 Nuucium
1437 2331 1594 2395 Sidereum
1623 2342 1750 2415 postque

392 2423 650 2493 Dissertatiouem
675 2441 741 2483 cum
766 2421 817 2483 illo
841 2441 937 2483 meam
961 2421 1127 2501 perspicilli
1151 2421 1240 2501 hujus
1264 2440 1319 2482 usu
1342 2422 1499 2501 patefacta
1522 2429 1601 2483 sunt.
1627 2454 1668 2465 —

485 2517 572 2578 Quae,
595 2513 623 2566 iu
643 2513 818 2582 praefatione
844 2528 896 2566 sua
915 2529 1045 2582 pergens,
1066 2513 1207 2582 Keplerus
1229 2514 1262 2565 de
1287 2512 1485 2566 recentioribus
1512 2512 1632 2566 Galiluei
1659 2515 1750 2568 detec-

395 2598 516 2654 tionibus
537 2596 565 2649 iu
580 2594 657 2647 coelo
672 2593 714 2647 his
730 2593 842 2657 addidit,
865 2610 923 2656 uos,
944 2592 1034 2646 causis
1050 2609 1118 2662 quas
1133 2593 1251 2646 diximus
1266 2608 1333 2662 pag.
1349 2593 1416 2654 450,
1432 2593 1498 2646 mot-i
1516 2592 1747 2654 „Dissertatioui“

393 2677 512 2749 Kepleri
533 2673 730 2745 praemisimus,
753 2690 842 2744 eaque
864 2688 935 2743 quas
956 2673 1036 2725 finem
1052 2672 1158 2726 iaciunt
1178 2672 1361 2742 praefationis
1377 2674 1411 2726 ad
1425 2672 1598 2743 Dioptricam
1619 2673 1752 2744 leguntur

392 2777 462 2830 pag·
482 2755 788 2904 {bberuffbepeteuda
808 2847 950 2885 censemus
964 2831 1080 2901 Kepleri
1095 2833 1189 2896 verba,
1213 2830 1310 2902 quibus
1326 2834 1492 2887 concludens
1511 2833 1629 2886 lectores
1650 2803 1752 2897 mouet,

394 2927 428 2974 ut
446 2915 620 2988 Diuptricam
641 2919 751 2967 attente
773 2913 887 2982 legant:

485 2995 589 3056 Habes
612 2993 704 3072 igitur
728 2990 822 3051 amice
847 2990 941 3052 lector
964 2990 1170 3051 confirmatam
1193 2989 1358 3068 perspicilli
1381 2990 1469 3051 fidem
1488 2989 1517 3050 iu
1542 2991 1753 3053 observatione

394 3103 539 3149 uovorum
573 3079 747 3143 coelestium
789 3077 874 3139 unius
913 3080 1034 3157 iusuper
1070 3077 1213 3140 Germani
1246 3078 1429 3140 testimonio.
1495 3076 1575 3148 Quid
1606 3080 1752 3160 impediat

394 3176 489 3255 igitur
524 3190 571 3234 me
608 3167 869 3251 praestantissimo
904 3167 1101 3228 instrumento
1136 3166 1350 3247 panegyricum
1388 3166 1444 3228 hoc
1483 3167 1585 3230 libello
1619 3187 1751 3251 pangere

395 3261 628 3346 geometricum,
662 3267 750 3337 teque
781 3257 875 3318 lector
905 3256 1026 3317 honoris
1060 3275 1153 3316 causa
1184 3256 1337 3334 praesenti
1371 3253 1471 3316 auimo'
1494 3264 1524 3317 et
1547 3276 1604 3318 uon
1634 3257 1752 3337 vulgari

394 3351 506 3416 mentis
530 3349 708 3422 attentione,
733 3347 803 3407 dum
827 3365 893 3406 eum
917 3365 973 3425 ego
997 3343 1104 3417 recita,
1129 3345 1298 3405 iuteresse?
1335 3342 1403 3414 Qua
1433 3363 1524 3423 opera
1547 3354 1578 3408 et
1600 3346 1752 3426 ingenium

396 3462 489 3507 acues
513 3447 544 3501 et
563 3456 720 3499 causarum
744 3435 935 3516 perceptione
951 3434 1062 3494 evades
1082 3435 1110 3494 iu
1126 3433 1318 3512 philosophia
1337 3433 1462 3506 doctior,
1489 3434 1527 3494 ad
1546 3434 1752 3498 mechanicam

395 3543 430 3595 ct
452 3549 550 3593 rerum
573 3526 689 3588 utilium
714 3535 804 3604 atque
823 3525 1021 3605 jucundarum
1044 3522 1248 3583 inventionem
1273 3523 1456 3596 instructior,
1482 3523 1609 3604 denique
1633 3544 1651 3584 a
1671 3523 1752 3585 mille

395 3621 505 3692 sirudis,
529 3617 635 3699 quibus
658 3616 765 3693 vulgus
789 3613 818 3674 iu
842 3632 972 3675 errorem
996 3611 1076 3672 solet
1098 3610 1207 3682 induci,
1233 3612 1350 3672 cautior
1374 3619 1463 3691 atque
1488 3611 1590 3673 tutior.

488 3710 568 3770 Vale
592 3714 625 3768 et
646 3706 702 3768 hoe
725 3703 911 3783 praeludium
936 3700 1023 3780 aequi
1047 3698 1174 3779 bonique
1199 3699 1329 3761 consule.
