4584 6192
929 598 960 647 do
978 597 1050 646 rebar
1068 594 1171 660 Opticis.
1278 609 1284 619 ·
1682 585 1722 652 61

367 779 456 843 alteri
480 779 579 857 imago
604 777 633 837 in
659 774 684 838 C
709 775 837 847 directe,
872 771 959 834 alteri
983 771 1081 850 imago
1106 771 1134 829 in
1161 768 1267 829 Onon
1299 766 1433 837 videtur,
1465 766 1518 826 sed
1543 767 1604 827 alia
1627 765 1725 845 imago

367 872 396 932 in
420 869 447 929 B
473 867 516 929 illi
540 866 677 939 offertur,
702 864 755 925 sed
780 862 909 941 oblique,
933 860 1041 939 quippe
1066 858 1115 937 qui
1140 877 1198 917 non
1224 858 1251 917 in
1275 858 1301 917 B
1326 856 1428 916 sedin
1453 852 1478 915 C
1503 854 1634 915 directus
1658 874 1726 915 esse

367 956 489 1037 ponitur
512 955 551 1015 ob
575 952 758 1015 evidentiam
781 951 878 1032 partis
902 948 1017 1029 speculi
1031 948 1073 1018 B,
1099 966 1174 1026 qnae
1199 946 1237 1006 ad
1262 964 1294 1005 se
1318 943 1398 1023 rapit
1422 952 1577 1022 utrumque
1601 942 1738 1024 oculum„

370 1047 447 1109 i'iue
472 1046 529 1106 hac
554 1044 591 1103 de
615 1063 647 1103 re
662 1040 772 1121 Optica
796 1039 872 1119 Cap.
889 1039 928 1112 V,
945 1035 975 1100 3.
991 1055 1076 1114 prop.
1093 1033 1189 1107 2-7,
1214 1034 1375 1114 praecipue
1398 1050 1482 1111 prop.
1499 1031 1529 1093 7,
1562 1031 1632 1117 Etsi
1647 1033 1726 1092 enim

368 1137 404 1197 de
428 1134 520 1215 globo
537 1150 632 1211 aqueo
657 1139 835 1202 sermnem,
861 1128 949 1189 facile
965 1136 1066 1188 tamen
1091 1123 1308 1184 demonstratio
1333 1120 1575 1183 accommodatur
1599 1120 1638 1180 ad
1655 1139 1726 1200 spe-

368 1226 465 1288 culum
489 1239 665 1283 concavum.
713 1220 817 1299 ltaque
842 1217 926 1277 vides
950 1215 1042 1276 etiam
1066 1211 1093 1271 in
1119 1210 1238 1291 Opticis
1262 1232 1308 1273 me
1332 1212 1387 1272 hoc
1412 1211 1499 1284 dare,
1524 1228 1581 1271 non
1607 1228 1726 1270 ornnem

367 1315 465 1376 locum
488 1309 630 1389 imaginis
654 1328 721 1370 esse
745 1305 932 1369 a’facultate
965 1302 1125 1365 oculorum.
1174 1299 1254 1371 Quid
1278 1300 1371 1378 igitur
1394 1318 1468 1379 opus
1492 1306 1557 1371 est,
1593 1306 1626 1360 ut
1655 1298 1727 1359 mihi

368 1404 404 1466 de
426 1400 599 1482 pertinacia
621 1406 740 1458 metuas
764 1396 793 1456 iu
823 1400 966 1473 suscepta
990 1411 1061 1453 sen-

369 1490 486 1553 tentia?
532 1487 582 1549 Ex
610 1486 733 1547 infinitis
765 1485 851 1545 unius
883 1483 986 1561 puncti
1011 1502 1062 1542 ra·
1347 1493 1401 1559 fig.
1420 1489 1461 1540 31.

370 1580 426 1642 diis
459 1597 568 1649 noum,
598 1576 658 1648 ais,
696 1576 793 1636 solum
816 1572 845 1633 in
870 1570 987 1634 oculum
1010 1590 1060 1631 re-

371 1668 438 1747 cipi.
492 1666 594 1727 Video
639 1664 726 1724 nobis
767 1662 918 1741 imponere
955 1678 1061 1720 vocum

371 1755 596 1836 ambiguitates.
617 1753 787 1831 Loquamur
801 1751 920 1812 clarius.
944 1749 1061 1810 Puncta

372 1845 524 1909 radiantia
547 1843 667 1914 sintA‚
684 1839 723 1913 C,
749 1839 851 1902 radius
874 1858 980 1912 conus,
1006 1858 1060 1898 cu-

368 1937 415 2015 jus
438 1933 525 1995 basis
544 1933 609 2011 jam
634 1939 683 1992 est
700 1928 754 1992 EF
776 1928 905 1991 latitudo
928 1926 1059 2006 pupillae

372 2022 538 2086 foraminis.
573 2020 655 2099 Ergo
669 2020 735 2096 lege
750 2018 966 2079 mathematica
985 2016 1064 2076 intra

372 2112 422 2175 EF
444 2120 481 2173 ut
504 2110 623 2172 infinita
646 2116 717 2169 sunt
738 2115 864 2186 puncta,
889 2106 933 2166 sic
955 2104 1063 2165 infiniti

372 2221 487 2282 quoqne
511 2218 550 2259 ex
565 2200 593 2260 A
611 2196 701 2271 radii,
726 2196 831 2256 infiniti
856 2196 948 2255 etiam
972 2213 1010 2255 ex
1025 2192 1061 2255 (l.

373 2291 395 2352 li
416 2308 526 2352 omnes
550 2287 756 2367 ingrediuntur
779 2286 827 2356 (et
850 2284 894 2344 sic
914 2283 1063 2362 recipiun-

373 2384 433 2452 tur)
457 2378 488 2440 in
514 2377 641 2438 oculum.
681 2373 858 2435 Sentiuntur
881 2380 980 2433 tamen
997 2390 1062 2432 om-

373 2488 423 2530 nes
456 2466 595 2547 ejusdem
623 2464 688 2525 coni
719 2461 827 2523 radioli
857 2462 912 2522 sub
945 2461 1062 2521 ratione

373 2557 465 2619 auius.
498 2553 672 2616 Incidentes
687 2550 764 2613 enim
780 2550 808 2611 in
824 2550 1061 2630 chrystallinum,

374 2647 433 2726 ejus
472 2643 617 2705 beneficio
653 2640 869 2703 contrahuntur
907 2639 936 2699 in
974 2657 1061 2699 unum

373 2743 530 2815 punctum,
555 2750 659 2792 omnes
683 2730 764 2791 οιΑ
789 2729 817 2788 in
840 2729 881 2799 B,
906 2747 1010 2788 ornnes
1025 2746 1062 2787 err

375 2821 448 2886 (lin
473 2823 512 2885 D.
560 2820 603 2881 Et
620 2820 686 2899 jam
716 2818 764 2878 hic
788 2817 816 2877 in
835 2818 877 2889 B,
902 2817 931 2877 D
955 2835 1062 2878 occur-

374 2907 615 2975 reusretiformis
630 2908 742 2987 excipit
757 2906 941 2967 radiationes
959 2924 1063 2966 omnes

374 3001 525 3064 distincte.
564 2998 650 3059 Haec
669 2998 697 3057 in
714 2995 822 3075 opticis
846 2994 1061 3055 demonstravi.

375 3090 518 3152 Videmur
541 3087 642 3167 itaque
666 3094 789 3164 uterque
805 3102 877 3145 vera
901 3082 1009 3156 dicere,
1034 3083 1059 3143 si

375 3179 414 3241 sic
437 3179 624 3258 explicemus
647 3182 752 3236 nostra
776 3172 877 3233 verba.

456 3286 678 3345 Brenggerns:
703 3279 808 3343 Negavi,
825 3279 906 3328 lucem
929 3295 945 3329 a
966 3284 1094 3344 superficie
1114 3284 1220 3346 eorporis
1246 3282 1364 3346 diaphani
1380 3281 1480 3347 refringi
1505 3297 1587 3347 posse,
1613 3299 1642 3335 eo
1662 3288 1727 3350 quod

374 3355 494 3405 deminae
519 3360 614 3402 careat.
658 3351 696 3399 Tu
721 3365 776 3398 raro
799 3353 931 3413 opposuisti
956 3353 1016 3402 mihi
1043 3355 1103 3419 Cap.
1126 3354 1143 3402 l.
1164 3370 1199 3416 pr.
1222 3351 1262 3401 13.
1293 3353 1398 3417 Opticae
1430 3362 1504 3410 tuae,
1537 3356 1579 3404 ubi
1607 3358 1726 3413 ostendis,

376 3427 510 3491 superficiei
531 3422 711 3487 quodammodo
734 3430 873 3484 competere
898 3423 1055 3474 densitatem.
1094 3427 1157 3475 Eam
1174 3425 1224 3489 legi
1244 3433 1270 3474 et
1288 3425 1451 3474 animadverti
1472 3427 1574 3475 remita
1590 3441 1617 3476 se
1636 3428 1727 3479 habere

374 3507 400 3546 at
417 3497 539 3560 scripsisti
560 3492 596 3557 (p.
620 3492 674 3554 57).
713 3493 773 3541 Esto
796 3494 860 3542 enim
886 3495 973 3556 c'orpus
999 3497 1063 3559 quod
1088 3497 1260 3552 condensetur,
1286 3510 1388 3545 necessa
1411 3503 1450 3545 est
1469 3499 1523 3557 ejus
1548 3497 1728 3562 longitudinem

376 3575 400 3617 et
419 3567 578 3617 latitudinem
600 3572 627 3613 et
646 3579 690 3627 per
710 3578 863 3628 consequens
883 3566 963 3627 ipsam
987 3582 1082 3631 quoque
1104 3567 1257 3630 superficiem
1280 3566 1433 3616 condensari.
1471 3566 1564 3617 Verum
1590 3570 1728 3632 superficiei

375 3638 418 3689 bec
441 3639 538 3689 accidit
560 3650 610 3685 nou
636 3650 678 3698 per
700 3650 726 3684 re
752 3636 796 3684 sed
817 3651 861 3698 per
881 3637 1009 3697 accidens,
1035 3654 1082 3687 nec
1105 3639 1232 3695 absolute,
1255 3638 1299 3687 sed
1323 3638 1457 3687 secundnm
1480 3640 1545 3703 quid.
1583 3639 1643 3688 Ideo
1660 3650 1729 3690 recte

377 3720 437 3764 nte
462 3710 552 3760 addita
578 3716 617 3757 est
647 3708 774 3761 limitatio,
804 3707 868 3771 quod
898 3716 1024 3769 competat
1054 3712 1077 3759 ei
1102 3710 1211 3759 densitas
1237 3709 1516 3773 ,.qnodamm0do.“
1555 3711 1595 3759 Fit
1619 3712 1727 3759 conden-

378 3784 493 3844 tatioper
511 3778 708 3829 contractionem
730 3793 775 3827 seu
792 3779 996 3840 proximatiouem
1020 3779 1059 3841 (ut
1085 3782 1119 3828 sic
1145 3777 1239 3840 dicam)
1260 3782 1366 3844 partium
1387 3781 1492 3842 corporis
1514 3783 1633 3829 continui.
1670 3781 1728 3830 Jam

376 3867 425 3901 rero
450 3850 608 3915 superficies,
633 3850 652 3896 si
673 3847 851 3913 longitudinem
869 3856 967 3911 spectes
988 3858 1013 3899 at
1039 3851 1209 3907 latitudinem,
1233 3859 1272 3899 est
1293 3851 1392 3899 dividua
1412 3860 1437 3899 et
1456 3850 1532 3899 habet
1553 3861 1645 3914 partes.
1664 3866 1729 3914 quae

376 3925 399 3971 in
420 3929 556 3989 angustum
582 3921 694 3970 contrahi
716 3928 826 3983 possunt.
851 3926 880 3968 ut
895 3922 930 3968 sic
953 3921 998 3969 frat
1019 3924 1117 3971 densior
1138 3937 1182 3970 suo
1204 3921 1283 3970 modo.
1323 3924 1357 3970 At
1377 3923 1513 3970 secuudum
1536 3922 1728 3983 profunditatem

378 3997 425 4056 ejas
447 4008 506 4058 pars
530 3992 601 4040 nulla
624 4000 676 4047 est,
708 4005 783 4054 quara
812 3991 947 4039 secundum
971 3992 1037 4041 hauc
1058 3991 1100 4053 (de
1123 4007 1172 4056 qua
1197 3994 1348 4055 potissimum
1373 3992 1442 4041 nobis
1463 4007 1543 4041 sermo
1569 3988 1618 4051 est)
1639 3992 1728 4041 nulline

378 4078 450 4127 capax
475 4072 515 4114 est
542 4063 681 4112 densitatis.
718 4062 764 4110 Hir
789 4064 924 4118 stantibus,
958 4064 979 4111 si
1005 4064 1141 4127 fingamus,
1169 4063 1265 4111 radium
1290 4063 1413 4126 quendam
1432 4064 1536 4112 transire
1558 4078 1602 4126 per
1619 4063 1727 4127 longitu-

378 4135 452 4184 dinem
476 4134 624 4198 superficiei,
650 4147 706 4181 eum
730 4133 840 4182 dicemus
864 4134 963 4198 refringi
983 4148 998 4182 a
1020 4134 1143 4183 densitate
1162 4135 1313 4197 superficiei:
1339 4140 1366 4182 at
1390 4135 1452 4182 radii
1469 4140 1724 4197 transeuntessuper·

379 4205 463 4266 wem,
486 4220 536 4254 non
559 4218 609 4268 qua
632 4204 708 4267 longa
731 4211 775 4251 aut
791 4203 859 4264 lata,
885 4205 930 4253 sed
948 4220 992 4267 per
1012 4213 1195 4260 transversum,
1226 4211 1348 4268 quatenus
1372 4205 1467 4253 scilicet
1484 4204 1590 4253 indivisa
1615 4212 1654 4254 est
1679 4220 1729 4255 noc

380 4284 455 4339 partes
479 4277 575 4325 habena
600 4290 646 4324 nec
671 4276 829 4330 densitatem,
855 4276 886 4323 ab
910 4276 954 4324 illa
974 4277 1074 4340 refringi
1095 4291 1144 4324 non
1166 4282 1277 4339 possunt.
1303 4275 1346 4324 aad
1371 4281 1469 4324 tantum
1491 4289 1507 4323 a
1533 4275 1656 4325 densitate
1674 4291 1728 4326 cor-

381 4350 437 4410 paru
465 4347 596 4422 diaphapi,
632 4360 695 4410 qnae
724 4348 783 4410 quia
812 4359 862 4395 non
891 4347 915 4394 in
941 4350 994 4409 ejus
1024 4349 1165 4395 summitate
1197 4346 1319 4395 duntaxat
1341 4355 1367 4394 et
1390 4348 1456 4395 circa
1473 4346 1627 4409 superficiem
1648 4347 1728 4396 locum

381 4416 463 4477 mter,
490 4417 535 4468 sed
556 4430 601 4480 per
625 4432 709 4467 omnes
728 4417 892 4466 dimensiones
913 4420 988 4466 totius
1013 4417 1102 4466 difliasa
1127 4425 1178 4470 est.
1205 4418 1268 4465 ratio
1287 4417 1366 4465 dictat
1387 4417 1468 4465 radios
1486 4416 1619 4466 luminosos
1640 4433 1689 4466 uon
1703 4421 1729 4466 iu

383 4490 516 4538 mmnitate
542 4495 655 4544 nutum,
678 4488 721 4537 sed
744 4490 771 4536 in
795 4494 847 4536 toto
873 4502 972 4550 corpore
996 4490 1136 4551 passionem
1158 4488 1226 4536 illam
1251 4489 1382 4541 sustinere,
1403 4502 1476 4551 qnam
1501 4489 1576 4550 optici
1598 4503 1647 4536 non
1668 4490 1728 4537 satir

385 4560 499 4609 cmmode
519 4559 695 4608 refractionem
720 4558 852 4621 appellant.
890 4559 1031 4607 Persuadeo
1057 4574 1103 4623 ego
1122 4557 1190 4613 mihi.
1213 4560 1238 4606 in
1260 4557 1384 4621 diaphano
1407 4558 1482 4606 denso
1502 4559 1582 4606 radios
1607 4558 1728 4612 contrahi.

385 4630 435 4692 qaia
455 4638 540 4694 partes
563 4629 629 4678 illine
653 4636 711 4679 sunt
735 4636 878 4679 contractae
903 4636 929 4679 et
950 4636 1109 4686 coarctataer
1132 4632 1157 4678 in
1179 4644 1234 4678 raro
1253 4616 1433 4678 vero’diiatari
1454 4644 1497 4692 pro
1519 4630 1616 4678 rationo
1638 4628 1728 4678 dilata-

386 4701 449 4750 arm
472 4702 580 4765 partium
604 4702 710 4764 corporis
735 4700 852 4763 diaphani
874 4702 930 4749 rari.

462 4773 662 4853 Keplerus:
687 4772 815 4834 Pulchre
830 4790 965 4851 pugnas,
990 4771 1166 4845 ostendens,
1192 4770 1338 4850 quomodo
1354 4769 1431 4831 radii
1454 4768 1596 4850 diaphani
1620 4788 1729 4855 euper-

389 4857 472 4923 iciem
494 4859 668 4940 trajiciant,
703 4880 760 4922 non
794 4879 854 4940 qua
883 4861 935 4921 illa
965 4867 1013 4921 est
1043 4859 1137 4920 densa
1161 4880 1193 4920 se
1218 4860 1299 4937 ipsa,
1335 4858 1394 4920 imo
1418 4876 1477 4938 qua
1499 4859 1611 4920 nullam
1635 4858 1729 4920 habet

391 4958 493 5025 partem
516 4948 575 5012 sibi
599 4949 780 5011 obstantem.
813 4950 858 5011 At
880 4967 992 5028 quaeso
1016 4957 1060 5021 te,
1086 4948 1155 5028 quid
1179 4956 1269 5026 putas
1286 4946 1315 5008 in
1330 4947 1455 5027 chalybe
1479 4946 1558 5020 fieri,
1583 4946 1654 5026 quid
1678 4966 1729 5009 re-

392 5038 505 5112 percutit
527 5037 646 5100 radium
669 5036 770 5100 Solis?
807 5035 1007 5116 Superficies?
1047 5037 1093 5098 At
1115 5036 1217 5098 radius
1241 5035 1285 5096 illi
1309 5036 1366 5097 hac
1390 5035 1508 5108 incidit,
1534 5053 1593 5115 qna
1616 5035 1729 5097 nullam

393 5119 471 5187 babet
489 5134 625 5208 partem,
657 5135 692 5188 ut
714 5135 746 5188 tu
770 5125 858 5188 modo
881 5125 1016 5200 dixeras,
1051 5124 1160 5204 quippe
1188 5131 1273 5187 earet
1301 5122 1517 5205 profunditate.
1564 5124 1613 5185 Au
1639 5123 1730 5208 igitur
