4584 6192
960 557 1042 624 Caput
1059 558 1104 610 IV.
1124 557 1149 609 5.
1670 559 1732 626 195

379 734 579 814 refringantur
611 742 698 795 tauto
733 735 860 813 angulo,
894 735 919 793 si
953 735 996 795 sic
1029 734 1183 809 incidunt,
1215 743 1248 794 ut
1281 735 1412 809 dictum,
1447 738 1523 816 quod
1557 737 1732 800 Vitellianis

379 824 564 901 experientia
586 823 673 884 nobis
697 823 871 904 hypothesis
896 823 961 882 leco
985 823 1132 901 proponit.
1173 821 1261 893 Quod
1285 824 1311 883 si
1331 843 1402 902 ergo
1427 825 1612 904 superficiem
1637 847 1732 907 quae-

378 913 468 973 sitam
492 912 592 990 tangit
614 910 658 988 ss
683 912 710 971 in
736 912 768 985 S,
793 912 846 972 illa
868 930 939 971 vero
964 912 1123 971 radiationi
1144 914 1184 972 Aa
1208 912 1299 973 debet
1322 932 1476 975 occurrero
1500 916 1529 975 in
1555 915 1732 996 obliquitate

376 1023 416 1073 τι,
447 1001 540 1061 debet
573 1020 644 1075 ergo
678 1002 758 1061 flecti
789 1000 827 1060 ab
852 998 874 1062 S
904 1000 982 1059 infra
1005 1026 1013 1058 ι
1037 1001 1065 1060 in
1091 1024 1121 1072 υ,
1157 1011 1188 1061 et
1217 1028 1247 1063 αι
1274 1002 1421 1079 producta
1449 1005 1528 1065 ultra
1552 1030 1560 1063 ι
1588 1004 1617 1065 iu
1650 1005 1733 1066 illam

377 1090 502 1161 incidet,
535 1099 610 1167 puta
634 1089 662 1149 in
687 1114 720 1163 v,
755 1097 860 1166 tanget
888 1108 958 1149 vero
988 1089 1015 1147 iu
1037 1114 1055 1147 u
1079 1099 1189 1166 puncto
1224 1090 1403 1151 incidentiae
1437 1093 1539 1172 aliqua
1570 1094 1734 1171 parallelos

375 1179 432 1258 ipsi
457 1202 492 1239 τι.
549 1182 596 1239 At
628 1198 820 1256 quaecunque
851 1198 887 1238 ea
921 1179 1021 1237 lutura
1054 1188 1115 1246 est,
1150 1199 1207 1239 non
1242 1179 1332 1238 debet
1364 1179 1418 1241 AS
1451 1201 1554 1241 secare
1590 1183 1668 1243 inl'ra
1700 1182 1733 1243 S.

376 1267 505 1329 Secaret
529 1268 607 1327 enim
639 1270 825 1345 superficiem
850 1268 876 1327 in
903 1266 925 1327 S
950 1267 1187 1345 pertingentem,
1224 1287 1310 1346 quam
1341 1277 1440 1330 tamen
1465 1271 1586 1348 ponitur
1609 1280 1734 1350 tangere

376 1356 495 1417 debere.
543 1356 625 1432 Ergo
650 1356 726 1416 hanc
751 1365 879 1435 tangens
905 1356 932 1415 in
958 1380 984 1428 υ,
1010 1365 1095 1416 secat
1114 1355 1147 1416 Sc
1172 1366 1345 1435 tangentem
1366 1359 1431 1418 loeo
1456 1359 1633 1421 intermedio
1659 1361 1736 1421 inter

375 1445 398 1506 S
424 1455 456 1504 et
478 1470 497 1503 ι.
546 1445 732 1505 Producatur
757 1446 851 1505 donec
875 1454 959 1505 secet
983 1454 1013 1503 et
1031 1449 1077 1505 αθ
1100 1445 1178 1505 infra
1198 1450 1231 1505 e.
1270 1445 1401 1506 Rursum
1426 1467 1507 1526 ergo,
1534 1449 1604 1527 qnia
1627 1468 1732 1529 snper·

374 1536 458 1595 ficies
483 1534 622 1612 quaesita
646 1553 801 1594 occurrere
826 1534 918 1594 debet
940 1533 996 1611 ipsi
1022 1534 1076 1593 he
1101 1534 1128 1593 in
1154 1534 1331 1612 obliquitate
1360 1535 1455 1595 lineae
1480 1542 1524 1614 ρθ
1547 1546 1579 1597 et
1601 1539 1737 1617 tangitur

375 1644 395 1683 a
417 1623 564 1701 parallelo
588 1623 645 1701 ipsi
670 1646 695 1682 τι
720 1623 747 1683 in
772 1647 802 1695 v,
829 1624 920 1683 debet
949 1641 1019 1700 crgo
1045 1623 1123 1682 iulra
1153 1624 1316 1683 sectionem
1341 1623 1379 1683 ad
1403 1630 1429 1685 e
1452 1625 1580 1686 transire
1605 1635 1636 1687 et
1661 1646 1735 1705 quae

376 1713 460 1773 illam
486 1712 515 1771 io
542 1712 607 1771 loeo
632 1731 793 1772 concursus
824 1712 941 1772 seilicet
965 1712 993 1770 in
1019 1733 1041 1787 φ
1069 1712 1168 1789 tangit
1196 1712 1403 1790 aequidistans
1427 1713 1485 1791 ipsi
1510 1718 1568 1791 ρθ,
1594 1715 1737 1777 transibit

375 1802 505 1862 interm
529 1811 561 1859 et
585 1800 762 1873 secabitur]
791 1801 868 1861 infra
892 1821 917 1875 η,
949 1800 1046 1877 ibique
1072 1820 1190 1860 rursum·
1212 1801 1394 1878 superficies
1425 1805 1578 1863 aemulata
1605 1803 1736 1883 obliqui-

374 1898 472 1951 tatem
502 1886 552 1962 οζ,
579 1900 735 1949 concurret
765 1909 831 1949 curn
856 1913 894 1968 αχ
923 1890 1000 1947 inira
1024 1890 1100 1948 hanc
1129 1890 1311 1961 sectionem,
1341 1891 1458 1951 seilicet
1482 1891 1509 1951 in
1533 1917 1567 1971 χ,
1591 1900 1623 1952 et
1646 1894 1738 1954 ducta

374 1979 557 2056 contingens
582 1996 636 2055 per
659 2003 689 2056 χ,
721 1979 928 2056 aequidistans
959 1977 1015 2054 ipsi
1038 2000 1092 2052 nn,
1125 1988 1284 2039 concurret
1312 1998 1378 2039 cum
1402 1976 1442 2050 αζ
1466 1982 1614 2058 producta
1637 1981 1665 2042 in
1691 2000 1735 2054 ω;

373 2069 431 2128 sed
456 2067 629 2145 superficies
655 2067 732 2126 iulia
748 2091 771 2126 ω
796 2066 947 2138 transibit,
974 2075 1006 2125 ut
1030 2076 1168 2127 occurrat
1192 2068 1248 2144 ipsi
1269 2064 1308 2136 ιιζ
1323 2067 1352 2127 in
1373 2082 1398 2143 ψ
1420 2077 1540 2145 puncti),
1567 2070 1616 2130 ubi
1640 2070 1736 2148 ipsius

372 2157 407 2230 ξι
437 2156 602 2236 parallelos
637 2156 732 2233 ipsam
767 2156 875 2234 tangit.
924 2155 1005 2215 idem
1037 2157 1073 2214 de
1098 2154 1136 2228 Q,
1162 2157 1195 2228 F,
1221 2157 1258 2220 l).
1291 2157 1316 2215 B
1350 2156 1498 2234 intellige.
1545 2158 1611 2218 lloc
1645 2167 1736 2236 pacto

375 2265 498 2324 semper
529 2243 617 2304 binae
648 2253 809 2322 tangentes
840 2244 1031 2321 superficiem·
1058 2254 1163 2303 secant
1194 2264 1226 2302 se
1255 2252 1357 2304 mutuo
1386 2244 1415 2304 in
1445 2245 1519 2306 locis
1548 2246 1736 2308 intermediis

373 2345 581 2396 contactuum.
620 2332 662 2392 Et
686 2334 774 2392 datur
800 2353 917 2411 semper
940 2334 1011 2393 talis
1036 2333 1140 2406 sectio,
1167 2352 1232 2392 eum
1253 2334 1298 2408 λβ,
1318 2356 1362 2410 μγ,
1383 2339 1417 2393 ro·
1436 2343 1467 2393 et
1490 2334 1623 2414 reliquae
1648 2335 1735 2397 binae

374 2442 497 2501 semper
521 2430 707 2499 comorgant
732 2441 836 2482 versus
861 2432 963 2498 partes
979 2420 1031 2495 Sfi,
1056 2422 1133 2499 quod
1155 2421 1259 2481 velex
1284 2422 1402 2499 angulis
1426 2430 1522 2500 patet.
1562 2421 1638 2483 Cum
1658 2425 1736 2485 enim

375 2512 439 2588 Sip
473 2512 606 2571 exterior
639 2520 786 2588 aequetur
820 2511 1011 2570 interiorilms
1046 2519 1078 2569 et
1110 2510 1273 2588 oppositis,
1309 2530 1415 2588 nempe
1448 2512 1507 2589 ipsi
1536 2514 1594 2588 λαβ
1627 2514 1736 2591 angulo

374 2600 577 2670 refractiouis,
601 2608 630 2657 et
646 2600 703 2675 isla
722 2601 830 2676 angrrlo
850 2598 1028 2670 altitudinis,
1050 2600 1176 2677 angulus
1192 2601 1208 2657 il
1223 2607 1271 2657 est
1285 2594 1355 2670 40⁰,
1372 2622 1392 2673 μ
1408 2594 1469 2659 44”
1483 2598 1546 2674 30‘,
1566 2596 1658 2663 ιι49ο
1672 2599 1735 2674 30‘,

373 2688 486 2762 555⁰,
513 2712 530 2746 o
556 2683 625 2758 61¹¹,
649 2710 669 2747 a
694 2683 753 2747 67¹·
768 2686 831 2760 30²,
857 2713 873 2765 p
899 2685 1035 2759 74⁰30‘,
1062 2712 1078 2747 τ
1101 2685 1240 2749 82¹·15¹.
1280 2685 1356 2747 Cum
1377 2707 1448 2765 ergo
1473 2707 1592 2767 semper
1616 2690 1737 2751 inferior

363 2780 419 2838 ¹sit
448 2779 545 2856 major
576 2777 669 2836 etad
704 2778 830 2836 eandem
855 2777 909 2837 AS
934 2777 1058 2850 lineam,
1095 2784 1273 2836 concurrent
1305 2795 1377 2856 ergo
1410 2776 1498 2837 binae
1531 2778 1665 2857 reliquae
1698 2779 1736 2838 ad

375 2877 482 2950 partes
507 2868 641 2926 dextras.
681 2863 756 2926 Cum
781 2885 852 2944 ergo
876 2867 934 2941 ιιβλ
959 2866 986 2925 in
1011 2865 1147 2943 partibus
1168 2865 1198 2923 X
1222 2883 1340 2942 semper
1363 2867 1417 2926 fiat
1439 2865 1534 2927 minor
1558 2875 1589 2927 et
1613 2868 1737 2929 tandem

375 2958 407 3016 in
431 2956 463 3016 X
486 2962 661 3024 evanescat,
686 2953 735 3013 ubi
759 2952 846 3015 SAX
870 2954 1086 3015 horizontalem
1115 2954 1327 3014 refractionem
1352 2962 1564 3032 repraesentat
1587 2964 1618 3016 et
1641 2956 1736 3035 ipsius

375 3044 439 3106 AX
463 3044 592 3104 altitudo
616 3042 701 3102 nulla
724 3052 788 3102 est:
814 3052 845 3102 et
869 3043 1002 3103 infinitae
1028 3044 1124 3103 adhuc
1149 3042 1226 3102 inter
1245 3043 1296 3118 βΧ
1320 3042 1466 3103 interesse
1490 3044 1609 3121 possint
1631 3044 1736 3105 radia-

375 3135 486 3207 tiones,
510 3149 644 3210 quaeque
666 3130 693 3190 in
714 3130 932 3192 inclinatiorem
956 3141 1131 3209 tangentem
1157 3130 1308 3203 inridens3
1333 3140 1365 3190 et
1384 3139 1555 3210 tangentes
1579 3152 1637 3211 quo
1656 3133 1736 3193 obli-

377 3222 466 3301 quius
499 3231 532 3280 et
565 3220 670 3280 minori
706 3221 816 3298 angulo
849 3240 913 3280 curn
946 3220 1164 3281 radiationibus
1199 3229 1230 3279 et
1261 3219 1416 3297 superficie
1449 3229 1645 3295 concurrant,
1680 3221 1736 3281 hoc

377 3309 611 3371 distentioribus
645 3310 764 3386 punctis
795 3311 1001 3387 tangant,(ut
1033 3309 1151 3387 longius
1184 3309 1300 3368 distant
1327 3308 1383 3368 BD
1412 3327 1500 3387 quam
1527 3310 1616 3389 DF).¹
1654 3309 1737 3389 Ergo

384 3399 504 3460 infinita
528 3397 586 3458 erit
617 3398 806 3476 superficies,
840 3398 984 3475 incipiens
1016 3398 1132 3458 seilicet
1156 3418 1174 3457 a
1198 3396 1367 3474 quantitate
1391 3395 1452 3468 Su,
1485 3417 1579 3478 eaque
1609 3400 1738 3477 majores

378 3510 422 3562 aq
445 3488 500 3549 &e
527 3486 669 3547 infinities
699 3487 901 3560 accumulans
933 3505 1110 3565 semperque
1135 3486 1232 3562 magis
1256 3505 1289 3545 se
1313 3485 1481 3563 applicabit
1508 3487 1604 3548 lineae
1635 3496 1737 3548 rectae

379 3576 454 3650 AX,
486 3576 558 3654 quia
586 3593 706 3652 semper
736 3575 887 3652 longiores
915 3585 1019 3653 partes
1052 3574 1157 3636 minori
1192 3574 1400 3646 inclinatione,
1431 3574 1487 3636 hoc
1517 3585 1564 3637 est
1592 3577 1738 3636 rectiores

379 3666 479 3725 habet.
528 3664 614 3723 Haec
637 3671 740 3724 autem
764 3663 792 3722 io
818 3664 884 3723 sola
907 3664 1072 3743 hyperbole
1102 3661 1306 3735 inveniuntur,
1331 3681 1388 3722 nou
1414 3663 1443 3722 in
1468 3664 1629 3741 parabola,
1661 3682 1737 3741 quae

381 3762 492 3814 rectam
524 3753 574 3812 axi
602 3752 769 3830 paralleloe
800 3753 982 3819 aemulatur,
1007 3771 1064 3812 non
1094 3759 1319 3812 concurrentem
1344 3769 1410 3809 cum
1434 3770 1506 3824 axe,
1536 3760 1569 3812 nt
1592 3752 1640 3812 bic
1662 3752 1734 3812 ΧΑ.

384 3842 475 3920 igitur
500 3840 649 3919 siquidem
675 3841 848 3918 superficies
874 3860 944 3900 rere
969 3848 1016 3900 est
1039 3840 1214 3921 hyperbole,
1240 3838 1301 3898 AX
1322 3847 1374 3898 aut
1389 3847 1437 3898 est
1460 3848 1659 3919 asymptot0s‚
1685 3849 1738 3899 aut

387 3930 438 3990 PV
462 3936 638 4011 asympteto
658 3927 794 3989 interiori
810 3929 903 4008 (quod
926 3928 1057 3989 calculus
1077 3930 1181 4001 docet)
1206 3926 1397 4006 aequidistat.
1416 3936 1418 3939 ’
1435 3927 1528 3987 Ροιιο
1545 3946 1601 3987 rien
1620 3934 1737 3987 tantum

386 4019 564 4100 hyperbolae
585 4016 723 4091 similem,
749 4018 908 4079 sedetiam
931 4036 999 4078 vere
1020 4017 1153 4077 conicam
1178 4016 1342 4077 sectionem
1361 4034 1429 4074 esse
1448 4015 1635 4094 superficiem
1649 4017 1736 4088 hanc,

387 4109 486 4168 statim
508 4114 592 4167 esset
610 4106 779 4183 probatum,
801 4106 826 4167 si
842 4103 894 4169 29.
910 4113 942 4167 et
957 4102 1009 4168 30.
1031 4106 1153 4166 secundi
1170 4104 1323 4182 Apollonii
1338 4111 1591 4166 converterentur.
1615 4103 1737 4164 Etenim

389 4197 500 4275 qnando
529 4194 648 4256 ducitur
678 4196 855 4272 contingens
880 4216 928 4267 τυ,
958 4203 1010 4255 out
1037 4202 1139 4272 potest
1163 4212 1217 4272 per
1240 4191 1263 4254 S
1287 4192 1354 4252 duci
1382 4200 1435 4253 aut
1457 4210 1510 4271 per
1532 4216 1563 4266 u,
1589 4212 1660 4271 ergo
1684 4211 1738 4272 per

390 4285 480 4346 omnia
501 4292 616 4364 puncta
637 4282 824 4355 intermedia,
850 4292 972 4362 ergoet
992 4301 1046 4360 per
1065 4283 1121 4342 hoc
1144 4288 1297 4360 punctum,
1322 4300 1375 4359 per
1395 4281 1474 4360 quod
1492 4291 1578 4342 recta
1596 4283 1738 4343 traducta
1839 4299 1843 4307 ·

391 4373 465 4434 etin
493 4381 638 4453 punctum
667 4371 744 4431 inter
768 4370 805 4444 S,
831 4395 848 4430 υ
873 4371 1079 4431 intermedium
1107 4370 1241 4430 incidens
1265 4369 1294 4428 in
1326 4377 1461 4430 centrum
1488 4370 1600 4449 figurae
1630 4370 1736 4431 tendit.

393 4459 434 4521 lta
455 4461 492 4522 de
517 4460 654 4521 omnibus
679 4461 748 4521 aliis
773 4459 1013 4539 contingentibus
1038 4459 1226 4539 loquendum.
1264 4458 1309 4517 At
1333 4458 1403 4536 quia
1426 4460 1500 4519 haec
1523 4458 1624 4520 emnia
1646 4458 1738 4519 etiam

394 4549 452 4610 aliis
475 4548 616 4627 cognatis
641 4548 852 4626 superficiebus
875 4548 995 4627 paulum
1016 4547 1055 4608 ab
1073 4547 1240 4628 hyperbole
1264 4545 1492 4607 deflectentibus
1512 4546 1623 4619 insuat,
1647 4546 1736 4606 theo-

395 4656 466 4700 rema
487 4641 577 4718 plane
602 4638 738 4698 concludi
761 4655 819 4705 nou
843 4645 955 4715 potest.

470 4728 568 4807 Igitur
592 4724 617 4785 si
649 4726 733 4786 lubet
764 4725 930 4804 inquirere,
965 4745 1002 4785 aa
1035 4724 1168 4803 reliquas
1200 4722 1379 4803 hyperboles
1412 4722 1615 4800 proprietates
1643 4721 1738 4800 figura

396 4813 446 4877 ista
467 4816 634 4885 contineat,
658 4815 698 4875 ad
723 4813 856 4875 Gebrum
880 4814 928 4874 abi
953 4833 1018 4873 curn
1043 4812 1090 4873 his
1115 4811 1204 4873 datis.
1241 4810 1290 4871 Ex
1312 4810 1347 4883 B,
1368 4810 1406 4882 D,
1429 4812 1453 4870 F
1476 4809 1737 4889 perpendiculares

396 4902 491 4967 inas
520 4904 633 4965 cadant
656 4904 722 4977 BH,
746 4903 800 4976 DI,
825 4903 890 4977 FK,
923 4900 1083 4962 ordinatim
1114 4900 1302 4979 applicatae,
1326 4906 1358 4958 et
1386 4897 1442 4976 ipsi
1466 4899 1503 4974 βλ
1530 4897 1738 4976 aequidistans

398 4991 511 5055 ducatur
534 4990 599 5064 BC,
624 4992 668 5052 sic
692 4992 750 5070 ipsi
773 5015 809 5069 yn
832 4991 1038 5069 aequidistans
1062 4989 1127 5061 DE,
1153 4997 1185 5050 et
1208 4987 1264 5066 ipsi
1289 4991 1322 5046 dr
1345 4985 1552 5065 aequidistans
1575 4984 1642 5057 FG,
1666 4993 1738 5045 tan-

397 5091 493 5158 gentes
521 5080 708 5161 superficiem
737 5080 766 5140 in
790 5080 826 5153 B,
850 5079 888 5152 D,
913 5080 948 5139 F.
1000 5078 1076 5138 Tres
1111 5077 1203 5154 igitur
1230 5095 1268 5136 ex
1299 5073 1464 5135 Vitellians
1492 5074 1594 5153 anguli
1622 5074 1738 5137 refrac-

1468 5175 1527 5226 13*
