<?xml version="1.0" encoding="UTF-8"?>
<!DOCTYPE html PUBLIC "-//W3C//DTD XHTML 1.0 Transitional//EN"
    "http://www.w3.org/TR/xhtml1/DTD/xhtml1-transitional.dtd">
<html xmlns="http://www.w3.org/1999/xhtml" xml:lang="en" lang="en">
 <head>
  <title>
</title>
<meta http-equiv="Content-Type" content="text/html;charset=utf-8" />
  <meta name='ocr-system' content='tesseract 3.04.00' />
  <meta name='ocr-capabilities' content='ocr_page ocr_carea ocr_par ocr_line ocrx_word'/>
</head>
<body>
  <div class='ocr_page' id='page_1' title='image "./joanniskepleria02frisgoog_0023.png"; bbox 0 0 4584 6192; ppageno 0'>
   <div class='ocr_carea' id='block_1_1' title="bbox 554 585 1477 666">
    <p class='ocr_par' dir='ltr' id='par_1_1' title="bbox 554 585 1477 666">
     <span class='ocr_line' id='line_1_1' title="bbox 554 585 1477 666; baseline -0.012 -11"><span class='ocrx_word' id='word_1_1' title='bbox 554 585 576 655; x_wconf 76' lang='grc'>8</span> <span class='ocrx_word' id='word_1_2' title='bbox 967 593 1067 647; x_wconf 68' lang='lat' dir='ltr'><strong>Literna</strong></span> <span class='ocrx_word' id='word_1_3' title='bbox 1085 596 1188 664; x_wconf 86' lang='lat' dir='ltr'><strong>Kepleri</strong></span> <span class='ocrx_word' id='word_1_4' title='bbox 1207 596 1358 666; x_wconf 76' lang='lat' dir='ltr'><strong>aliorumque</strong></span> <span class='ocrx_word' id='word_1_5' title='bbox 1376 600 1477 646; x_wconf 83' lang='lat' dir='ltr'><strong>mutuas</strong></span> 
     </span>
    </p>
   </div>
   <div class='ocr_carea' id='block_1_2' title="bbox 555 767 1910 1120">
    <p class='ocr_par' dir='ltr' id='par_1_2' title="bbox 555 767 1910 940">
     <span class='ocr_line' id='line_1_2' title="bbox 555 767 1910 855; baseline -0.004 -21"><span class='ocrx_word' id='word_1_6' title='bbox 555 790 640 834; x_wconf 87' lang='lat' dir='ltr'><strong>meas</strong></span> <span class='ocrx_word' id='word_1_7' title='bbox 663 769 797 833; x_wconf 86' lang='lat' dir='ltr'><strong>rationes</strong></span> <span class='ocrx_word' id='word_1_8' title='bbox 812 772 968 834; x_wconf 80' lang='lat' dir='ltr'><strong>naturales</strong></span> <span class='ocrx_word' id='word_1_9' title='bbox 988 773 1194 855; x_wconf 76' lang='lat' dir='ltr'><strong>motionesque</strong></span> <span class='ocrx_word' id='word_1_10' title='bbox 1217 774 1391 854; x_wconf 78' lang='lat' dir='ltr'>inaequales</span> <span class='ocrx_word' id='word_1_11' title='bbox 1420 773 1546 835; x_wconf 89' lang='lat' dir='ltr'><strong>multum</strong></span> <span class='ocrx_word' id='word_1_12' title='bbox 1565 776 1752 851; x_wconf 77' lang='lat' dir='ltr'><strong>repugnante</strong></span> <span class='ocrx_word' id='word_1_13' title='bbox 1768 767 1910 851; x_wconf 87' lang='lat' dir='ltr'><strong>Tychone</strong></span> 
     </span>
     <span class='ocr_line' id='line_1_3' title="bbox 556 860 703 940; baseline 0.014 -19"><span class='ocrx_word' id='word_1_14' title='bbox 556 860 703 940; x_wconf 84' lang='lat' dir='ltr'><strong>coniugio.</strong></span> 
     </span>
    </p>

    <p class='ocr_par' dir='ltr' id='par_1_3' title="bbox 557 944 1909 1120">
     <span class='ocr_line' id='line_1_4' title="bbox 645 944 1909 1033; baseline -0.006 -20"><span class='ocrx_word' id='word_1_15' title='bbox 645 952 694 1013; x_wconf 83' lang='lat' dir='ltr'><strong>Ad</strong></span> <span class='ocrx_word' id='word_1_16' title='bbox 727 970 823 1012; x_wconf 89' lang='lat' dir='ltr'><strong>meam</strong></span> <span class='ocrx_word' id='word_1_17' title='bbox 858 970 984 1032; x_wconf 90' lang='lat' dir='ltr'><strong>namque</strong></span> <span class='ocrx_word' id='word_1_18' title='bbox 1008 951 1179 1033; x_wconf 83' lang='lat' dir='ltr'><strong>opinionem</strong></span> <span class='ocrx_word' id='word_1_19' title='bbox 1202 948 1399 1013; x_wconf 87' lang='lat' dir='ltr'><strong>manuducit</strong></span> <span class='ocrx_word' id='word_1_20' title='bbox 1426 968 1473 1009; x_wconf 92' lang='lat' dir='ltr'><strong>me</strong></span> <span class='ocrx_word' id='word_1_21' title='bbox 1497 946 1647 1029; x_wconf 85' lang='lat' dir='ltr'><strong>Tychonis</strong></span> <span class='ocrx_word' id='word_1_22' title='bbox 1676 944 1909 1018; x_wconf 86' lang='lat' dir='ltr'><strong>animadversio,</strong></span> 
     </span>
     <span class='ocr_line' id='line_1_5' title="bbox 557 1032 1906 1120; baseline -0.006 -19"><span class='ocrx_word' id='word_1_23' title='bbox 557 1039 604 1120; x_wconf 92' lang='lat' dir='ltr'><strong>qui</strong></span> <span class='ocrx_word' id='word_1_24' title='bbox 629 1046 804 1102; x_wconf 76' lang='lat' dir='ltr'><strong>constanter</strong></span> <span class='ocrx_word' id='word_1_25' title='bbox 828 1040 971 1113; x_wconf 84' lang='lat' dir='ltr'><strong>ailirmat,</strong></span> <span class='ocrx_word' id='word_1_26' title='bbox 996 1042 1211 1103; x_wconf 90' lang='lat' dir='ltr'><strong>incrementum</strong></span> <span class='ocrx_word' id='word_1_27' title='bbox 1235 1040 1292 1101; x_wconf 93' lang='lat' dir='ltr'><strong>hoc</strong></span> <span class='ocrx_word' id='word_1_28' title='bbox 1316 1036 1528 1117; x_wconf 89' lang='lat' dir='ltr'><strong>aequatiouum</strong></span> <span class='ocrx_word' id='word_1_29' title='bbox 1552 1035 1681 1115; x_wconf 83' lang='lat' dir='ltr'><strong>incipere</strong></span> <span class='ocrx_word' id='word_1_30' title='bbox 1697 1054 1716 1095; x_wconf 93' lang='lat' dir='ltr'><strong>a</strong></span> <span class='ocrx_word' id='word_1_31' title='bbox 1730 1032 1811 1095; x_wconf 86' lang='lat' dir='ltr'><strong>veris</strong></span> <span class='ocrx_word' id='word_1_32' title='bbox 1834 1052 1906 1095; x_wconf 90' lang='lat' dir='ltr'><strong>con·</strong></span> 
     </span>
    </p>
   </div>
   <div class='ocr_carea' id='block_1_3' title="bbox 459 1122 1910 1211">
    <p class='ocr_par' dir='ltr' id='par_1_4' title="bbox 459 1122 1910 1211">
     <span class='ocr_line' id='line_1_6' title="bbox 459 1122 1910 1211; baseline -0.006 -21"><span class='ocrx_word' id='word_1_33' title='bbox 459 1156 461 1160; x_wconf 96' lang='lat'>·</span> <span class='ocrx_word' id='word_1_34' title='bbox 551 1128 756 1207; x_wconf 82' lang='lat' dir='ltr'><strong>junctionibus</strong></span> <span class='ocrx_word' id='word_1_35' title='bbox 780 1138 812 1190; x_wconf 89' lang='lat' dir='ltr'><strong>et</strong></span> <span class='ocrx_word' id='word_1_36' title='bbox 834 1128 1073 1209; x_wconf 89' lang='lat' dir='ltr'><strong>oppositionibus</strong></span> <span class='ocrx_word' id='word_1_37' title='bbox 1104 1131 1194 1211; x_wconf 90' lang='lat' dir='ltr'><strong>inque</strong></span> <span class='ocrx_word' id='word_1_38' title='bbox 1224 1149 1277 1190; x_wconf 90' lang='lat' dir='ltr'><strong>eas</strong></span> <span class='ocrx_word' id='word_1_39' title='bbox 1310 1126 1457 1189; x_wconf 86' lang='lat' dir='ltr'><strong>desinere.</strong></span> <span class='ocrx_word' id='word_1_40' title='bbox 1505 1124 1548 1186; x_wconf 88' lang='lat' dir='ltr'><strong>At</strong></span> <span class='ocrx_word' id='word_1_41' title='bbox 1571 1142 1662 1185; x_wconf 84' lang='lat' dir='ltr'><strong>verae</strong></span> <span class='ocrx_word' id='word_1_42' title='bbox 1685 1122 1910 1202; x_wconf 90' lang='lat' dir='ltr'><strong>conjunctiones</strong></span> 
     </span>
    </p>
   </div>
   <div class='ocr_carea' id='block_1_4' title="bbox 512 1209 1969 5193">
    <p class='ocr_par' dir='ltr' id='par_1_5' title="bbox 512 1209 1910 1564">
     <span class='ocr_line' id='line_1_7' title="bbox 512 1209 1910 1297; baseline -0.005 -20"><span class='ocrx_word' id='word_1_43' title='bbox 512 1281 514 1296; x_wconf 44' lang='grc' dir='ltr'>Ι</span> <span class='ocrx_word' id='word_1_44' title='bbox 555 1225 680 1297; x_wconf 91' lang='lat' dir='ltr'><strong>propter</strong></span> <span class='ocrx_word' id='word_1_45' title='bbox 702 1217 856 1297; x_wconf 91' lang='lat' dir='ltr'><strong>utriusque</strong></span> <span class='ocrx_word' id='word_1_46' title='bbox 879 1218 1033 1280; x_wconf 87' lang='lat' dir='ltr'><strong>luminaris</strong></span> <span class='ocrx_word' id='word_1_47' title='bbox 1057 1236 1161 1281; x_wconf 89' lang='lat' dir='ltr'><strong>cursus</strong></span> <span class='ocrx_word' id='word_1_48' title='bbox 1185 1220 1224 1281; x_wconf 94' lang='lat' dir='ltr'><strong>ad</strong></span> <span class='ocrx_word' id='word_1_49' title='bbox 1238 1217 1336 1279; x_wconf 84' lang='lat' dir='ltr'><strong>visum</strong></span> <span class='ocrx_word' id='word_1_50' title='bbox 1359 1214 1565 1295; x_wconf 76' lang='lat' dir='ltr'><strong>inaequabiles</strong></span> <span class='ocrx_word' id='word_1_51' title='bbox 1580 1212 1696 1274; x_wconf 90' lang='lat' dir='ltr'><strong>distant</strong></span> <span class='ocrx_word' id='word_1_52' title='bbox 1719 1209 1758 1272; x_wconf 89' lang='lat' dir='ltr'><strong>ab</strong></span> <span class='ocrx_word' id='word_1_53' title='bbox 1781 1209 1910 1272; x_wconf 86' lang='lat' dir='ltr'><strong>invicem</strong></span> 
     </span>
     <span class='ocr_line' id='line_1_8' title="bbox 557 1300 1910 1388; baseline -0.005 -23"><span class='ocrx_word' id='word_1_54' title='bbox 557 1303 742 1385; x_wconf 73' lang='lat' dir='ltr'><strong>temporibus</strong></span> <span class='ocrx_word' id='word_1_55' title='bbox 766 1305 985 1387; x_wconf 85' lang='lat' dir='ltr'><strong>inaequalibus.</strong></span> <span class='ocrx_word' id='word_1_56' title='bbox 1022 1306 1104 1388; x_wconf 82' lang='lat' dir='ltr'><strong>Ergo</strong></span> <span class='ocrx_word' id='word_1_57' title='bbox 1126 1308 1203 1369; x_wconf 91' lang='lat' dir='ltr'><strong>baec</strong></span> <span class='ocrx_word' id='word_1_58' title='bbox 1226 1306 1359 1369; x_wconf 88' lang='lat' dir='ltr'><strong>secunda</strong></span> <span class='ocrx_word' id='word_1_59' title='bbox 1381 1302 1582 1383; x_wconf 85' lang='lat' dir='ltr'><strong>inaequalitas</strong></span> <span class='ocrx_word' id='word_1_60' title='bbox 1606 1300 1687 1362; x_wconf 86' lang='lat' dir='ltr'><strong>circa</strong></span> <span class='ocrx_word' id='word_1_61' title='bbox 1710 1300 1910 1378; x_wconf 83' lang='lat' dir='ltr'><strong>quadraturas</strong></span> 
     </span>
     <span class='ocr_line' id='line_1_9' title="bbox 556 1388 1910 1468; baseline -0.003 -15"><span class='ocrx_word' id='word_1_62' title='bbox 556 1393 705 1456; x_wconf 89' lang='lat' dir='ltr'><strong>interdum</strong></span> <span class='ocrx_word' id='word_1_63' title='bbox 730 1393 818 1457; x_wconf 90' lang='lat' dir='ltr'><strong>citius</strong></span> <span class='ocrx_word' id='word_1_64' title='bbox 842 1395 935 1465; x_wconf 89' lang='lat' dir='ltr'><strong>redit,</strong></span> <span class='ocrx_word' id='word_1_65' title='bbox 958 1397 1107 1460; x_wconf 88' lang='lat' dir='ltr'><strong>interdum</strong></span> <span class='ocrx_word' id='word_1_66' title='bbox 1131 1398 1259 1460; x_wconf 89' lang='lat' dir='ltr'><strong>tardius.</strong></span> <span class='ocrx_word' id='word_1_67' title='bbox 1298 1392 1399 1464; x_wconf 82' lang='lat' dir='ltr'><strong>Quare</strong></span> <span class='ocrx_word' id='word_1_68' title='bbox 1422 1395 1470 1453; x_wconf 89' lang='lat' dir='ltr'><strong>vel</strong></span> <span class='ocrx_word' id='word_1_69' title='bbox 1485 1392 1598 1453; x_wconf 87' lang='lat' dir='ltr'><strong>invitus</strong></span> <span class='ocrx_word' id='word_1_70' title='bbox 1621 1388 1756 1451; x_wconf 81' lang='lat' dir='ltr'><strong>admittit</strong></span> <span class='ocrx_word' id='word_1_71' title='bbox 1778 1389 1910 1468; x_wconf 85' lang='lat' dir='ltr'><strong>aliquam</strong></span> 
     </span>
     <span class='ocr_line' id='line_1_10' title="bbox 557 1481 979 1564; baseline 0.014 -21"><span class='ocrx_word' id='word_1_72' title='bbox 557 1481 698 1545; x_wconf 90' lang='lat' dir='ltr'><strong>motionis</strong></span> <span class='ocrx_word' id='word_1_73' title='bbox 721 1483 979 1564; x_wconf 85' lang='lat' dir='ltr'><strong>inaequalitatem.</strong></span> 
     </span>
    </p>

    <p class='ocr_par' dir='ltr' id='par_1_6' title="bbox 557 1561 1912 1828">
     <span class='ocr_line' id='line_1_11' title="bbox 646 1561 1911 1653; baseline 0.002 -21"><span class='ocrx_word' id='word_1_74' title='bbox 646 1567 735 1641; x_wconf 83' lang='lat' dir='ltr'><strong>Quod</strong></span> <span class='ocrx_word' id='word_1_75' title='bbox 759 1580 858 1634; x_wconf 88' lang='lat' dir='ltr'><strong>autem</strong></span> <span class='ocrx_word' id='word_1_76' title='bbox 891 1572 1106 1636; x_wconf 89' lang='lat' dir='ltr'><strong>incrementum</strong></span> <span class='ocrx_word' id='word_1_77' title='bbox 1130 1574 1188 1639; x_wconf 93' lang='lat' dir='ltr'><strong>hoc</strong></span> <span class='ocrx_word' id='word_1_78' title='bbox 1212 1595 1231 1636; x_wconf 91' lang='lat' dir='ltr'><strong>a</strong></span> <span class='ocrx_word' id='word_1_79' title='bbox 1253 1592 1326 1635; x_wconf 88' lang='lat' dir='ltr'><strong>vera</strong></span> <span class='ocrx_word' id='word_1_80' title='bbox 1348 1571 1558 1653; x_wconf 81' lang='lat' dir='ltr'><strong>conjunctione</strong></span> <span class='ocrx_word' id='word_1_81' title='bbox 1587 1563 1774 1629; x_wconf 84' lang='lat' dir='ltr'><strong>luminarium</strong></span> <span class='ocrx_word' id='word_1_82' title='bbox 1798 1561 1911 1642; x_wconf 76' lang='lat' dir='ltr'><strong>incipit,</strong></span> 
     </span>
     <span class='ocr_line' id='line_1_12' title="bbox 557 1651 1912 1744; baseline -0.001 -25"><span class='ocrx_word' id='word_1_83' title='bbox 557 1658 587 1720; x_wconf 91' lang='lat' dir='ltr'><strong>id</strong></span> <span class='ocrx_word' id='word_1_84' title='bbox 610 1659 683 1721; x_wconf 93' lang='lat' dir='ltr'><strong>mihi</strong></span> <span class='ocrx_word' id='word_1_85' title='bbox 702 1660 891 1722; x_wconf 89' lang='lat' dir='ltr'><strong>occasionem</strong></span> <span class='ocrx_word' id='word_1_86' title='bbox 910 1662 1180 1726; x_wconf 88' lang='lat' dir='ltr'><strong>luculentissimam</strong></span> <span class='ocrx_word' id='word_1_87' title='bbox 1203 1665 1343 1744; x_wconf 88' lang='lat' dir='ltr'><strong>praebet,</strong></span> <span class='ocrx_word' id='word_1_88' title='bbox 1368 1669 1464 1723; x_wconf 84' lang='lat' dir='ltr'><strong>toturn</strong></span> <span class='ocrx_word' id='word_1_89' title='bbox 1487 1661 1564 1720; x_wconf 90' lang='lat' dir='ltr'><strong>hanc</strong></span> <span class='ocrx_word' id='word_1_90' title='bbox 1588 1676 1650 1718; x_wconf 88' lang='lat' dir='ltr'><strong>rem</strong></span> <span class='ocrx_word' id='word_1_91' title='bbox 1675 1656 1703 1716; x_wconf 92' lang='lat' dir='ltr'><strong>in</strong></span> <span class='ocrx_word' id='word_1_92' title='bbox 1728 1651 1869 1714; x_wconf 79' lang='lat' dir='ltr'><strong>virtutem</strong></span> <span class='ocrx_word' id='word_1_93' title='bbox 1894 1671 1912 1712; x_wconf 79' lang='lat' dir='ltr'><strong>a</strong></span> 
     </span>
     <span class='ocr_line' id='line_1_13' title="bbox 557 1742 1792 1828; baseline -0.006 -19"><span class='ocrx_word' id='word_1_94' title='bbox 557 1744 630 1810; x_wconf 85' lang='lat' dir='ltr'><strong>Sole</strong></span> <span class='ocrx_word' id='word_1_95' title='bbox 652 1765 707 1827; x_wconf 94' lang='lat' dir='ltr'><strong>per</strong></span> <span class='ocrx_word' id='word_1_96' title='bbox 729 1749 852 1810; x_wconf 89' lang='lat' dir='ltr'><strong>Terram</strong></span> <span class='ocrx_word' id='word_1_97' title='bbox 876 1758 1082 1812; x_wconf 89' lang='lat' dir='ltr'><strong>transeuntem</strong></span> <span class='ocrx_word' id='word_1_98' title='bbox 1106 1752 1277 1814; x_wconf 87' lang='lat' dir='ltr'><strong>conferendi</strong></span> <span class='ocrx_word' id='word_1_99' title='bbox 1301 1770 1337 1813; x_wconf 93' lang='lat' dir='ltr'><strong>eo</strong></span> <span class='ocrx_word' id='word_1_100' title='bbox 1360 1749 1462 1823; x_wconf 90' lang='lat' dir='ltr'><strong>modo,</strong></span> <span class='ocrx_word' id='word_1_101' title='bbox 1487 1746 1536 1828; x_wconf 92' lang='lat' dir='ltr'><strong>qui</strong></span> <span class='ocrx_word' id='word_1_102' title='bbox 1555 1747 1620 1825; x_wconf 88' lang='lat' dir='ltr'><strong>jam</strong></span> <span class='ocrx_word' id='word_1_103' title='bbox 1643 1742 1792 1825; x_wconf 88' lang='lat' dir='ltr'><strong>sequitur:</strong></span> 
     </span>
    </p>

    <p class='ocr_par' dir='ltr' id='par_1_7' title="bbox 557 1826 1915 2695">
     <span class='ocr_line' id='line_1_14' title="bbox 645 1826 1911 1921; baseline -0.007 -24"><span class='ocrx_word' id='word_1_104' title='bbox 645 1836 722 1898; x_wconf 89' lang='lat' dir='ltr'><strong>Post</strong></span> <span class='ocrx_word' id='word_1_105' title='bbox 744 1836 869 1899; x_wconf 77' lang='lat' dir='ltr'><strong>inventa</strong></span> <span class='ocrx_word' id='word_1_106' title='bbox 891 1839 1041 1920; x_wconf 85' lang='lat' dir='ltr'><strong>Tyehouis</strong></span> <span class='ocrx_word' id='word_1_107' title='bbox 1065 1848 1097 1901; x_wconf 89' lang='lat' dir='ltr'><strong>et</strong></span> <span class='ocrx_word' id='word_1_108' title='bbox 1111 1838 1270 1921; x_wconf 85' lang='lat' dir='ltr'><strong>Copernici</strong></span> <span class='ocrx_word' id='word_1_109' title='bbox 1293 1856 1380 1901; x_wconf 91' lang='lat' dir='ltr'><strong>uerno</strong></span> <span class='ocrx_word' id='word_1_110' title='bbox 1403 1858 1491 1916; x_wconf 89' lang='lat' dir='ltr'><strong>porro</strong></span> <span class='ocrx_word' id='word_1_111' title='bbox 1507 1832 1728 1898; x_wconf 85' lang='lat' dir='ltr'><strong>mathematicis</strong></span> <span class='ocrx_word' id='word_1_112' title='bbox 1752 1830 1828 1890; x_wconf 90' lang='lat' dir='ltr'><strong>hanc</strong></span> <span class='ocrx_word' id='word_1_113' title='bbox 1842 1826 1911 1906; x_wconf 91' lang='lat' dir='ltr'><strong>opi-</strong></span> 
     </span>
     <span class='ocr_line' id='line_1_15' title="bbox 557 1919 1910 2008; baseline -0.007 -23"><span class='ocrx_word' id='word_1_114' title='bbox 557 1923 674 1985; x_wconf 89' lang='lat' dir='ltr'><strong>nionem</strong></span> <span class='ocrx_word' id='word_1_115' title='bbox 700 1926 821 2000; x_wconf 85' lang='lat' dir='ltr'><strong>eximet,</strong></span> <span class='ocrx_word' id='word_1_116' title='bbox 847 1927 945 1988; x_wconf 85' lang='lat' dir='ltr'><strong>inesse</strong></span> <span class='ocrx_word' id='word_1_117' title='bbox 969 1927 1111 1990; x_wconf 87' lang='lat' dir='ltr'><strong>virtutem</strong></span> <span class='ocrx_word' id='word_1_118' title='bbox 1135 1928 1164 1990; x_wconf 92' lang='lat' dir='ltr'><strong>in</strong></span> <span class='ocrx_word' id='word_1_119' title='bbox 1188 1927 1270 1993; x_wconf 86' lang='lat' dir='ltr'><strong>Solis</strong></span> <span class='ocrx_word' id='word_1_120' title='bbox 1294 1946 1418 2008; x_wconf 89' lang='lat' dir='ltr'><strong>corpore</strong></span> <span class='ocrx_word' id='word_1_121' title='bbox 1442 1927 1522 2000; x_wconf 89' lang='lat' dir='ltr'><strong>(sive</strong></span> <span class='ocrx_word' id='word_1_122' title='bbox 1536 1923 1675 2004; x_wconf 85' lang='lat' dir='ltr'><strong>quiescat</strong></span> <span class='ocrx_word' id='word_1_123' title='bbox 1697 1919 1761 1981; x_wconf 84' lang='lat' dir='ltr'><strong>sive</strong></span> <span class='ocrx_word' id='word_1_124' title='bbox 1785 1936 1910 1978; x_wconf 85' lang='lat' dir='ltr'><strong>morea-</strong></span> 
     </span>
     <span class='ocr_line' id='line_1_16' title="bbox 559 2012 1913 2098; baseline -0.003 -26"><span class='ocrx_word' id='word_1_125' title='bbox 559 2021 609 2073; x_wconf 94' lang='lat' dir='ltr'><strong>tnr</strong></span> <span class='ocrx_word' id='word_1_126' title='bbox 623 2012 761 2091; x_wconf 90' lang='lat' dir='ltr'><strong>etipse),</strong></span> <span class='ocrx_word' id='word_1_127' title='bbox 788 2034 864 2095; x_wconf 91' lang='lat' dir='ltr'><strong>quae</strong></span> <span class='ocrx_word' id='word_1_128' title='bbox 880 2015 947 2078; x_wconf 91' lang='lat' dir='ltr'><strong>inde</strong></span> <span class='ocrx_word' id='word_1_129' title='bbox 967 2025 1111 2098; x_wconf 87' lang='lat' dir='ltr'><strong>tanquam</strong></span> <span class='ocrx_word' id='word_1_130' title='bbox 1126 2038 1145 2079; x_wconf 87' lang='lat' dir='ltr'><strong>a</strong></span> <span class='ocrx_word' id='word_1_131' title='bbox 1163 2018 1287 2098; x_wconf 91' lang='lat' dir='ltr'><strong>propria</strong></span> <span class='ocrx_word' id='word_1_132' title='bbox 1308 2018 1381 2079; x_wconf 90' lang='lat' dir='ltr'><strong>sede</strong></span> <span class='ocrx_word' id='word_1_133' title='bbox 1404 2017 1435 2078; x_wconf 91' lang='lat' dir='ltr'><strong>in</strong></span> <span class='ocrx_word' id='word_1_134' title='bbox 1458 2015 1599 2096; x_wconf 89' lang='lat' dir='ltr'><strong>planetas</strong></span> <span class='ocrx_word' id='word_1_135' title='bbox 1622 2028 1725 2074; x_wconf 85' lang='lat' dir='ltr'><strong>omues</strong></span> <span class='ocrx_word' id='word_1_136' title='bbox 1742 2013 1913 2086; x_wconf 83' lang='lat' dir='ltr'><strong>propagata</strong></span> 
     </span>
     <span class='ocr_line' id='line_1_17' title="bbox 557 2094 1910 2186; baseline -0.004 -26"><span class='ocrx_word' id='word_1_137' title='bbox 557 2100 639 2161; x_wconf 88' lang='lat' dir='ltr'><strong>circa</strong></span> <span class='ocrx_word' id='word_1_138' title='bbox 662 2098 767 2164; x_wconf 92' lang='lat' dir='ltr'><strong>Solem</strong></span> <span class='ocrx_word' id='word_1_139' title='bbox 789 2122 843 2165; x_wconf 89' lang='lat' dir='ltr'><strong>eos</strong></span> <span class='ocrx_word' id='word_1_140' title='bbox 866 2106 1036 2181; x_wconf 86' lang='lat' dir='ltr'><strong>convolvat,</strong></span> <span class='ocrx_word' id='word_1_141' title='bbox 1060 2106 1225 2184; x_wconf 86' lang='lat' dir='ltr'><strong>quemlibet</strong></span> <span class='ocrx_word' id='word_1_142' title='bbox 1247 2125 1301 2186; x_wconf 92' lang='lat' dir='ltr'><strong>pro</strong></span> <span class='ocrx_word' id='word_1_143' title='bbox 1319 2105 1436 2167; x_wconf 90' lang='lat' dir='ltr'><strong>ratione</strong></span> <span class='ocrx_word' id='word_1_144' title='bbox 1460 2101 1623 2165; x_wconf 88' lang='lat' dir='ltr'><strong>distantiae</strong></span> <span class='ocrx_word' id='word_1_145' title='bbox 1647 2098 1733 2160; x_wconf 88' lang='lat' dir='ltr'><strong>tarde</strong></span> <span class='ocrx_word' id='word_1_146' title='bbox 1757 2094 1805 2155; x_wconf 87' lang='lat' dir='ltr'><strong>vel</strong></span> <span class='ocrx_word' id='word_1_147' title='bbox 1828 2094 1910 2155; x_wconf 91' lang='lat' dir='ltr'><strong>cele·</strong></span> 
     </span>
     <span class='ocr_line' id='line_1_18' title="bbox 559 2181 1911 2269; baseline -0.007 -19"><span class='ocrx_word' id='word_1_148' title='bbox 559 2188 642 2252; x_wconf 89' lang='lat' dir='ltr'><strong>riter.</strong></span> <span class='ocrx_word' id='word_1_149' title='bbox 688 2189 737 2251; x_wconf 83' lang='lat' dir='ltr'><strong>Ex</strong></span> <span class='ocrx_word' id='word_1_150' title='bbox 761 2190 816 2253; x_wconf 90' lang='lat' dir='ltr'><strong>hoc</strong></span> <span class='ocrx_word' id='word_1_151' title='bbox 847 2194 995 2256; x_wconf 90' lang='lat' dir='ltr'><strong>communi</strong></span> <span class='ocrx_word' id='word_1_152' title='bbox 1025 2212 1118 2257; x_wconf 88' lang='lat' dir='ltr'><strong>censu</strong></span> <span class='ocrx_word' id='word_1_153' title='bbox 1147 2195 1214 2257; x_wconf 87' lang='lat' dir='ltr'><strong>sola</strong></span> <span class='ocrx_word' id='word_1_154' title='bbox 1236 2195 1323 2256; x_wconf 88' lang='lat' dir='ltr'><strong>Luna</strong></span> <span class='ocrx_word' id='word_1_155' title='bbox 1350 2191 1504 2266; x_wconf 83' lang='lat' dir='ltr'><strong>eximitur,</strong></span> <span class='ocrx_word' id='word_1_156' title='bbox 1542 2206 1618 2269; x_wconf 89' lang='lat' dir='ltr'><strong>quae</strong></span> <span class='ocrx_word' id='word_1_157' title='bbox 1649 2204 1708 2249; x_wconf 89' lang='lat' dir='ltr'><strong>non</strong></span> <span class='ocrx_word' id='word_1_158' title='bbox 1740 2191 1775 2245; x_wconf 89' lang='lat' dir='ltr'><strong>ut</strong></span> <span class='ocrx_word' id='word_1_159' title='bbox 1805 2181 1911 2262; x_wconf 87' lang='lat' dir='ltr'><strong>reliqui</strong></span> 
     </span>
     <span class='ocr_line' id='line_1_19' title="bbox 560 2271 1915 2358; baseline -0.004 -21"><span class='ocrx_word' id='word_1_160' title='bbox 560 2276 688 2358; x_wconf 89' lang='lat' dir='ltr'><strong>quinque</strong></span> <span class='ocrx_word' id='word_1_161' title='bbox 713 2277 833 2358; x_wconf 89' lang='lat' dir='ltr'><strong>Solem,</strong></span> <span class='ocrx_word' id='word_1_162' title='bbox 858 2282 912 2343; x_wconf 87' lang='lat' dir='ltr'><strong>sed</strong></span> <span class='ocrx_word' id='word_1_163' title='bbox 936 2282 1059 2343; x_wconf 80' lang='lat' dir='ltr'><strong>Terram</strong></span> <span class='ocrx_word' id='word_1_164' title='bbox 1083 2283 1297 2346; x_wconf 87' lang='lat' dir='ltr'><strong>circumcurrit.</strong></span> <span class='ocrx_word' id='word_1_165' title='bbox 1343 2282 1385 2344; x_wconf 84' lang='lat' dir='ltr'><strong>Et</strong></span> <span class='ocrx_word' id='word_1_166' title='bbox 1407 2291 1510 2342; x_wconf 89' lang='lat' dir='ltr'><strong>tamen</strong></span> <span class='ocrx_word' id='word_1_167' title='bbox 1534 2297 1571 2340; x_wconf 81' lang='lat' dir='ltr'><strong>ne</strong></span> <span class='ocrx_word' id='word_1_168' title='bbox 1594 2278 1672 2340; x_wconf 91' lang='lat' dir='ltr'><strong>hauc</strong></span> <span class='ocrx_word' id='word_1_169' title='bbox 1691 2272 1809 2353; x_wconf 90' lang='lat' dir='ltr'><strong>quidem</strong></span> <span class='ocrx_word' id='word_1_170' title='bbox 1833 2271 1915 2332; x_wconf 91' lang='lat' dir='ltr'><strong>hona</strong></span> 
     </span>
     <span class='ocr_line' id='line_1_20' title="bbox 557 2362 1911 2454; baseline -0.007 -27"><span class='ocrx_word' id='word_1_171' title='bbox 557 2385 625 2427; x_wconf 88' lang='lat' dir='ltr'><strong>cum</strong></span> <span class='ocrx_word' id='word_1_172' title='bbox 649 2368 766 2431; x_wconf 88' lang='lat' dir='ltr'><strong>ratione</strong></span> <span class='ocrx_word' id='word_1_173' title='bbox 790 2390 810 2431; x_wconf 92' lang='lat' dir='ltr'><strong>a</strong></span> <span class='ocrx_word' id='word_1_174' title='bbox 831 2368 942 2432; x_wconf 90' lang='lat' dir='ltr'><strong>virtute</strong></span> <span class='ocrx_word' id='word_1_175' title='bbox 966 2370 1104 2446; x_wconf 86' lang='lat' dir='ltr'><strong>metrice,</strong></span> <span class='ocrx_word' id='word_1_176' title='bbox 1130 2392 1206 2454; x_wconf 91' lang='lat' dir='ltr'><strong>quae</strong></span> <span class='ocrx_word' id='word_1_177' title='bbox 1231 2371 1288 2433; x_wconf 93' lang='lat' dir='ltr'><strong>toti</strong></span> <span class='ocrx_word' id='word_1_178' title='bbox 1311 2370 1425 2449; x_wconf 89' lang='lat' dir='ltr'><strong>reliquo</strong></span> <span class='ocrx_word' id='word_1_179' title='bbox 1455 2368 1564 2432; x_wconf 90' lang='lat' dir='ltr'><strong>mundo</strong></span> <span class='ocrx_word' id='word_1_180' title='bbox 1588 2362 1752 2429; x_wconf 90' lang='lat' dir='ltr'><strong>communis</strong></span> <span class='ocrx_word' id='word_1_181' title='bbox 1776 2367 1834 2433; x_wconf 87' lang='lat' dir='ltr'><strong>est,</strong></span> <span class='ocrx_word' id='word_1_182' title='bbox 1859 2378 1911 2419; x_wconf 88' lang='lat' dir='ltr'><strong>se-</strong></span> 
     </span>
     <span class='ocr_line' id='line_1_21' title="bbox 559 2450 1913 2539; baseline 0.005 -24"><span class='ocrx_word' id='word_1_183' title='bbox 559 2473 668 2534; x_wconf 88' lang='lat' dir='ltr'><strong>parare</strong></span> <span class='ocrx_word' id='word_1_184' title='bbox 691 2474 862 2536; x_wconf 85' lang='lat' dir='ltr'><strong>possumus.</strong></span> <span class='ocrx_word' id='word_1_185' title='bbox 909 2459 975 2522; x_wconf 91' lang='lat' dir='ltr'><strong>Hoc</strong></span> <span class='ocrx_word' id='word_1_186' title='bbox 1000 2478 1071 2539; x_wconf 79' lang='lat' dir='ltr'><strong>ergo</strong></span> <span class='ocrx_word' id='word_1_187' title='bbox 1095 2460 1182 2521; x_wconf 91' lang='lat' dir='ltr'><strong>uobis</strong></span> <span class='ocrx_word' id='word_1_188' title='bbox 1207 2469 1272 2522; x_wconf 89' lang='lat' dir='ltr'><strong>esto</strong></span> <span class='ocrx_word' id='word_1_189' title='bbox 1296 2459 1325 2521; x_wconf 91' lang='lat' dir='ltr'><strong>in</strong></span> <span class='ocrx_word' id='word_1_190' title='bbox 1350 2460 1503 2532; x_wconf 78' lang='lat' dir='ltr'><strong>confesso,</strong></span> <span class='ocrx_word' id='word_1_191' title='bbox 1528 2457 1629 2518; x_wconf 88' lang='lat' dir='ltr'><strong>sedem</strong></span> <span class='ocrx_word' id='word_1_192' title='bbox 1653 2450 1787 2520; x_wconf 75' lang='lat' dir='ltr'><strong>virtutis.</strong></span> <span class='ocrx_word' id='word_1_193' title='bbox 1811 2467 1831 2509; x_wconf 72' lang='lat'>⁸</span> <span class='ocrx_word' id='word_1_194' title='bbox 1854 2466 1913 2527; x_wconf 74' lang='lat'>(1¹¹³</span> 
     </span>
     <span class='ocr_line' id='line_1_22' title="bbox 558 2542 1911 2692; baseline -0.004 -89"><span class='ocrx_word' id='word_1_195' title='bbox 558 2542 663 2692; x_wconf 69' lang='lat' dir='ltr'><strong>Luqae</strong></span> <span class='ocrx_word' id='word_1_196' title='bbox 687 2553 785 2608; x_wconf 86' lang='lat' dir='ltr'><strong>motus</strong></span> <span class='ocrx_word' id='word_1_197' title='bbox 820 2545 870 2608; x_wconf 91' lang='lat' dir='ltr'><strong>ille</strong></span> <span class='ocrx_word' id='word_1_198' title='bbox 895 2555 1064 2609; x_wconf 89' lang='lat' dir='ltr'><strong>menstruus</strong></span> <span class='ocrx_word' id='word_1_199' title='bbox 1091 2548 1306 2629; x_wconf 86' lang='lat' dir='ltr'><strong>proficiscitur,</strong></span> <span class='ocrx_word' id='word_1_200' title='bbox 1337 2548 1480 2629; x_wconf 87' lang='lat' dir='ltr'><strong>primario</strong></span> <span class='ocrx_word' id='word_1_201' title='bbox 1510 2546 1539 2609; x_wconf 92' lang='lat' dir='ltr'><strong>iu</strong></span> <span class='ocrx_word' id='word_1_202' title='bbox 1564 2544 1645 2608; x_wconf 91' lang='lat' dir='ltr'><strong>Solis</strong></span> <span class='ocrx_word' id='word_1_203' title='bbox 1669 2555 1793 2620; x_wconf 86' lang='lat' dir='ltr'><strong>corpore</strong></span> <span class='ocrx_word' id='word_1_204' title='bbox 1817 2556 1911 2617; x_wconf 89' lang='lat' dir='ltr'><strong>quae-</strong></span> 
     </span>
     <span class='ocr_line' id='line_1_23' title="bbox 558 2649 1784 2695; baseline 0.002 -3"><span class='ocrx_word' id='word_1_205' title='bbox 558 2649 692 2692; x_wconf 89' lang='lat' dir='ltr'><strong>renam.</strong></span> <span class='ocrx_word' id='word_1_206' title='bbox 1782 2692 1784 2695; x_wconf 83' lang='grc'>.</span> 
     </span>
    </p>

    <p class='ocr_par' dir='ltr' id='par_1_8' title="bbox 557 2714 1915 2981">
     <span class='ocr_line' id='line_1_24' title="bbox 648 2714 1912 2805; baseline -0.004 -24"><span class='ocrx_word' id='word_1_207' title='bbox 648 2719 743 2783; x_wconf 90' lang='lat' dir='ltr'><strong>Porro</strong></span> <span class='ocrx_word' id='word_1_208' title='bbox 767 2740 834 2784; x_wconf 91' lang='lat' dir='ltr'><strong>cum</strong></span> <span class='ocrx_word' id='word_1_209' title='bbox 857 2741 960 2784; x_wconf 89' lang='lat' dir='ltr'><strong>omues</strong></span> <span class='ocrx_word' id='word_1_210' title='bbox 984 2723 1089 2803; x_wconf 91' lang='lat' dir='ltr'><strong>reliqui</strong></span> <span class='ocrx_word' id='word_1_211' title='bbox 1113 2725 1255 2805; x_wconf 89' lang='lat' dir='ltr'><strong>planetae</strong></span> <span class='ocrx_word' id='word_1_212' title='bbox 1279 2726 1308 2787; x_wconf 95' lang='lat' dir='ltr'><strong>id</strong></span> <span class='ocrx_word' id='word_1_213' title='bbox 1323 2744 1432 2805; x_wconf 89' lang='lat' dir='ltr'><strong>corpus</strong></span> <span class='ocrx_word' id='word_1_214' title='bbox 1455 2744 1509 2787; x_wconf 92' lang='lat' dir='ltr'><strong>ceu</strong></span> <span class='ocrx_word' id='word_1_215' title='bbox 1525 2724 1637 2785; x_wconf 86' lang='lat' dir='ltr'><strong>iontem</strong></span> <span class='ocrx_word' id='word_1_216' title='bbox 1659 2716 1782 2781; x_wconf 85' lang='lat' dir='ltr'><strong>virtutis</strong></span> <span class='ocrx_word' id='word_1_217' title='bbox 1805 2714 1912 2778; x_wconf 87' lang='lat' dir='ltr'><strong>motri·</strong></span> 
     </span>
     <span class='ocr_line' id='line_1_25' title="bbox 557 2806 1915 2895; baseline -0.002 -28"><span class='ocrx_word' id='word_1_218' title='bbox 557 2806 602 2869; x_wconf 85' lang='lat' dir='ltr'><strong>cis</strong></span> <span class='ocrx_word' id='word_1_219' title='bbox 632 2808 826 2889; x_wconf 85' lang='lat' dir='ltr'><strong>experiantur</strong></span> <span class='ocrx_word' id='word_1_220' title='bbox 856 2811 934 2891; x_wconf 91' lang='lat' dir='ltr'><strong>quod</strong></span> <span class='ocrx_word' id='word_1_221' title='bbox 964 2812 1147 2876; x_wconf 89' lang='lat' dir='ltr'><strong>circumeunt</strong></span> <span class='ocrx_word' id='word_1_222' title='bbox 1170 2812 1287 2887; x_wconf 86' lang='lat' dir='ltr'><strong>(Solem</strong></span> <span class='ocrx_word' id='word_1_223' title='bbox 1312 2817 1447 2895; x_wconf 85' lang='lat' dir='ltr'><strong>nempe),</strong></span> <span class='ocrx_word' id='word_1_224' title='bbox 1476 2815 1564 2875; x_wconf 91' lang='lat' dir='ltr'><strong>Luna</strong></span> <span class='ocrx_word' id='word_1_225' title='bbox 1586 2827 1702 2891; x_wconf 90' lang='lat' dir='ltr'><strong>quoque</strong></span> <span class='ocrx_word' id='word_1_226' title='bbox 1726 2825 1765 2867; x_wconf 79' lang='lat' dir='ltr'><strong>ex</strong></span> <span class='ocrx_word' id='word_1_227' title='bbox 1787 2823 1822 2866; x_wconf 89' lang='lat' dir='ltr'><strong>eo</strong></span> <span class='ocrx_word' id='word_1_228' title='bbox 1844 2824 1915 2866; x_wconf 92' lang='lat' dir='ltr'><strong>cor-</strong></span> 
     </span>
     <span class='ocr_line' id='line_1_26' title="bbox 557 2898 1192 2981; baseline 0.014 -25"><span class='ocrx_word' id='word_1_229' title='bbox 557 2913 630 2976; x_wconf 89' lang='lat' dir='ltr'><strong>pore</strong></span> <span class='ocrx_word' id='word_1_230' title='bbox 655 2898 741 2976; x_wconf 78' lang='lat' dir='ltr'><strong>qnod?</strong></span> <span class='ocrx_word' id='word_1_231' title='bbox 757 2898 893 2961; x_wconf 86' lang='lat' dir='ltr'><strong>circumit</strong></span> <span class='ocrx_word' id='word_1_232' title='bbox 916 2900 1028 2980; x_wconf 85' lang='lat' dir='ltr'><strong>aliquid</strong></span> <span class='ocrx_word' id='word_1_233' title='bbox 1048 2900 1192 2981; x_wconf 88' lang='lat' dir='ltr'><strong>patietur.</strong></span> 
     </span>
    </p>

    <p class='ocr_par' dir='ltr' id='par_1_9' title="bbox 522 2982 1969 4840">
     <span class='ocr_line' id='line_1_27' title="bbox 648 2982 1912 3069; baseline 0 -22"><span class='ocrx_word' id='word_1_234' title='bbox 648 2984 797 3048; x_wconf 81' lang='lat' dir='ltr'><strong>Circumit</strong></span> <span class='ocrx_word' id='word_1_235' title='bbox 829 2997 930 3050; x_wconf 90' lang='lat' dir='ltr'><strong>autem</strong></span> <span class='ocrx_word' id='word_1_236' title='bbox 955 2989 1088 3054; x_wconf 86' lang='lat' dir='ltr'><strong>Terram.</strong></span> <span class='ocrx_word' id='word_1_237' title='bbox 1135 2992 1169 3053; x_wconf 94' lang='lat' dir='ltr'><strong>ln</strong></span> <span class='ocrx_word' id='word_1_238' title='bbox 1194 2992 1289 3054; x_wconf 88' lang='lat' dir='ltr'><strong>Terra</strong></span> <span class='ocrx_word' id='word_1_239' title='bbox 1318 2990 1409 3069; x_wconf 75' lang='lat' dir='ltr'><strong>igitur</strong></span> <span class='ocrx_word' id='word_1_240' title='bbox 1436 2991 1517 3054; x_wconf 90' lang='lat' dir='ltr'><strong>inest</strong></span> <span class='ocrx_word' id='word_1_241' title='bbox 1546 2988 1655 3060; x_wconf 75' lang='lat' dir='ltr'><strong>uirtus,</strong></span> <span class='ocrx_word' id='word_1_242' title='bbox 1687 3003 1764 3065; x_wconf 89' lang='lat' dir='ltr'><strong>quaa</strong></span> <span class='ocrx_word' id='word_1_243' title='bbox 1796 2982 1912 3043; x_wconf 80' lang='lat' dir='ltr'><strong>Lunam</strong></span> 
     </span>
     <span class='ocr_line' id='line_1_28' title="bbox 559 3070 1913 3157; baseline -0.002 -24"><span class='ocrx_word' id='word_1_244' title='bbox 559 3071 630 3136; x_wconf 90' lang='lat' dir='ltr'><strong>ciet.</strong></span> <span class='ocrx_word' id='word_1_245' title='bbox 670 3074 775 3137; x_wconf 86' lang='lat' dir='ltr'><strong>Antea</strong></span> <span class='ocrx_word' id='word_1_246' title='bbox 798 3095 869 3139; x_wconf 82' lang='lat' dir='ltr'><strong>vero</strong></span> <span class='ocrx_word' id='word_1_247' title='bbox 893 3076 1052 3157; x_wconf 87' lang='lat' dir='ltr'><strong>primarius</strong></span> <span class='ocrx_word' id='word_1_248' title='bbox 1076 3079 1141 3157; x_wconf 90' lang='lat' dir='ltr'><strong>ejus</strong></span> <span class='ocrx_word' id='word_1_249' title='bbox 1166 3081 1233 3142; x_wconf 85' lang='lat' dir='ltr'><strong>fons</strong></span> <span class='ocrx_word' id='word_1_250' title='bbox 1258 3079 1287 3140; x_wconf 90' lang='lat' dir='ltr'><strong>iu</strong></span> <span class='ocrx_word' id='word_1_251' title='bbox 1302 3078 1373 3141; x_wconf 91' lang='lat' dir='ltr'><strong>Sole</strong></span> <span class='ocrx_word' id='word_1_252' title='bbox 1388 3091 1463 3143; x_wconf 89' lang='lat' dir='ltr'><strong>erat.</strong></span> <span class='ocrx_word' id='word_1_253' title='bbox 1500 3077 1580 3150; x_wconf 87' lang='lat' dir='ltr'><strong>Quid</strong></span> <span class='ocrx_word' id='word_1_254' title='bbox 1596 3083 1694 3140; x_wconf 88' lang='lat' dir='ltr'><strong>restat</strong></span> <span class='ocrx_word' id='word_1_255' title='bbox 1716 3072 1807 3153; x_wconf 83' lang='lat' dir='ltr'><strong>igitur</strong></span> <span class='ocrx_word' id='word_1_256' title='bbox 1822 3070 1913 3141; x_wconf 91' lang='lat' dir='ltr'><strong>aliud,</strong></span> 
     </span>
     <span class='ocr_line' id='line_1_29' title="bbox 560 3159 1915 3249; baseline -0.005 -25"><span class='ocrx_word' id='word_1_257' title='bbox 560 3179 649 3241; x_wconf 84' lang='lat' dir='ltr'><strong>quam</strong></span> <span class='ocrx_word' id='word_1_258' title='bbox 672 3172 706 3225; x_wconf 90' lang='lat' dir='ltr'><strong>ut</strong></span> <span class='ocrx_word' id='word_1_259' title='bbox 729 3163 880 3226; x_wconf 85' lang='lat' dir='ltr'><strong>dicamus:</strong></span> <span class='ocrx_word' id='word_1_260' title='bbox 914 3166 1017 3244; x_wconf 84' lang='lat' dir='ltr'><strong>egredi</strong></span> <span class='ocrx_word' id='word_1_261' title='bbox 1042 3186 1059 3227; x_wconf 91' lang='lat' dir='ltr'><strong>e</strong></span> <span class='ocrx_word' id='word_1_262' title='bbox 1083 3164 1155 3231; x_wconf 89' lang='lat' dir='ltr'><strong>Sole</strong></span> <span class='ocrx_word' id='word_1_263' title='bbox 1179 3187 1233 3231; x_wconf 91' lang='lat' dir='ltr'><strong>ceu</strong></span> <span class='ocrx_word' id='word_1_264' title='bbox 1256 3168 1372 3230; x_wconf 88' lang='lat' dir='ltr'><strong>radium</strong></span> <span class='ocrx_word' id='word_1_265' title='bbox 1403 3170 1533 3249; x_wconf 88' lang='lat' dir='ltr'><strong>aliquem</strong></span> <span class='ocrx_word' id='word_1_266' title='bbox 1556 3165 1678 3229; x_wconf 89' lang='lat' dir='ltr'><strong>virtutis</strong></span> <span class='ocrx_word' id='word_1_267' title='bbox 1701 3159 1848 3233; x_wconf 87' lang='lat' dir='ltr'><strong>matricis,</strong></span> <span class='ocrx_word' id='word_1_268' title='bbox 1883 3167 1915 3218; x_wconf 92' lang='lat' dir='ltr'><strong>et</strong></span> 
     </span>
     <span class='ocr_line' id='line_1_30' title="bbox 560 3248 1914 3335; baseline -0.002 -25"><span class='ocrx_word' id='word_1_269' title='bbox 560 3250 766 3315; x_wconf 90' lang='lat' dir='ltr'><strong>continuatum</strong></span> <span class='ocrx_word' id='word_1_270' title='bbox 790 3272 975 3333; x_wconf 90' lang='lat' dir='ltr'><strong>percorpus</strong></span> <span class='ocrx_word' id='word_1_271' title='bbox 998 3255 1127 3317; x_wconf 87' lang='lat' dir='ltr'><strong>Telluris</strong></span> <span class='ocrx_word' id='word_1_272' title='bbox 1152 3257 1180 3318; x_wconf 91' lang='lat' dir='ltr'><strong>in</strong></span> <span class='ocrx_word' id='word_1_273' title='bbox 1204 3256 1365 3330; x_wconf 89' lang='lat' dir='ltr'><strong>directum,</strong></span> <span class='ocrx_word' id='word_1_274' title='bbox 1391 3257 1419 3320; x_wconf 89' lang='lat' dir='ltr'><strong>in</strong></span> <span class='ocrx_word' id='word_1_275' title='bbox 1444 3258 1563 3319; x_wconf 87' lang='lat' dir='ltr'><strong>Tellure</strong></span> <span class='ocrx_word' id='word_1_276' title='bbox 1587 3252 1673 3335; x_wconf 87' lang='lat' dir='ltr'><strong>quasi</strong></span> <span class='ocrx_word' id='word_1_277' title='bbox 1696 3248 1835 3323; x_wconf 88' lang='lat' dir='ltr'><strong>nidulari,</strong></span> <span class='ocrx_word' id='word_1_278' title='bbox 1858 3265 1914 3321; x_wconf 70' lang='lat' dir='ltr'><strong>ge·</strong></span> 
     </span>
     <span class='ocr_line' id='line_1_31' title="bbox 560 3337 1914 3423; baseline -0.001 -25"><span class='ocrx_word' id='word_1_279' title='bbox 560 3337 713 3418; x_wconf 88' lang='lat' dir='ltr'><strong>uitamque</strong></span> <span class='ocrx_word' id='word_1_280' title='bbox 743 3350 776 3403; x_wconf 87' lang='lat' dir='ltr'><strong>et</strong></span> <span class='ocrx_word' id='word_1_281' title='bbox 805 3342 1021 3405; x_wconf 85' lang='lat' dir='ltr'><strong>subsistentem</strong></span> <span class='ocrx_word' id='word_1_282' title='bbox 1049 3346 1272 3407; x_wconf 85' lang='lat' dir='ltr'><strong>continuatione</strong></span> <span class='ocrx_word' id='word_1_283' title='bbox 1301 3347 1357 3407; x_wconf 91' lang='lat' dir='ltr'><strong>hac</strong></span> <span class='ocrx_word' id='word_1_284' title='bbox 1389 3345 1568 3408; x_wconf 87' lang='lat' dir='ltr'><strong>secundaria</strong></span> <span class='ocrx_word' id='word_1_285' title='bbox 1594 3341 1743 3423; x_wconf 89' lang='lat' dir='ltr'><strong>quandam</strong></span> <span class='ocrx_word' id='word_1_286' title='bbox 1773 3338 1914 3398; x_wconf 87' lang='lat' dir='ltr'><strong>virtutem</strong></span> 
     </span>
     <span class='ocr_line' id='line_1_32' title="bbox 560 3427 1915 3516; baseline 0.007 -31"><span class='ocrx_word' id='word_1_287' title='bbox 560 3443 615 3488; x_wconf 92' lang='lat' dir='ltr'><strong>ceu</strong></span> <span class='ocrx_word' id='word_1_288' title='bbox 639 3427 772 3491; x_wconf 86' lang='lat' dir='ltr'><strong>sobolem</strong></span> <span class='ocrx_word' id='word_1_289' title='bbox 794 3428 910 3491; x_wconf 81' lang='lat' dir='ltr'><strong>Solaria</strong></span> <span class='ocrx_word' id='word_1_290' title='bbox 929 3430 1009 3494; x_wconf 91' lang='lat' dir='ltr'><strong>illins</strong></span> <span class='ocrx_word' id='word_1_291' title='bbox 1037 3433 1100 3511; x_wconf 89' lang='lat' dir='ltr'><strong>jam</strong></span> <span class='ocrx_word' id='word_1_292' title='bbox 1124 3434 1194 3495; x_wconf 91' lang='lat' dir='ltr'><strong>inde</strong></span> <span class='ocrx_word' id='word_1_293' title='bbox 1217 3454 1234 3495; x_wconf 94' lang='lat' dir='ltr'><strong>e</strong></span> <span class='ocrx_word' id='word_1_294' title='bbox 1253 3435 1372 3496; x_wconf 90' lang='lat' dir='ltr'><strong>Tellure</strong></span> <span class='ocrx_word' id='word_1_295' title='bbox 1396 3443 1539 3516; x_wconf 89' lang='lat' dir='ltr'><strong>tanquam</strong></span> <span class='ocrx_word' id='word_1_296' title='bbox 1562 3451 1579 3494; x_wconf 96' lang='lat' dir='ltr'><strong>e</strong></span> <span class='ocrx_word' id='word_1_297' title='bbox 1602 3450 1680 3493; x_wconf 86' lang='lat' dir='ltr'><strong>nova</strong></span> <span class='ocrx_word' id='word_1_298' title='bbox 1702 3428 1774 3489; x_wconf 82' lang='lat' dir='ltr'><strong>sede</strong></span> <span class='ocrx_word' id='word_1_299' title='bbox 1798 3444 1915 3488; x_wconf 75' lang='lat' dir='ltr'><strong>rursum</strong></span> 
     </span>
     <span class='ocr_line' id='line_1_33' title="bbox 561 3512 1914 3598; baseline 0.001 -25"><span class='ocrx_word' id='word_1_300' title='bbox 561 3512 589 3573; x_wconf 94' lang='lat' dir='ltr'><strong>in</strong></span> <span class='ocrx_word' id='word_1_301' title='bbox 613 3516 715 3579; x_wconf 92' lang='lat' dir='ltr'><strong>orbem</strong></span> <span class='ocrx_word' id='word_1_302' title='bbox 747 3518 848 3598; x_wconf 84' lang='lat' dir='ltr'><strong>spargi</strong></span> <span class='ocrx_word' id='word_1_303' title='bbox 880 3520 917 3581; x_wconf 88' lang='lat' dir='ltr'><strong>ad</strong></span> <span class='ocrx_word' id='word_1_304' title='bbox 948 3520 1226 3585; x_wconf 90' lang='lat' dir='ltr'><strong>circumducendam</strong></span> <span class='ocrx_word' id='word_1_305' title='bbox 1251 3524 1365 3585; x_wconf 91' lang='lat' dir='ltr'><strong>Lunam</strong></span> <span class='ocrx_word' id='word_1_306' title='bbox 1390 3524 1470 3586; x_wconf 89' lang='lat' dir='ltr'><strong>circa</strong></span> <span class='ocrx_word' id='word_1_307' title='bbox 1494 3524 1630 3593; x_wconf 89' lang='lat' dir='ltr'><strong>Terram,</strong></span> <span class='ocrx_word' id='word_1_308' title='bbox 1655 3517 1759 3580; x_wconf 88' lang='lat' dir='ltr'><strong>ordine</strong></span> <span class='ocrx_word' id='word_1_309' title='bbox 1783 3536 1802 3577; x_wconf 90' lang='lat' dir='ltr'><strong>a</strong></span> <span class='ocrx_word' id='word_1_310' title='bbox 1825 3534 1914 3576; x_wconf 91' lang='lat' dir='ltr'><strong>crea-</strong></span> 
     </span>
     <span class='ocr_line' id='line_1_34' title="bbox 560 3603 1916 3692; baseline 0.001 -30"><span class='ocrx_word' id='word_1_311' title='bbox 560 3611 627 3664; x_wconf 89' lang='lat' dir='ltr'><strong>tore</strong></span> <span class='ocrx_word' id='word_1_312' title='bbox 651 3606 744 3667; x_wconf 90' lang='lat' dir='ltr'><strong>coelis</strong></span> <span class='ocrx_word' id='word_1_313' title='bbox 768 3606 914 3687; x_wconf 87' lang='lat' dir='ltr'><strong>imperato</strong></span> <span class='ocrx_word' id='word_1_314' title='bbox 932 3608 962 3669; x_wconf 94' lang='lat' dir='ltr'><strong>in</strong></span> <span class='ocrx_word' id='word_1_315' title='bbox 986 3610 1143 3689; x_wconf 91' lang='lat' dir='ltr'><strong>principio.</strong></span> <span class='ocrx_word' id='word_1_316' title='bbox 1181 3612 1259 3673; x_wconf 87' lang='lat' dir='ltr'><strong>Nam</strong></span> <span class='ocrx_word' id='word_1_317' title='bbox 1283 3612 1309 3674; x_wconf 86' lang='lat' dir='ltr'><strong>si</strong></span> <span class='ocrx_word' id='word_1_318' title='bbox 1333 3612 1369 3674; x_wconf 89' lang='lat' dir='ltr'><strong>de</strong></span> <span class='ocrx_word' id='word_1_319' title='bbox 1384 3612 1559 3692; x_wconf 87' lang='lat' dir='ltr'><strong>corporibus</strong></span> <span class='ocrx_word' id='word_1_320' title='bbox 1575 3608 1649 3690; x_wconf 87' lang='lat' dir='ltr'><strong>ipsis</strong></span> <span class='ocrx_word' id='word_1_321' title='bbox 1664 3603 1916 3668; x_wconf 83' lang='lat' dir='ltr'><strong>manifestissima</strong></span> 
     </span>
     <span class='ocr_line' id='line_1_35' title="bbox 559 3693 1912 3783; baseline 0.001 -32"><span class='ocrx_word' id='word_1_322' title='bbox 559 3698 693 3755; x_wconf 89' lang='lat' dir='ltr'><strong>testatur</strong></span> <span class='ocrx_word' id='word_1_323' title='bbox 715 3696 917 3774; x_wconf 83' lang='lat' dir='ltr'><strong>experientia,</strong></span> <span class='ocrx_word' id='word_1_324' title='bbox 941 3706 1059 3759; x_wconf 89' lang='lat' dir='ltr'><strong>ceteros</strong></span> <span class='ocrx_word' id='word_1_325' title='bbox 1081 3700 1224 3783; x_wconf 82' lang='lat' dir='ltr'><strong>planetas</strong></span> <span class='ocrx_word' id='word_1_326' title='bbox 1248 3698 1328 3775; x_wconf 91' lang='lat' dir='ltr'><strong>Soli,</strong></span> <span class='ocrx_word' id='word_1_327' title='bbox 1362 3701 1458 3763; x_wconf 88' lang='lat' dir='ltr'><strong>solam</strong></span> <span class='ocrx_word' id='word_1_328' title='bbox 1482 3701 1598 3762; x_wconf 84' lang='lat' dir='ltr'><strong>Lunam</strong></span> <span class='ocrx_word' id='word_1_329' title='bbox 1622 3696 1734 3758; x_wconf 87' lang='lat' dir='ltr'><strong>Terrae</strong></span> <span class='ocrx_word' id='word_1_330' title='bbox 1758 3693 1912 3762; x_wconf 89' lang='lat' dir='ltr'><strong>tributam,</strong></span> 
     </span>
     <span class='ocr_line' id='line_1_36' title="bbox 560 3778 1915 3868; baseline 0 -27"><span class='ocrx_word' id='word_1_331' title='bbox 560 3778 631 3859; x_wconf 91' lang='lat' dir='ltr'><strong>qnid</strong></span> <span class='ocrx_word' id='word_1_332' title='bbox 654 3800 710 3842; x_wconf 88' lang='lat' dir='ltr'><strong>nos</strong></span> <span class='ocrx_word' id='word_1_333' title='bbox 727 3783 888 3861; x_wconf 91' lang='lat' dir='ltr'><strong>prohibeat</strong></span> <span class='ocrx_word' id='word_1_334' title='bbox 911 3786 1016 3847; x_wconf 91' lang='lat' dir='ltr'><strong>eadem</strong></span> <span class='ocrx_word' id='word_1_335' title='bbox 1039 3789 1234 3868; x_wconf 89' lang='lat' dir='ltr'><strong>proportione</strong></span> <span class='ocrx_word' id='word_1_336' title='bbox 1257 3791 1349 3852; x_wconf 89' lang='lat' dir='ltr'><strong>etde</strong></span> <span class='ocrx_word' id='word_1_337' title='bbox 1372 3789 1533 3851; x_wconf 89' lang='lat' dir='ltr'><strong>virtutibus</strong></span> <span class='ocrx_word' id='word_1_338' title='bbox 1547 3783 1724 3849; x_wconf 88' lang='lat' dir='ltr'><strong>motricibns</strong></span> <span class='ocrx_word' id='word_1_339' title='bbox 1739 3781 1915 3859; x_wconf 77' lang='lat' dir='ltr'><strong>disputare?</strong></span> 
     </span>
     <span class='ocr_line' id='line_1_37' title="bbox 559 3866 1915 3956; baseline 0 -26"><span class='ocrx_word' id='word_1_340' title='bbox 559 3866 616 3930; x_wconf 85' lang='lat' dir='ltr'><strong>His</strong></span> <span class='ocrx_word' id='word_1_341' title='bbox 643 3886 717 3932; x_wconf 89' lang='lat' dir='ltr'><strong>usus</strong></span> <span class='ocrx_word' id='word_1_342' title='bbox 748 3872 945 3935; x_wconf 89' lang='lat' dir='ltr'><strong>theorematis</strong></span> <span class='ocrx_word' id='word_1_343' title='bbox 969 3874 1101 3956; x_wconf 85' lang='lat' dir='ltr'><strong>physicis</strong></span> <span class='ocrx_word' id='word_1_344' title='bbox 1124 3877 1183 3939; x_wconf 93' lang='lat' dir='ltr'><strong>hoc</strong></span> <span class='ocrx_word' id='word_1_345' title='bbox 1215 3877 1355 3951; x_wconf 85' lang='lat' dir='ltr'><strong>conficio,</strong></span> <span class='ocrx_word' id='word_1_346' title='bbox 1393 3878 1535 3940; x_wconf 82' lang='lat' dir='ltr'><strong>virtutem</strong></span> <span class='ocrx_word' id='word_1_347' title='bbox 1572 3876 1602 3937; x_wconf 90' lang='lat' dir='ltr'><strong>in</strong></span> <span class='ocrx_word' id='word_1_348' title='bbox 1626 3872 1698 3935; x_wconf 92' lang='lat' dir='ltr'><strong>Sole</strong></span> <span class='ocrx_word' id='word_1_349' title='bbox 1730 3870 1915 3933; x_wconf 87' lang='lat' dir='ltr'><strong>residentem</strong></span> 
     </span>
     <span class='ocr_line' id='line_1_38' title="bbox 559 3958 1914 4046; baseline 0.006 -29"><span class='ocrx_word' id='word_1_350' title='bbox 559 3958 667 4019; x_wconf 84' lang='lat' dir='ltr'><strong>ellectu</strong></span> <span class='ocrx_word' id='word_1_351' title='bbox 691 3977 745 4022; x_wconf 92' lang='lat' dir='ltr'><strong>suo</strong></span> <span class='ocrx_word' id='word_1_352' title='bbox 769 3961 944 4024; x_wconf 90' lang='lat' dir='ltr'><strong>circularem</strong></span> <span class='ocrx_word' id='word_1_353' title='bbox 969 3974 1000 4025; x_wconf 88' lang='lat' dir='ltr'><strong>et</strong></span> <span class='ocrx_word' id='word_1_354' title='bbox 1023 3965 1211 4044; x_wconf 87' lang='lat' dir='ltr'><strong>aequabilem</strong></span> <span class='ocrx_word' id='word_1_355' title='bbox 1235 3985 1303 4029; x_wconf 89' lang='lat' dir='ltr'><strong>esse</strong></span> <span class='ocrx_word' id='word_1_356' title='bbox 1327 3965 1519 4046; x_wconf 88' lang='lat' dir='ltr'><strong>simpliciter,</strong></span> <span class='ocrx_word' id='word_1_357' title='bbox 1543 3965 1684 4025; x_wconf 86' lang='lat' dir='ltr'><strong>virtutem</strong></span> <span class='ocrx_word' id='word_1_358' title='bbox 1712 3978 1784 4022; x_wconf 82' lang='lat' dir='ltr'><strong>vcro</strong></span> <span class='ocrx_word' id='word_1_359' title='bbox 1809 3958 1914 4019; x_wconf 78' lang='lat' dir='ltr'><strong>Lunae</strong></span> 
     </span>
     <span class='ocr_line' id='line_1_39' title="bbox 558 4044 1914 4136; baseline 0 -30"><span class='ocrx_word' id='word_1_360' title='bbox 558 4044 731 4120; x_wconf 85' lang='lat' dir='ltr'><strong>matricem,</strong></span> <span class='ocrx_word' id='word_1_361' title='bbox 756 4047 931 4112; x_wconf 90' lang='lat' dir='ltr'><strong>circularem</strong></span> <span class='ocrx_word' id='word_1_362' title='bbox 957 4052 1075 4131; x_wconf 91' lang='lat' dir='ltr'><strong>quidem</strong></span> <span class='ocrx_word' id='word_1_363' title='bbox 1101 4062 1131 4115; x_wconf 89' lang='lat' dir='ltr'><strong>et</strong></span> <span class='ocrx_word' id='word_1_364' title='bbox 1156 4053 1268 4134; x_wconf 82' lang='lat' dir='ltr'><strong>ipsam,</strong></span> <span class='ocrx_word' id='word_1_365' title='bbox 1294 4054 1347 4115; x_wconf 86' lang='lat' dir='ltr'><strong>sed</strong></span> <span class='ocrx_word' id='word_1_366' title='bbox 1372 4054 1442 4136; x_wconf 89' lang='lat' dir='ltr'><strong>qnia</strong></span> <span class='ocrx_word' id='word_1_367' title='bbox 1457 4051 1681 4116; x_wconf 87' lang='lat' dir='ltr'><strong>continuatione</strong></span> <span class='ocrx_word' id='word_1_368' title='bbox 1704 4047 1914 4129; x_wconf 89' lang='lat' dir='ltr'><strong>quadamcum</strong></span> 
     </span>
     <span class='ocr_line' id='line_1_40' title="bbox 559 4131 1969 4219; baseline 0.001 -25"><span class='ocrx_word' id='word_1_369' title='bbox 559 4131 658 4196; x_wconf 87' lang='lat' dir='ltr'><strong>Solari</strong></span> <span class='ocrx_word' id='word_1_370' title='bbox 681 4134 807 4210; x_wconf 87' lang='lat' dir='ltr'><strong>virtute,</strong></span> <span class='ocrx_word' id='word_1_371' title='bbox 832 4155 907 4216; x_wconf 86' lang='lat' dir='ltr'><strong>qnae</strong></span> <span class='ocrx_word' id='word_1_372' title='bbox 922 4157 978 4219; x_wconf 94' lang='lat' dir='ltr'><strong>per</strong></span> <span class='ocrx_word' id='word_1_373' title='bbox 1001 4140 1109 4203; x_wconf 89' lang='lat' dir='ltr'><strong>lineam</strong></span> <span class='ocrx_word' id='word_1_374' title='bbox 1123 4149 1238 4206; x_wconf 88' lang='lat' dir='ltr'><strong>rectam</strong></span> <span class='ocrx_word' id='word_1_375' title='bbox 1254 4143 1391 4218; x_wconf 84' lang='lat' dir='ltr'><strong>efficitur,</strong></span> <span class='ocrx_word' id='word_1_376' title='bbox 1417 4142 1571 4210; x_wconf 86' lang='lat' dir='ltr'><strong>subsistit,</strong></span> <span class='ocrx_word' id='word_1_377' title='bbox 1596 4140 1663 4201; x_wconf 90' lang='lat' dir='ltr'><strong>ideo</strong></span> <span class='ocrx_word' id='word_1_378' title='bbox 1682 4137 1774 4218; x_wconf 86' lang='lat' dir='ltr'><strong>juxta</strong></span> <span class='ocrx_word' id='word_1_379' title='bbox 1797 4153 1914 4214; x_wconf 92' lang='lat' dir='ltr'><strong>quoque</strong></span> <span class='ocrx_word' id='word_1_380' title='bbox 1965 4166 1969 4177; x_wconf 47' lang='grc' dir='ltr'><em>ι</em></span> 
     </span>
     <span class='ocr_line' id='line_1_41' title="bbox 558 4220 1914 4311; baseline 0.001 -30"><span class='ocrx_word' id='word_1_381' title='bbox 558 4220 675 4283; x_wconf 91' lang='lat' dir='ltr'><strong>roboris</strong></span> <span class='ocrx_word' id='word_1_382' title='bbox 700 4224 811 4303; x_wconf 87' lang='lat' dir='ltr'><strong>aliquid</strong></span> <span class='ocrx_word' id='word_1_383' title='bbox 826 4243 864 4286; x_wconf 87' lang='lat' dir='ltr'><strong>ex</strong></span> <span class='ocrx_word' id='word_1_384' title='bbox 878 4226 931 4287; x_wconf 84' lang='lat' dir='ltr'><strong>illa</strong></span> <span class='ocrx_word' id='word_1_385' title='bbox 955 4227 1035 4290; x_wconf 88' lang='lat' dir='ltr'><strong>linea</strong></span> <span class='ocrx_word' id='word_1_386' title='bbox 1059 4238 1157 4305; x_wconf 88' lang='lat' dir='ltr'><strong>recta,</strong></span> <span class='ocrx_word' id='word_1_387' title='bbox 1183 4249 1259 4311; x_wconf 87' lang='lat' dir='ltr'><strong>qnae</strong></span> <span class='ocrx_word' id='word_1_388' title='bbox 1277 4231 1384 4293; x_wconf 85' lang='lat' dir='ltr'><strong>sedem</strong></span> <span class='ocrx_word' id='word_1_389' title='bbox 1399 4239 1554 4310; x_wconf 88' lang='lat' dir='ltr'><strong>utramque</strong></span> <span class='ocrx_word' id='word_1_390' title='bbox 1570 4227 1736 4299; x_wconf 89' lang='lat' dir='ltr'><strong>connectit,</strong></span> <span class='ocrx_word' id='word_1_391' title='bbox 1761 4224 1914 4303; x_wconf 89' lang='lat' dir='ltr'><strong>suscipere</strong></span> 
     </span>
     <span class='ocr_line' id='line_1_42' title="bbox 559 4308 1915 4399; baseline 0.003 -31"><span class='ocrx_word' id='word_1_392' title='bbox 559 4313 592 4369; x_wconf 90' lang='lat' dir='ltr'><strong>et</strong></span> <span class='ocrx_word' id='word_1_393' title='bbox 613 4308 657 4370; x_wconf 93' lang='lat' dir='ltr'><strong>sic</strong></span> <span class='ocrx_word' id='word_1_394' title='bbox 681 4317 768 4373; x_wconf 86' lang='lat' dir='ltr'><strong>tanto</strong></span> <span class='ocrx_word' id='word_1_395' title='bbox 792 4312 987 4377; x_wconf 87' lang='lat' dir='ltr'><strong>valentiorem</strong></span> <span class='ocrx_word' id='word_1_396' title='bbox 1012 4334 1095 4392; x_wconf 88' lang='lat' dir='ltr'><strong>esse,</strong></span> <span class='ocrx_word' id='word_1_397' title='bbox 1121 4327 1234 4398; x_wconf 86' lang='lat' dir='ltr'><strong>quanto</strong></span> <span class='ocrx_word' id='word_1_398' title='bbox 1258 4318 1354 4381; x_wconf 89' lang='lat' dir='ltr'><strong>lineae</strong></span> <span class='ocrx_word' id='word_1_399' title='bbox 1369 4318 1501 4399; x_wconf 89' lang='lat' dir='ltr'><strong>propior.</strong></span> <span class='ocrx_word' id='word_1_400' title='bbox 1539 4318 1573 4378; x_wconf 90' lang='lat' dir='ltr'><strong>lu</strong></span> <span class='ocrx_word' id='word_1_401' title='bbox 1598 4312 1788 4396; x_wconf 90' lang='lat' dir='ltr'><strong>quadraturis</strong></span> <span class='ocrx_word' id='word_1_402' title='bbox 1812 4320 1915 4395; x_wconf 79' lang='lat' dir='ltr'><strong>autem</strong></span> 
     </span>
     <span class='ocr_line' id='line_1_43' title="bbox 558 4396 1915 4484; baseline 0.003 -28"><span class='ocrx_word' id='word_1_403' title='bbox 558 4396 645 4457; x_wconf 90' lang='lat' dir='ltr'><strong>Luna</strong></span> <span class='ocrx_word' id='word_1_404' title='bbox 669 4399 871 4463; x_wconf 88' lang='lat' dir='ltr'><strong>remotissima</strong></span> <span class='ocrx_word' id='word_1_405' title='bbox 890 4411 938 4463; x_wconf 85' lang='lat' dir='ltr'><strong>est</strong></span> <span class='ocrx_word' id='word_1_406' title='bbox 953 4424 971 4465; x_wconf 89' lang='lat' dir='ltr'><strong>a</strong></span> <span class='ocrx_word' id='word_1_407' title='bbox 985 4404 1133 4468; x_wconf 90' lang='lat' dir='ltr'><strong>diametro</strong></span> <span class='ocrx_word' id='word_1_408' title='bbox 1148 4406 1301 4481; x_wconf 86' lang='lat' dir='ltr'><strong>virtutum,</strong></span> <span class='ocrx_word' id='word_1_409' title='bbox 1325 4406 1498 4468; x_wconf 88' lang='lat' dir='ltr'><strong>tardissime</strong></span> <span class='ocrx_word' id='word_1_410' title='bbox 1522 4404 1613 4484; x_wconf 83' lang='lat' dir='ltr'><strong>igitur</strong></span> <span class='ocrx_word' id='word_1_411' title='bbox 1637 4403 1783 4466; x_wconf 84' lang='lat' dir='ltr'><strong>volvetur.</strong></span> <span class='ocrx_word' id='word_1_412' title='bbox 1813 4398 1915 4478; x_wconf 88' lang='lat' dir='ltr'><strong>Supra</strong></span> 
     </span>
     <span class='ocr_line' id='line_1_44' title="bbox 558 4486 1913 4576; baseline 0.001 -31"><span class='ocrx_word' id='word_1_413' title='bbox 558 4501 629 4547; x_wconf 90' lang='lat' dir='ltr'><strong>vero</strong></span> <span class='ocrx_word' id='word_1_414' title='bbox 653 4486 830 4552; x_wconf 88' lang='lat' dir='ltr'><strong>tarditatem</strong></span> <span class='ocrx_word' id='word_1_415' title='bbox 854 4491 948 4554; x_wconf 87' lang='lat' dir='ltr'><strong>mensi</strong></span> <span class='ocrx_word' id='word_1_416' title='bbox 971 4512 1072 4556; x_wconf 89' lang='lat' dir='ltr'><strong>sumus</strong></span> <span class='ocrx_word' id='word_1_417' title='bbox 1096 4502 1207 4573; x_wconf 91' lang='lat' dir='ltr'><strong>puncto</strong></span> <span class='ocrx_word' id='word_1_418' title='bbox 1223 4493 1248 4557; x_wconf 87' lang='lat' dir='ltr'>C</span> <span class='ocrx_word' id='word_1_419' title='bbox 1264 4513 1357 4576; x_wconf 90' lang='lat' dir='ltr'><strong>supra</strong></span> <span class='ocrx_word' id='word_1_420' title='bbox 1371 4495 1398 4556; x_wconf 96' lang='lat' dir='ltr'>B</span> <span class='ocrx_word' id='word_1_421' title='bbox 1413 4503 1548 4557; x_wconf 88' lang='lat' dir='ltr'><strong>centrum</strong></span> <span class='ocrx_word' id='word_1_422' title='bbox 1572 4493 1654 4555; x_wconf 88' lang='lat' dir='ltr'><strong>orbis</strong></span> <span class='ocrx_word' id='word_1_423' title='bbox 1677 4492 1808 4553; x_wconf 88' lang='lat' dir='ltr'><strong>elevato.</strong></span> <span class='ocrx_word' id='word_1_424' title='bbox 1842 4486 1913 4549; x_wconf 87' lang='lat' dir='ltr'><strong>Jarn</strong></span> 
     </span>
     <span class='ocr_line' id='line_1_45' title="bbox 558 4571 1915 4662; baseline 0.003 -30"><span class='ocrx_word' id='word_1_425' title='bbox 558 4571 649 4652; x_wconf 82' lang='lat' dir='ltr'><strong>igitur</strong></span> <span class='ocrx_word' id='word_1_426' title='bbox 673 4574 701 4638; x_wconf 90' lang='lat' dir='ltr'><strong>iu</strong></span> <span class='ocrx_word' id='word_1_427' title='bbox 722 4578 927 4656; x_wconf 86' lang='lat' dir='ltr'><strong>quadraturis,</strong></span> <span class='ocrx_word' id='word_1_428' title='bbox 961 4587 995 4641; x_wconf 89' lang='lat' dir='ltr'><strong>ut</strong></span> <span class='ocrx_word' id='word_1_429' title='bbox 1018 4582 1114 4644; x_wconf 88' lang='lat' dir='ltr'><strong>adhuc</strong></span> <span class='ocrx_word' id='word_1_430' title='bbox 1139 4582 1254 4644; x_wconf 86' lang='lat' dir='ltr'><strong>tardior</strong></span> <span class='ocrx_word' id='word_1_431' title='bbox 1283 4585 1394 4646; x_wconf 87' lang='lat' dir='ltr'><strong>evadat</strong></span> <span class='ocrx_word' id='word_1_432' title='bbox 1416 4585 1504 4645; x_wconf 89' lang='lat' dir='ltr'><strong>Luna</strong></span> <span class='ocrx_word' id='word_1_433' title='bbox 1527 4591 1558 4643; x_wconf 89' lang='lat' dir='ltr'><strong>et</strong></span> <span class='ocrx_word' id='word_1_434' title='bbox 1582 4579 1777 4662; x_wconf 85' lang='lat' dir='ltr'><strong>aequatioues</strong></span> <span class='ocrx_word' id='word_1_435' title='bbox 1801 4577 1915 4637; x_wconf 88' lang='lat' dir='ltr'><strong>habeat</strong></span> 
     </span>
     <span class='ocr_line' id='line_1_46' title="bbox 557 4662 1912 4752; baseline 0.002 -30"><span class='ocrx_word' id='word_1_436' title='bbox 557 4662 702 4741; x_wconf 88' lang='lat' dir='ltr'><strong>majores,</strong></span> <span class='ocrx_word' id='word_1_437' title='bbox 733 4674 874 4745; x_wconf 89' lang='lat' dir='ltr'><strong>puuctum</strong></span> <span class='ocrx_word' id='word_1_438' title='bbox 898 4667 927 4729; x_wconf 92' lang='lat' dir='ltr'><strong>id</strong></span> <span class='ocrx_word' id='word_1_439' title='bbox 947 4668 1040 4732; x_wconf 88' lang='lat' dir='ltr'><strong>altius</strong></span> <span class='ocrx_word' id='word_1_440' title='bbox 1062 4670 1160 4732; x_wconf 91' lang='lat' dir='ltr'><strong>adhuc</strong></span> <span class='ocrx_word' id='word_1_441' title='bbox 1184 4670 1368 4735; x_wconf 86' lang='lat' dir='ltr'><strong>elevabimus</strong></span> <span class='ocrx_word' id='word_1_442' title='bbox 1390 4691 1483 4752; x_wconf 87' lang='lat' dir='ltr'><strong>usqne</strong></span> <span class='ocrx_word' id='word_1_443' title='bbox 1507 4672 1535 4733; x_wconf 92' lang='lat' dir='ltr'><strong>in</strong></span> <span class='ocrx_word' id='word_1_444' title='bbox 1559 4671 1588 4732; x_wconf 92' lang='lat' dir='ltr'>D</span> <span class='ocrx_word' id='word_1_445' title='bbox 1611 4670 1736 4732; x_wconf 82' lang='lat' dir='ltr'><strong>scilicet.</strong></span> <span class='ocrx_word' id='word_1_446' title='bbox 1784 4664 1912 4727; x_wconf 89' lang='lat' dir='ltr'><strong>Statue·</strong></span> 
     </span>
     <span class='ocr_line' id='line_1_47' title="bbox 522 4751 1639 4840; baseline 0.008 -30"><span class='ocrx_word' id='word_1_447' title='bbox 522 4764 525 4769; x_wconf 80' lang='grc'><strong>’</strong></span> <span class='ocrx_word' id='word_1_448' title='bbox 557 4767 623 4812; x_wconf 90' lang='lat' dir='ltr'><strong>mus</strong></span> <span class='ocrx_word' id='word_1_449' title='bbox 646 4760 747 4815; x_wconf 86' lang='lat' dir='ltr'><strong>autem</strong></span> <span class='ocrx_word' id='word_1_450' title='bbox 772 4751 828 4816; x_wconf 81' lang='lat' dir='ltr'><strong>OD</strong></span> <span class='ocrx_word' id='word_1_451' title='bbox 850 4755 879 4817; x_wconf 90' lang='lat' dir='ltr'><strong>in</strong></span> <span class='ocrx_word' id='word_1_452' title='bbox 904 4755 987 4837; x_wconf 91' lang='lat' dir='ltr'><strong>prins</strong></span> <span class='ocrx_word' id='word_1_453' title='bbox 1011 4765 1157 4838; x_wconf 87' lang='lat' dir='ltr'><strong>usurpata</strong></span> <span class='ocrx_word' id='word_1_454' title='bbox 1179 4759 1365 4822; x_wconf 89' lang='lat' dir='ltr'><strong>dimensione</strong></span> <span class='ocrx_word' id='word_1_455' title='bbox 1387 4760 1518 4840; x_wconf 89' lang='lat' dir='ltr'><strong>partium</strong></span> <span class='ocrx_word' id='word_1_456' title='bbox 1541 4753 1639 4823; x_wconf 69' lang='lat'><strong>4962.</strong></span> 
     </span>
    </p>

    <p class='ocr_par' dir='ltr' id='par_1_10' title="bbox 556 4838 1912 5193">
     <span class='ocr_line' id='line_1_48' title="bbox 566 4838 1912 4929; baseline 0.001 -29"><span class='ocrx_word' id='word_1_457' title='bbox 566 4865 568 4872; x_wconf 95' lang='lat'>·</span> <span class='ocrx_word' id='word_1_458' title='bbox 646 4838 795 4921; x_wconf 87' lang='lat' dir='ltr'><strong>Superest</strong></span> <span class='ocrx_word' id='word_1_459' title='bbox 818 4850 851 4903; x_wconf 91' lang='lat' dir='ltr'><strong>ut</strong></span> <span class='ocrx_word' id='word_1_460' title='bbox 873 4844 1036 4925; x_wconf 79' lang='lat' dir='ltr'><strong>explicem,</strong></span> <span class='ocrx_word' id='word_1_461' title='bbox 1070 4865 1129 4927; x_wconf 91' lang='lat' dir='ltr'><strong>qua</strong></span> <span class='ocrx_word' id='word_1_462' title='bbox 1159 4855 1258 4911; x_wconf 91' lang='lat' dir='ltr'><strong>motus</strong></span> <span class='ocrx_word' id='word_1_463' title='bbox 1287 4849 1383 4910; x_wconf 85' lang='lat' dir='ltr'><strong>forma</strong></span> <span class='ocrx_word' id='word_1_464' title='bbox 1405 4858 1547 4929; x_wconf 90' lang='lat' dir='ltr'><strong>punctum</strong></span> <span class='ocrx_word' id='word_1_465' title='bbox 1571 4846 1767 4927; x_wconf 89' lang='lat' dir='ltr'><strong>aequalitatis</strong></span> <span class='ocrx_word' id='word_1_466' title='bbox 1791 4867 1810 4907; x_wconf 90' lang='lat' dir='ltr'><strong>a</strong></span> <span class='ocrx_word' id='word_1_467' title='bbox 1833 4842 1858 4906; x_wconf 86' lang='lat' dir='ltr'>C</span> <span class='ocrx_word' id='word_1_468' title='bbox 1884 4842 1912 4902; x_wconf 93' lang='lat' dir='ltr'><strong>in</strong></span> 
     </span>
     <span class='ocr_line' id='line_1_49' title="bbox 556 4924 1912 5013; baseline 0.004 -26"><span class='ocrx_word' id='word_1_469' title='bbox 556 4924 586 4987; x_wconf 89' lang='lat' dir='ltr'>D</span> <span class='ocrx_word' id='word_1_470' title='bbox 608 4928 766 5007; x_wconf 89' lang='lat' dir='ltr'><strong>pervenire</strong></span> <span class='ocrx_word' id='word_1_471' title='bbox 789 4931 957 5009; x_wconf 80' lang='lat' dir='ltr'><strong>lingendum</strong></span> <span class='ocrx_word' id='word_1_472' title='bbox 982 4932 1032 5007; x_wconf 89' lang='lat' dir='ltr'><strong>sit,</strong></span> <span class='ocrx_word' id='word_1_473' title='bbox 1057 4942 1091 4997; x_wconf 90' lang='lat' dir='ltr'><strong>ut</strong></span> <span class='ocrx_word' id='word_1_474' title='bbox 1115 4934 1262 4998; x_wconf 89' lang='lat' dir='ltr'><strong>dimensio</strong></span> <span class='ocrx_word' id='word_1_475' title='bbox 1286 4946 1367 4998; x_wconf 90' lang='lat' dir='ltr'><strong>recte</strong></span> <span class='ocrx_word' id='word_1_476' title='bbox 1391 4936 1575 4998; x_wconf 86' lang='lat' dir='ltr'><strong>instituatur.</strong></span> <span class='ocrx_word' id='word_1_477' title='bbox 1621 4934 1736 5005; x_wconf 86' lang='lat' dir='ltr'><strong>Quodsi</strong></span> <span class='ocrx_word' id='word_1_478' title='bbox 1762 4932 1912 5013; x_wconf 87' lang='lat' dir='ltr'><strong>Coperni-</strong></span> 
     </span>
     <span class='ocr_line' id='line_1_50' title="bbox 556 5019 1912 5099; baseline 0.004 -24"><span class='ocrx_word' id='word_1_479' title='bbox 556 5032 623 5076; x_wconf 89' lang='lat' dir='ltr'><strong>curn</strong></span> <span class='ocrx_word' id='word_1_480' title='bbox 647 5019 891 5099; x_wconf 88' lang='lat' dir='ltr'><strong>quamproxime</strong></span> <span class='ocrx_word' id='word_1_481' title='bbox 916 5021 1059 5084; x_wconf 89' lang='lat' dir='ltr'><strong>aemulari</strong></span> <span class='ocrx_word' id='word_1_482' title='bbox 1084 5022 1234 5097; x_wconf 88' lang='lat' dir='ltr'><strong>volumus,</strong></span> <span class='ocrx_word' id='word_1_483' title='bbox 1263 5024 1342 5086; x_wconf 89' lang='lat' dir='ltr'><strong>linea</strong></span> <span class='ocrx_word' id='word_1_484' title='bbox 1366 5025 1421 5087; x_wconf 84' lang='lat' dir='ltr'><strong>OD</strong></span> <span class='ocrx_word' id='word_1_485' title='bbox 1444 5026 1502 5086; x_wconf 90' lang='lat' dir='ltr'><strong>erit</strong></span> <span class='ocrx_word' id='word_1_486' title='bbox 1526 5024 1705 5086; x_wconf 89' lang='lat' dir='ltr'><strong>includenda</strong></span> <span class='ocrx_word' id='word_1_487' title='bbox 1727 5023 1838 5085; x_wconf 86' lang='lat' dir='ltr'><strong>circulo</strong></span> <span class='ocrx_word' id='word_1_488' title='bbox 1863 5020 1912 5083; x_wconf 92' lang='lat' dir='ltr'><strong>di·</strong></span> 
     </span>
     <span class='ocr_line' id='line_1_51' title="bbox 556 5105 1912 5193; baseline 0.009 -30"><span class='ocrx_word' id='word_1_489' title='bbox 556 5105 756 5187; x_wconf 89' lang='lat' dir='ltr'><strong>cendumque,</strong></span> <span class='ocrx_word' id='word_1_490' title='bbox 781 5116 862 5171; x_wconf 83' lang='lat' dir='ltr'><strong>mota</strong></span> <span class='ocrx_word' id='word_1_491' title='bbox 878 5109 1046 5172; x_wconf 90' lang='lat' dir='ltr'><strong>librationis</strong></span> <span class='ocrx_word' id='word_1_492' title='bbox 1067 5129 1124 5192; x_wconf 90' lang='lat' dir='ltr'><strong>per</strong></span> <span class='ocrx_word' id='word_1_493' title='bbox 1138 5111 1316 5177; x_wconf 87' lang='lat' dir='ltr'><strong>diametrum</strong></span> <span class='ocrx_word' id='word_1_494' title='bbox 1331 5114 1437 5177; x_wconf 81' lang='lat' dir='ltr'><strong>attolli.</strong></span> <span class='ocrx_word' id='word_1_495' title='bbox 1450 5123 1592 5193; x_wconf 88' lang='lat' dir='ltr'><strong>punctum</strong></span> <span class='ocrx_word' id='word_1_496' title='bbox 1609 5113 1681 5175; x_wconf 89' lang='lat' dir='ltr'><strong>illud</strong></span> <span class='ocrx_word' id='word_1_497' title='bbox 1705 5112 1791 5174; x_wconf 93' lang='lat' dir='ltr'><strong>initio</strong></span> <span class='ocrx_word' id='word_1_498' title='bbox 1815 5114 1912 5183; x_wconf 87' lang='lat' dir='ltr'><strong>tarde.</strong></span> 
     </span>
    </p>
   </div>
   <div class='ocr_carea' id='block_1_5' title="bbox 0 0 2297 6192">
    <p class='ocr_par' dir='ltr' id='par_1_11' title="bbox 0 0 2297 6192">
     <span class='ocr_line' id='line_1_52' title="bbox 0 0 2297 6192; baseline 0 0"><span class='ocrx_word' id='word_1_499' title='bbox 0 0 2297 6192; x_wconf 95' lang='lat' dir='ltr'><strong> </strong></span> 
     </span>
    </p>
   </div>
  </div>
 </body>
</html>
