4584 6192
469 617 537 686 674
952 614 993 666 De
1012 613 1092 665 Stella
1108 612 1182 665 Nora
1199 610 1350 678 emanant

469 806 570 862 mente
597 793 850 877 comprehendere
877 790 955 854 hanc
987 790 1190 854 incredibilem
1221 788 1432 858 velocitatem,
1464 806 1560 869 aequa
1593 788 1777 870 fatigabitur
1804 795 1835 854 et

468 887 677 950 vehementius
691 884 792 957 etiam,
817 900 907 962 quam
926 881 974 961 qui
991 878 1230 960 Copemicanam
1248 878 1494 940 immensitatem.
1540 879 1667 942 Interim
1681 878 1834 959 perpende

468 974 666 1059 philosophe,
698 972 791 1034 multo
823 970 919 1050 magis
952 970 1000 1031 hic
1033 969 1198 1031 desiderari
1231 967 1453 1048 proportionem
1485 967 1655 1031 accidentis
1683 967 1725 1028 ad
1750 985 1834 1030 annm

471 1065 648 1145 subjectum,
674 1079 762 1141 quam
782 1060 850 1139 jure
874 1058 940 1137 quis
964 1058 1041 1139 apud
1058 1056 1257 1139 Gopernicum
1281 1056 1455 1118 desiderare
1478 1063 1583 1136 potest
1605 1055 1832 1137 proportionem

469 1152 567 1234 partis
591 1151 692 1213 mundi
717 1150 755 1209 ad
779 1157 906 1228 partem.
952 1148 1018 1209 Nec
1041 1147 1120 1208 enim
1151 1145 1321 1208 accidentia
1353 1153 1426 1206 sunt
1448 1144 1514 1206 sine
1538 1144 1678 1224 subjecto
1713 1145 1832 1210 idoneo.

472 1240 668 1313 Credibilius,
703 1256 843 1316 magnum
868 1255 935 1297 esse
963 1236 1131 1315 subjectum
1155 1236 1219 1297 sina
1243 1243 1340 1307 moto,
1372 1251 1462 1314 quam
1489 1252 1630 1312 magnum
1666 1243 1784 1298 motum
1805 1235 1832 1297 in

470 1348 565 1414 parvo
589 1328 734 1407 subjecto.
773 1327 881 1405 Itaque
905 1324 931 1385 si
955 1325 1177 1404 proportionem
1202 1332 1336 1386 motuum
1349 1322 1566 1384 Ptolemaicam
1586 1339 1645 1402 ego
1669 1323 1834 1387 traduxero

472 1419 510 1481 ad
533 1416 756 1498 proportionem
781 1433 936 1494 corporum
957 1411 1207 1493 Copernicanam,
1231 1410 1338 1491 majori
1361 1411 1606 1491 philosophorum
1630 1412 1787 1493 applausu
1807 1412 1833 1474 id

474 1508 584 1570 fecero.
630 1504 824 1566 Ptolemaeus
855 1502 1028 1565 Aristarchi
1061 1521 1115 1562 seu
1149 1501 1308 1581 Copernici
1340 1509 1451 1562 motum
1485 1499 1671 1578 multiplicat
1701 1498 1833 1565 7500ἰιι

471 1593 684 1674 Multiplicabo
708 1610 764 1671 ego
780 1592 872 1652 toties
892 1610 1001 1670 corpus
1024 1591 1149 1651 imarum
1163 1589 1382 1652 Ptolemaicum
1405 1586 1515 1653 20000
1529 1589 1834 1664 semidiametrornm,

474 1690 510 1746 ut
531 1689 717 1759 consurgant
741 1678 894 1745 1500000
909 1680 1199 1741 semidiametromm
1215 1688 1315 1740 sumta
1334 1678 1458 1752 centies,
1482 1677 1539 1739 boc
1553 1687 1602 1740 est
1620 1675 1833 1754 150000000;

475 1791 552 1852 quae
581 1772 610 1832 iu
643 1789 778 1831 summas
812 1768 972 1830 duodecies
1005 1777 1197 1830 centenorum
1231 1767 1296 1847 (qui
1324 1775 1373 1828 est
1400 1766 1538 1828 modulus
1570 1766 1731 1830 intervalli
1762 1768 1834 1830 inter

473 1860 578 1923 Solem
601 1865 634 1921 et
657 1858 823 1930 Tellurem)
857 1857 1033 1930 distributa,
1067 1858 1256 1918 constituunt
1287 1856 1502 1917 diastematum
1525 1853 1678 1918 Solarium
1709 1853 1833 1922 1250oe
1866 1921 1868 1936 ,

476 1949 548 2023 (hoc
563 1956 613 2009 est
630 1943 786 2020 125117).
824 1947 919 2025 Atqui
944 1965 1001 2007 non
1026 1946 1194 2025 indigemus
1210 1955 1299 2007 tanta
1318 1945 1395 2006 mole
1415 1943 1453 2004 ad
1476 1944 1702 2008 defendendum
1720 1944 1834 2028 Caper·

473 2037 582 2110 uicum,
618 2043 732 2116 quanta
763 2034 895 2115 antiquis
917 2053 994 2115 opus
1019 2045 1067 2096 est
1089 2034 1269 2115 pernicitate
1292 2033 1331 2096 ad
1362 2032 1579 2095 defendendum
1604 2034 1832 2110 Ptolemaeum:

475 2125 555 2207 qnod
586 2125 631 2187 sic
664 2131 801 2204 apparet.
857 2121 1058 2185 Conciliemus
1090 2124 1199 2185 mundo
1232 2141 1316 2185 suam
1351 2121 1554 2202 proportionis
1586 2123 1832 2200 concinnitatem,

475 2233 536 2277 noo
560 2232 650 2294 qnam
673 2212 810 2274 Brabeoa
840 2212 948 2273 solitus
973 2220 1022 2273 est
1049 2212 1223 2274 desiderare
1255 2210 1485 2291 magnitudinis,
1518 2209 1573 2271 sed
1601 2211 1832 2290 pulchritudinis

473 2312 505 2366 et
527 2302 666 2364 rationis.
708 2301 812 2363 Mundi
835 2300 983 2380 perfectio
1006 2310 1055 2362 est
1077 2309 1187 2373 motus,
1211 2319 1289 2381 quae
1312 2299 1378 2379 ejus
1401 2299 1488 2378 quasi
1512 2299 1661 2379 quaedam
1689 2301 1756 2364 vita
1777 2309 1831 2364 est.

471 2391 522 2454 Ad
556 2398 668 2452 motum
701 2390 762 2452 tria
791 2389 997 2469 requiruntur,
1035 2398 1167 2465 motor,
1204 2388 1351 2463 mobile,
1388 2387 1499 2449 locus.
1550 2389 1655 2451 Motor
1690 2400 1742 2454 est
1770 2389 1830 2454 Sol.

470 2479 599 2542 Mobilia
627 2485 702 2552 ‚sunt
725 2499 744 2540 a
766 2478 915 2541 Mercurio
948 2496 1041 2557 usqne
1065 2479 1104 2540 ad
1128 2477 1301 2540 Saturnum.
1348 2476 1449 2538 Locus
1478 2484 1526 2538 est
1558 2477 1676 2540 extima
1709 2480 1830 2542 lixunm

469 2568 610 2648 sphaera.
658 2565 774 2638 Quodsi
806 2566 961 2649 physicam
990 2586 1052 2628 rem
1086 2567 1158 2629 licet
1181 2567 1339 2628 enunciare
1363 2565 1586 2639 mathematice,
1612 2567 1741 2630 mobilia
1763 2575 1830 2631 sunt

366 2709 370 2716 .
468 2656 597 2719 medium
619 2655 843 2735 proportionale
873 2656 953 2717 iuter
982 2664 1127 2717 motorem
1152 2663 1184 2717 et
1207 2655 1314 2717 locum.
1361 2654 1440 2715 Nam
1468 2654 1599 2735 quietem
1627 2655 1750 2736 quidem
1774 2656 1826 2720 loci

468 2764 522 2808 seu
545 2743 707 2806 ambientis
736 2743 871 2822 corporis
899 2745 1044 2806 affectant
1077 2745 1241 2807 renitentia
1264 2754 1296 2807 et
1319 2742 1448 2823 quodam
1476 2742 1561 2823 quasi
1584 2745 1723 2823 pondere
1746 2745 1827 2827 (qnid

466 2832 575 2897 ridetis
599 2832 775 2895 coelestium
798 2832 946 2912 inexperti
969 2832 1216 2913 philosophastri‚
1240 2852 1338 2895 rerum
1362 2832 1607 2910 imaginariamm
1631 2835 1724 2915 copia
1748 2835 1827 2898 locu·

467 2922 577 3003 pletas,
601 2939 739 2982 verarum
763 2921 1001 3001 egentissimii),
1027 2942 1064 2983 ex
1088 2941 1146 3001 quo
1170 2922 1297 3001 singulis
1321 2940 1393 2984 snae
1418 2920 1583 2983 obveniunt
1606 2923 1726 3000 periodi
1750 2932 1826 2986 tem·

467 3029 573 3092 porum
606 3011 691 3084 (uam
724 3011 801 3091 qood
831 3019 979 3073 motorem
1008 3010 1137 3087 attinet,
1171 3012 1197 3073 is
1220 3011 1324 3073 unicus
1348 3016 1396 3071 est
1419 3017 1452 3071 et
1472 3009 1663 3073 uniformiter
1696 3014 1825 3088 movet);

467 3106 576 3163 contra
598 3106 712 3160 motum
737 3118 775 3160 ex
797 3108 912 3162 motore
941 3099 1122 3179 suscipiunt,
1147 3100 1192 3161 ita
1215 3109 1249 3160 nt
1272 3100 1300 3161 iu
1324 3098 1484 3160 mobilibus
1508 3105 1540 3159 et
1563 3106 1666 3161 motus
1691 3111 1723 3163 et
1747 3101 1825 3183 quies

468 3187 687 3269 quodammodo
711 3188 902 3250 misceantur.
942 3186 1058 3259 Quodsi
1077 3189 1201 3251 mobilia
1223 3195 1295 3252 sunt
1307 3187 1431 3269 physice
1456 3187 1586 3249 medium
1600 3189 1825 3270 proportionale

467 3277 547 3340 iuter
569 3283 714 3339 motorem
739 3285 771 3338 et
793 3279 898 3352 locum,
934 3277 1003 3357 qnid
1027 3278 1234 3352 verisimilius,
1266 3276 1481 3338 mathematice
1505 3294 1622 3357 quoque
1647 3279 1824 3342 diametrum

467 3365 620 3428 mobilium
644 3384 712 3427 esse
736 3367 866 3428 medium
889 3367 1113 3446 proportionale
1137 3367 1216 3428 inter
1244 3367 1424 3428 diametrum
1447 3364 1529 3427 Solis
1552 3367 1682 3429 motoris
1705 3378 1737 3433 et
1761 3369 1825 3432 dia·

1004 3464 1130 3516 metrum
1160 3456 1216 3517 loci
1250 3475 1303 3516 sou
1325 3456 1461 3516 fixarum.
1508 3454 1574 3515 Hoc
1607 3456 1711 3534 posito
1743 3458 1823 3521 facile
1850 3489 1858 3508 ·

1002 3552 1050 3604 est
1073 3545 1219 3623 indagare
1243 3544 1443 3624 quantitatem
1466 3544 1602 3604 fixarum.
1642 3546 1727 3608 Nam
1749 3545 1824 3609 Solia

1001 3633 1146 3694 diameter
1171 3640 1295 3713 superat
1317 3632 1493 3693 diametrum
1517 3632 1649 3695 Telluris
1674 3635 1824 3717 quinquies

1000 3721 1111 3783 semis:
1146 3730 1269 3803 superet
1292 3721 1391 3783 sexies
1414 3720 1520 3800 plene;
1550 3722 1629 3799 quod
1661 3743 1730 3787 curn
1755 3725 1824 3791 dico.

1000 3810 1165 3871 distantiae
1199 3810 1280 3872 Solis
1312 3818 1343 3870 et
1375 3810 1486 3870 Terrae
1518 3810 1616 3872 tribuo
1649 3832 1710 3875 non
1749 3810 1824 3878 12⁰0

863 3964 868 3974 ,
1000 3900 1054 3961 sed
1088 3894 1173 3960 1432
1207 3900 1455 3961 semidiametros.
1502 3898 1580 3960 Esto
1612 3907 1720 3964 tamen
1754 3904 1822 3965 hoc:

869 3975 891 4028 “¹-
998 3987 1056 4049 sim
1080 3987 1229 4060 liberalis,
1257 3996 1290 4049 ut
1314 3987 1433 4048 omnino
1461 4006 1586 4065 maguus
1611 3990 1669 4052 liat
1691 3993 1822 4054 mundus

997 4077 1031 4137 ln
1057 4077 1211 4138 schemate
1236 4074 1267 4140 4.
1293 4076 1333 4137 sit
1358 4073 1411 4137 ΟΕ
1435 4075 1663 4141 semidiameter
1695 4079 1822 4162 corporis

926 4157 944 4246 'l
997 4164 1081 4227 Solis
1100 4161 1130 4238 6,
1157 4165 1288 4245 qualium
1309 4163 1366 4227 CK
1390 4164 1534 4225 distantia
1554 4163 1638 4229 Solis
1664 4177 1699 4230 et
1721 4170 1822 4232 Terrae

946 4286 954 4336 t
997 4262 1045 4315 est
1082 4250 1176 4317 1432.
1235 4253 1284 4316 Sit
1316 4253 1447 4333 sphaera
1478 4252 1601 4316 Saturni
1637 4258 1733 4321 altior
1764 4256 1821 4322 Gn

995 4341 1066 4403 Jam
1096 4342 1246 4404 Saturnus
1281 4344 1406 4421 decuplo
1438 4343 1533 4403 distat
1565 4344 1650 4423 ejus,
1686 4367 1748 4428 quo
1778 4344 1823 4410 Sol

952 4432 957 4500 ,“
997 4432 1108 4505 distat,
1141 4433 1278 4493 nimirum
1303 4430 1360 4493 CG
1391 4441 1439 4492 est
1469 4432 1596 4511 decupla
1631 4435 1732 4514 ipsius
1765 4434 1820 4500 (ill.

997 4521 1097 4581 Minus
1130 4522 1247 4601 quidem
1280 4520 1392 4600 aliquid
1417 4529 1483 4593 est,
1517 4522 1572 4582 sed
1595 4531 1703 4587 tamen
1730 4538 1763 4590 at
1783 4523 1822 4588 bia

997 4608 1158 4687 impleatur
1191 4629 1340 4672 numerus.
1388 4608 1522 4670 Distabit
1556 4610 1650 4689 igitur
1680 4615 1821 4680 Saturna

1001 4694 1107 4762 14320
1123 4700 1236 4759 Terrae
1260 4696 1501 4772 semidiametris,
1527 4701 1651 4764 ethaeo
1666 4701 1821 4781 astlongi·

876 4811 890 4847 ν
995 4788 1069 4847 tudo
1102 4786 1197 4866 ipsius
1231 4784 1298 4850 cG.
1353 4786 1424 4847 Jam
1458 4785 1561 4865 itaque
1593 4790 1638 4853 sit
1670 4801 1708 4854 ut
1739 4790 1822 4858 serni·

857 4879 862 4888 ’
996 4875 1144 4937 diameter
1174 4876 1309 4956 corporis
1333 4873 1451 4937 Solaria
1476 4874 1518 4938 cl
1547 4895 1603 4939 aex
1632 4882 1823 4946 semidiame-

997 4971 1110 5026 tromm
1130 4966 1242 5025 Terrae
1262 4966 1300 5026 ad
1324 4964 1581 5027 semidiametrum
1605 4969 1694 5032 orbis
1709 4966 1822 5036 Saturni

998 5050 1057 5115 OG
1080 5053 1129 5114 vel
1154 5052 1224 5127 CB,
1252 5050 1360 5117 11320
1384 5054 1684 5122 semidiametrorom
1709 5063 1821 5130 Terret

999 5140 1042 5203 sic
1065 5140 1141 5204 haec
1166 5139 1219 5205 CB
1243 5142 1283 5205 ad
1307 5139 1363 5204 CD
1393 5142 1654 5211 semidiametrum
1684 5151 1821 5214 mamm:

684 3525 737 3590 Tig.
762 3523 787 3574 ⁵.
