<?xml version="1.0" encoding="UTF-8"?>
<!DOCTYPE html PUBLIC "-//W3C//DTD XHTML 1.0 Transitional//EN"
    "http://www.w3.org/TR/xhtml1/DTD/xhtml1-transitional.dtd">
<html xmlns="http://www.w3.org/1999/xhtml" xml:lang="en" lang="en">
 <head>
  <title>
</title>
<meta http-equiv="Content-Type" content="text/html;charset=utf-8" />
  <meta name='ocr-system' content='tesseract 3.04.00' />
  <meta name='ocr-capabilities' content='ocr_page ocr_carea ocr_par ocr_line ocrx_word'/>
</head>
<body>
  <div class='ocr_page' id='page_1' title='image "./joanniskepleria02frisgoog_0125.png"; bbox 0 0 4584 6192; ppageno 0'>
   <div class='ocr_carea' id='block_1_1' title="bbox 541 626 1461 697">
    <p class='ocr_par' dir='ltr' id='par_1_1' title="bbox 541 626 1461 697">
     <span class='ocr_line' id='line_1_1' title="bbox 541 626 1461 697; baseline -0.014 -1"><span class='ocrx_word' id='word_1_1' title='bbox 541 627 604 697; x_wconf 85' lang='grc'>110</span> <span class='ocrx_word' id='word_1_2' title='bbox 954 626 1175 695; x_wconf 59' lang='grc' dir='ltr'>ῙιῑῖθῐῑθΚφῙΟΙὶ</span> <span class='ocrx_word' id='word_1_3' title='bbox 1194 626 1461 697; x_wconf 66' lang='lat' dir='ltr'>tlbmqvemmt</span> 
     </span>
    </p>
   </div>
   <div class='ocr_carea' id='block_1_2' title="bbox 537 804 1903 4873">
    <p class='ocr_par' dir='ltr' id='par_1_2' title="bbox 538 804 1900 1152">
     <span class='ocr_line' id='line_1_2' title="bbox 538 804 1899 887; baseline 0.001 -18"><span class='ocrx_word' id='word_1_4' title='bbox 538 809 620 873; x_wconf 79' lang='lat' dir='ltr'>Nam</span> <span class='ocrx_word' id='word_1_5' title='bbox 643 826 719 887; x_wconf 84' lang='lat' dir='ltr'>quae</span> <span class='ocrx_word' id='word_1_6' title='bbox 743 826 816 886; x_wconf 87' lang='lat' dir='ltr'>pars</span> <span class='ocrx_word' id='word_1_7' title='bbox 839 806 914 867; x_wconf 90' lang='lat' dir='ltr'>coeli</span> <span class='ocrx_word' id='word_1_8' title='bbox 938 814 1023 867; x_wconf 86' lang='lat' dir='ltr'>caret</span> <span class='ocrx_word' id='word_1_9' title='bbox 1045 806 1113 867; x_wconf 83' lang='lat' dir='ltr'>fixis</span> <span class='ocrx_word' id='word_1_10' title='bbox 1136 807 1315 869; x_wconf 87' lang='lat' dir='ltr'>minutulis?</span> <span class='ocrx_word' id='word_1_11' title='bbox 1338 804 1416 877; x_wconf 83' lang='lat' dir='ltr'>Quis</span> <span class='ocrx_word' id='word_1_12' title='bbox 1438 825 1526 886; x_wconf 93' lang='lat' dir='ltr'>porro</span> <span class='ocrx_word' id='word_1_13' title='bbox 1542 814 1656 870; x_wconf 90' lang='lat' dir='ltr'>certum</span> <span class='ocrx_word' id='word_1_14' title='bbox 1669 807 1772 871; x_wconf 78' lang='lat' dir='ltr'>reddit</span> <span class='ocrx_word' id='word_1_15' title='bbox 1795 816 1899 872; x_wconf 82' lang='lat' dir='ltr'>astro-</span> 
     </span>
     <span class='ocr_line' id='line_1_3' title="bbox 541 894 1899 977; baseline 0.001 -19"><span class='ocrx_word' id='word_1_16' title='bbox 541 915 671 971; x_wconf 92' lang='lat' dir='ltr'>nomum,</span> <span class='ocrx_word' id='word_1_17' title='bbox 697 915 730 956; x_wconf 88' lang='lat' dir='ltr'>se</span> <span class='ocrx_word' id='word_1_18' title='bbox 755 895 951 973; x_wconf 88' lang='lat' dir='ltr'>telesoopium</span> <span class='ocrx_word' id='word_1_19' title='bbox 976 894 1013 954; x_wconf 89' lang='lat' dir='ltr'>ad</span> <span class='ocrx_word' id='word_1_20' title='bbox 1042 894 1225 973; x_wconf 83' lang='lat' dir='ltr'>ipsissimam</span> <span class='ocrx_word' id='word_1_21' title='bbox 1255 895 1357 958; x_wconf 90' lang='lat' dir='ltr'>sedem</span> <span class='ocrx_word' id='word_1_22' title='bbox 1386 895 1492 957; x_wconf 85' lang='lat' dir='ltr'>Novae</span> <span class='ocrx_word' id='word_1_23' title='bbox 1521 895 1650 977; x_wconf 89' lang='lat' dir='ltr'>dirigere</span> <span class='ocrx_word' id='word_1_24' title='bbox 1681 905 1774 960; x_wconf 86' lang='lat' dir='ltr'>tanta</span> <span class='ocrx_word' id='word_1_25' title='bbox 1799 897 1899 960; x_wconf 89' lang='lat' dir='ltr'>minu·</span> 
     </span>
     <span class='ocr_line' id='line_1_4' title="bbox 539 981 1900 1062; baseline 0.002 -16"><span class='ocrx_word' id='word_1_26' title='bbox 539 985 649 1047; x_wconf 88' lang='lat' dir='ltr'>tiarmu</span> <span class='ocrx_word' id='word_1_27' title='bbox 674 983 842 1056; x_wconf 79' lang='lat' dir='ltr'>exactione,</span> <span class='ocrx_word' id='word_1_28' title='bbox 868 990 998 1062; x_wconf 89' lang='lat' dir='ltr'>quantae</span> <span class='ocrx_word' id='word_1_29' title='bbox 1022 981 1201 1044; x_wconf 79' lang='lat' dir='ltr'>subtilitatis</span> <span class='ocrx_word' id='word_1_30' title='bbox 1216 982 1245 1043; x_wconf 94' lang='lat' dir='ltr'>id</span> <span class='ocrx_word' id='word_1_31' title='bbox 1270 984 1500 1045; x_wconf 84' lang='lat' dir='ltr'>instrumentum</span> <span class='ocrx_word' id='word_1_32' title='bbox 1521 993 1577 1058; x_wconf 91' lang='lat' dir='ltr'>est,</span> <span class='ocrx_word' id='word_1_33' title='bbox 1602 1005 1669 1048; x_wconf 93' lang='lat' dir='ltr'>cum</span> <span class='ocrx_word' id='word_1_34' title='bbox 1693 986 1779 1048; x_wconf 77' lang='lat' dir='ltr'>locus</span> <span class='ocrx_word' id='word_1_35' title='bbox 1792 986 1900 1050; x_wconf 84' lang='lat' dir='ltr'>Novae</span> 
     </span>
     <span class='ocr_line' id='line_1_5' title="bbox 538 1070 1552 1152; baseline -0.001 -17"><span class='ocrx_word' id='word_1_36' title='bbox 538 1093 597 1136; x_wconf 93' lang='lat' dir='ltr'>uon</span> <span class='ocrx_word' id='word_1_37' title='bbox 622 1073 684 1146; x_wconf 88' lang='lat' dir='ltr'>illo,</span> <span class='ocrx_word' id='word_1_38' title='bbox 709 1073 763 1134; x_wconf 92' lang='lat' dir='ltr'>sed</span> <span class='ocrx_word' id='word_1_39' title='bbox 785 1071 960 1150; x_wconf 76' lang='lat' dir='ltr'>vulgaribus</span> <span class='ocrx_word' id='word_1_40' title='bbox 983 1070 1191 1133; x_wconf 85' lang='lat' dir='ltr'>instrumentis</span> <span class='ocrx_word' id='word_1_41' title='bbox 1216 1072 1306 1133; x_wconf 82' lang='lat' dir='ltr'>fuerit</span> <span class='ocrx_word' id='word_1_42' title='bbox 1327 1072 1552 1152; x_wconf 81' lang='lat' dir='ltr'>investigatus?</span> 
     </span>
    </p>

    <p class='ocr_par' dir='ltr' id='par_1_3' title="bbox 539 1158 1900 2122">
     <span class='ocr_line' id='line_1_6' title="bbox 627 1158 1899 1244; baseline 0.002 -23"><span class='ocrx_word' id='word_1_43' title='bbox 627 1160 677 1221; x_wconf 86' lang='lat' dir='ltr'>Ex</span> <span class='ocrx_word' id='word_1_44' title='bbox 694 1159 963 1222; x_wconf 84' lang='lat' dir='ltr'>observatione</span> <span class='ocrx_word' id='word_1_45' title='bbox 983 1159 1176 1232; x_wconf 84' lang='lat' dir='ltr'>Mercurii,</span> <span class='ocrx_word' id='word_1_46' title='bbox 1192 1178 1281 1238; x_wconf 89' lang='lat' dir='ltr'>quam</span> <span class='ocrx_word' id='word_1_47' title='bbox 1296 1161 1427 1221; x_wconf 89' lang='lat' dir='ltr'>habuisti</span> <span class='ocrx_word' id='word_1_48' title='bbox 1442 1158 1626 1236; x_wconf 82' lang='grc'>1111111607,</span> <span class='ocrx_word' id='word_1_49' title='bbox 1641 1160 1690 1221; x_wconf 86' lang='lat' dir='ltr'>die</span> <span class='ocrx_word' id='word_1_50' title='bbox 1705 1159 1899 1244; x_wconf 66' lang='grc'>21111111,</span> 
     </span>
     <span class='ocr_line' id='line_1_7' title="bbox 539 1246 1899 1331; baseline 0.001 -19"><span class='ocrx_word' id='word_1_51' title='bbox 539 1247 733 1331; x_wconf 84' lang='lat' dir='ltr'>proportione</span> <span class='ocrx_word' id='word_1_52' title='bbox 766 1255 899 1309; x_wconf 90' lang='lat' dir='ltr'>motuum</span> <span class='ocrx_word' id='word_1_53' title='bbox 932 1247 1105 1309; x_wconf 89' lang='lat' dir='ltr'>concludis:</span> <span class='ocrx_word' id='word_1_54' title='bbox 1142 1247 1244 1321; x_wconf 90' lang='lat' dir='ltr'>„illum</span> <span class='ocrx_word' id='word_1_55' title='bbox 1277 1249 1414 1327; x_wconf 78' lang='lat' dir='ltr'>sequenti</span> <span class='ocrx_word' id='word_1_56' title='bbox 1453 1246 1502 1312; x_wconf 89' lang='grc'>18.</span> <span class='ocrx_word' id='word_1_57' title='bbox 1525 1249 1600 1328; x_wconf 90' lang='lat' dir='ltr'>Maji</span> <span class='ocrx_word' id='word_1_58' title='bbox 1629 1249 1686 1311; x_wconf 87' lang='lat' dir='ltr'>sub</span> <span class='ocrx_word' id='word_1_59' title='bbox 1710 1248 1785 1314; x_wconf 91' lang='lat' dir='ltr'>Sole</span> <span class='ocrx_word' id='word_1_60' title='bbox 1809 1271 1829 1314; x_wconf 86' lang='lat' dir='ltr'>a</span> <span class='ocrx_word' id='word_1_61' title='bbox 1851 1271 1899 1314; x_wconf 90' lang='lat' dir='ltr'>me</span> 
     </span>
     <span class='ocr_line' id='line_1_8' title="bbox 541 1336 1897 1417; baseline 0.004 -20"><span class='ocrx_word' id='word_1_62' title='bbox 541 1337 637 1399; x_wconf 89' lang='lat' dir='ltr'>videri</span> <span class='ocrx_word' id='word_1_63' title='bbox 660 1355 718 1398; x_wconf 96' lang='lat' dir='ltr'>nou</span> <span class='ocrx_word' id='word_1_64' title='bbox 741 1337 877 1416; x_wconf 91' lang='lat' dir='ltr'>potuisse</span> <span class='ocrx_word' id='word_1_65' title='bbox 900 1337 988 1416; x_wconf 84' lang='lat' dir='ltr'>idque</span> <span class='ocrx_word' id='word_1_66' title='bbox 1019 1354 1123 1396; x_wconf 88' lang='lat' dir='ltr'>censes</span> <span class='ocrx_word' id='word_1_67' title='bbox 1149 1355 1194 1397; x_wconf 95' lang='lat' dir='ltr'>me</span> <span class='ocrx_word' id='word_1_68' title='bbox 1219 1336 1315 1415; x_wconf 92' lang='lat' dir='ltr'>ipsum</span> <span class='ocrx_word' id='word_1_69' title='bbox 1346 1356 1423 1398; x_wconf 93' lang='lat' dir='ltr'>nunc</span> <span class='ocrx_word' id='word_1_70' title='bbox 1447 1337 1570 1400; x_wconf 88' lang='lat' dir='ltr'>tandem</span> <span class='ocrx_word' id='word_1_71' title='bbox 1597 1338 1770 1417; x_wconf 84' lang='lat' dir='ltr'>agniturum</span> <span class='ocrx_word' id='word_1_72' title='bbox 1793 1341 1897 1404; x_wconf 88' lang='lat' dir='ltr'>esse.“</span> 
     </span>
     <span class='ocr_line' id='line_1_9' title="bbox 540 1423 1900 1507; baseline 0.001 -19"><span class='ocrx_word' id='word_1_73' title='bbox 540 1428 668 1496; x_wconf 85' lang='lat' dir='ltr'>Vereor,</span> <span class='ocrx_word' id='word_1_74' title='bbox 692 1425 728 1498; x_wconf 87' lang='lat' dir='ltr'>si,</span> <span class='ocrx_word' id='word_1_75' title='bbox 754 1425 831 1503; x_wconf 90' lang='lat' dir='ltr'>quod</span> <span class='ocrx_word' id='word_1_76' title='bbox 856 1433 887 1485; x_wconf 87' lang='lat' dir='ltr'>tc</span> <span class='ocrx_word' id='word_1_77' title='bbox 910 1425 976 1486; x_wconf 91' lang='lat' dir='ltr'>scio</span> <span class='ocrx_word' id='word_1_78' title='bbox 1000 1423 1121 1485; x_wconf 89' lang='lat' dir='ltr'>summis</span> <span class='ocrx_word' id='word_1_79' title='bbox 1145 1425 1225 1485; x_wconf 80' lang='lat' dir='ltr'>rotis</span> <span class='ocrx_word' id='word_1_80' title='bbox 1249 1433 1409 1504; x_wconf 82' lang='lat' dir='ltr'>expetere,</span> <span class='ocrx_word' id='word_1_81' title='bbox 1434 1425 1561 1487; x_wconf 86' lang='lat' dir='ltr'>candido</span> <span class='ocrx_word' id='word_1_82' title='bbox 1584 1434 1685 1488; x_wconf 90' lang='lat' dir='ltr'>tecum</span> <span class='ocrx_word' id='word_1_83' title='bbox 1716 1446 1829 1507; x_wconf 90' lang='lat' dir='ltr'>egero,</span> <span class='ocrx_word' id='word_1_84' title='bbox 1862 1448 1900 1489; x_wconf 90' lang='lat' dir='ltr'>ne</span> 
     </span>
     <span class='ocr_line' id='line_1_10' title="bbox 542 1512 1900 1594; baseline 0.002 -18"><span class='ocrx_word' id='word_1_85' title='bbox 542 1516 637 1577; x_wconf 90' lang='lat' dir='ltr'>lector</span> <span class='ocrx_word' id='word_1_86' title='bbox 659 1512 932 1591; x_wconf 87' lang='lat' dir='ltr'>philosophicarum</span> <span class='ocrx_word' id='word_1_87' title='bbox 956 1512 1149 1573; x_wconf 82' lang='lat' dir='ltr'>collationum</span> <span class='ocrx_word' id='word_1_88' title='bbox 1174 1513 1311 1574; x_wconf 90' lang='lat' dir='ltr'>insuetus</span> <span class='ocrx_word' id='word_1_89' title='bbox 1343 1514 1467 1575; x_wconf 85' lang='lat' dir='ltr'>voculas</span> <span class='ocrx_word' id='word_1_90' title='bbox 1491 1523 1611 1594; x_wconf 86' lang='lat' dir='ltr'>captet,</span> <span class='ocrx_word' id='word_1_91' title='bbox 1645 1516 1746 1577; x_wconf 87' lang='lat' dir='ltr'>funem</span> <span class='ocrx_word' id='word_1_92' title='bbox 1769 1523 1900 1579; x_wconf 91' lang='lat' dir='ltr'>conteu-</span> 
     </span>
     <span class='ocr_line' id='line_1_11' title="bbox 540 1599 1900 1682; baseline 0.003 -18"><span class='ocrx_word' id='word_1_93' title='bbox 540 1601 632 1665; x_wconf 88' lang='lat' dir='ltr'>tiouis</span> <span class='ocrx_word' id='word_1_94' title='bbox 654 1620 703 1661; x_wconf 87' lang='lat' dir='ltr'>mc</span> <span class='ocrx_word' id='word_1_95' title='bbox 733 1600 852 1662; x_wconf 85' lang='lat' dir='ltr'>trahere</span> <span class='ocrx_word' id='word_1_96' title='bbox 886 1610 1036 1661; x_wconf 86' lang='lat' dir='ltr'>causetur.</span> <span class='ocrx_word' id='word_1_97' title='bbox 1083 1599 1145 1662; x_wconf 91' lang='lat' dir='ltr'>Sed</span> <span class='ocrx_word' id='word_1_98' title='bbox 1177 1602 1302 1661; x_wconf 78' lang='lat' dir='ltr'>valcant</span> <span class='ocrx_word' id='word_1_99' title='bbox 1332 1600 1537 1681; x_wconf 87' lang='lat' dir='ltr'>suspiciones,</span> <span class='ocrx_word' id='word_1_100' title='bbox 1572 1621 1697 1682; x_wconf 83' lang='lat' dir='ltr'>agamus</span> <span class='ocrx_word' id='word_1_101' title='bbox 1727 1624 1783 1666; x_wconf 90' lang='lat' dir='ltr'>nos</span> <span class='ocrx_word' id='word_1_102' title='bbox 1817 1625 1900 1668; x_wconf 89' lang='lat' dir='ltr'>more</span> 
     </span>
     <span class='ocr_line' id='line_1_12' title="bbox 540 1688 1899 1772; baseline 0.002 -19"><span class='ocrx_word' id='word_1_103' title='bbox 540 1698 655 1754; x_wconf 90' lang='lat' dir='ltr'>nostro.</span> <span class='ocrx_word' id='word_1_104' title='bbox 700 1690 828 1750; x_wconf 82' lang='lat' dir='ltr'>Frustra</span> <span class='ocrx_word' id='word_1_105' title='bbox 860 1707 909 1763; x_wconf 91' lang='lat' dir='ltr'>es,</span> <span class='ocrx_word' id='word_1_106' title='bbox 941 1688 1080 1761; x_wconf 90' lang='lat' dir='ltr'>Fabrici;</span> <span class='ocrx_word' id='word_1_107' title='bbox 1114 1690 1251 1768; x_wconf 87' lang='lat' dir='ltr'>nuspiam</span> <span class='ocrx_word' id='word_1_108' title='bbox 1284 1689 1381 1751; x_wconf 91' lang='lat' dir='ltr'>minus</span> <span class='ocrx_word' id='word_1_109' title='bbox 1412 1699 1520 1769; x_wconf 87' lang='lat' dir='ltr'>regnat</span> <span class='ocrx_word' id='word_1_110' title='bbox 1551 1692 1707 1772; x_wconf 89' lang='lat' dir='ltr'>proportio</span> <span class='ocrx_word' id='word_1_111' title='bbox 1739 1702 1899 1770; x_wconf 81' lang='lat' dir='ltr'>constans,</span> 
     </span>
     <span class='ocr_line' id='line_1_13' title="bbox 540 1774 1896 1860; baseline 0.005 -20"><span class='ocrx_word' id='word_1_112' title='bbox 540 1799 630 1860; x_wconf 88' lang='lat' dir='ltr'>quam</span> <span class='ocrx_word' id='word_1_113' title='bbox 654 1797 719 1839; x_wconf 93' lang='lat' dir='ltr'>cum</span> <span class='ocrx_word' id='word_1_114' title='bbox 744 1776 911 1839; x_wconf 90' lang='lat' dir='ltr'>Mercurius</span> <span class='ocrx_word' id='word_1_115' title='bbox 935 1777 989 1838; x_wconf 89' lang='lat' dir='ltr'>sub</span> <span class='ocrx_word' id='word_1_116' title='bbox 1013 1774 1115 1837; x_wconf 86' lang='lat' dir='ltr'>Solem</span> <span class='ocrx_word' id='word_1_117' title='bbox 1143 1778 1235 1839; x_wconf 85' lang='lat' dir='ltr'>venit.</span> <span class='ocrx_word' id='word_1_118' title='bbox 1281 1777 1361 1837; x_wconf 91' lang='lat' dir='ltr'>Ecce</span> <span class='ocrx_word' id='word_1_119' title='bbox 1387 1798 1490 1839; x_wconf 87' lang='lat' dir='ltr'>mense</span> <span class='ocrx_word' id='word_1_120' title='bbox 1513 1779 1679 1841; x_wconf 86' lang='lat' dir='ltr'>Novembri</span> <span class='ocrx_word' id='word_1_121' title='bbox 1709 1781 1781 1842; x_wconf 93' lang='lat' dir='ltr'>anni</span> <span class='ocrx_word' id='word_1_122' title='bbox 1810 1778 1896 1846; x_wconf 89' lang='grc'>1617</span> 
     </span>
     <span class='ocr_line' id='line_1_14' title="bbox 539 1862 1897 1946; baseline 0.002 -16"><span class='ocrx_word' id='word_1_123' title='bbox 539 1866 707 1931; x_wconf 89' lang='lat' dir='ltr'>Mercurius</span> <span class='ocrx_word' id='word_1_124' title='bbox 737 1866 1028 1945; x_wconf 90' lang='lat' dir='ltr'>retrogradationem</span> <span class='ocrx_word' id='word_1_125' title='bbox 1059 1866 1180 1927; x_wconf 87' lang='lat' dir='ltr'>conticit</span> <span class='ocrx_word' id='word_1_126' title='bbox 1206 1864 1245 1928; x_wconf 88' lang='lat'>18</span> <span class='ocrx_word' id='word_1_127' title='bbox 1268 1866 1373 1927; x_wconf 88' lang='lat' dir='ltr'>diebus</span> <span class='ocrx_word' id='word_1_128' title='bbox 1400 1862 1459 1929; x_wconf 78' lang='lat'>¹6⁰</span> <span class='ocrx_word' id='word_1_129' title='bbox 1485 1868 1627 1946; x_wconf 88' lang='lat' dir='ltr'>longam:</span> <span class='ocrx_word' id='word_1_130' title='bbox 1661 1887 1727 1930; x_wconf 91' lang='lat' dir='ltr'>cnm</span> <span class='ocrx_word' id='word_1_131' title='bbox 1759 1871 1897 1933; x_wconf 90' lang='lat' dir='ltr'>calculus</span> 
     </span>
     <span class='ocr_line' id='line_1_15' title="bbox 540 1949 1897 2034; baseline 0.002 -17"><span class='ocrx_word' id='word_1_132' title='bbox 540 1956 672 2018; x_wconf 86' lang='lat' dir='ltr'>usitatus</span> <span class='ocrx_word' id='word_1_133' title='bbox 695 1954 761 2015; x_wconf 91' lang='lat' dir='ltr'>dies</span> <span class='ocrx_word' id='word_1_134' title='bbox 785 1952 836 2027; x_wconf 87' lang='grc'>21,</span> <span class='ocrx_word' id='word_1_135' title='bbox 862 1955 974 2034; x_wconf 89' lang='lat' dir='ltr'>gradus</span> <span class='ocrx_word' id='word_1_136' title='bbox 996 1960 1114 2014; x_wconf 90' lang='lat' dir='ltr'>tantum</span> <span class='ocrx_word' id='word_1_137' title='bbox 1136 1949 1158 2015; x_wconf 89' lang='lat'>8</span> <span class='ocrx_word' id='word_1_138' title='bbox 1179 1954 1297 2033; x_wconf 84' lang='lat' dir='ltr'>prodat.</span> <span class='ocrx_word' id='word_1_139' title='bbox 1335 1955 1417 2016; x_wconf 69' lang='lat' dir='ltr'>&#39;ltine</span> <span class='ocrx_word' id='word_1_140' title='bbox 1441 1955 1596 2018; x_wconf 88' lang='lat' dir='ltr'>discernes</span> <span class='ocrx_word' id='word_1_141' title='bbox 1619 1976 1657 2018; x_wconf 80' lang='lat' dir='ltr'>ex</span> <span class='ocrx_word' id='word_1_142' title='bbox 1681 1957 1897 2022; x_wconf 82' lang='lat' dir='ltr'>observatione</span> 
     </span>
     <span class='ocr_line' id='line_1_16' title="bbox 541 2042 1554 2122; baseline -0.002 -15"><span class='ocrx_word' id='word_1_143' title='bbox 541 2044 628 2107; x_wconf 93' lang='lat' dir='ltr'>unica</span> <span class='ocrx_word' id='word_1_144' title='bbox 652 2044 823 2122; x_wconf 85' lang='lat' dir='ltr'>longinqua,</span> <span class='ocrx_word' id='word_1_145' title='bbox 848 2052 915 2104; x_wconf 89' lang='lat' dir='ltr'>uter</span> <span class='ocrx_word' id='word_1_146' title='bbox 938 2042 1071 2104; x_wconf 90' lang='lat' dir='ltr'>calculus</span> <span class='ocrx_word' id='word_1_147' title='bbox 1094 2042 1123 2102; x_wconf 92' lang='lat' dir='ltr'>in</span> <span class='ocrx_word' id='word_1_148' title='bbox 1147 2042 1409 2121; x_wconf 87' lang='lat' dir='ltr'>retrogradatione</span> <span class='ocrx_word' id='word_1_149' title='bbox 1433 2044 1554 2105; x_wconf 84' lang='lat' dir='ltr'>verior?</span> 
     </span>
    </p>

    <p class='ocr_par' dir='ltr' id='par_1_4' title="bbox 537 2131 1903 3259">
     <span class='ocr_line' id='line_1_17' title="bbox 629 2131 1898 2211; baseline 0.002 -18"><span class='ocrx_word' id='word_1_150' title='bbox 629 2131 758 2193; x_wconf 85' lang='lat' dir='ltr'>Errori</span> <span class='ocrx_word' id='word_1_151' title='bbox 781 2150 856 2192; x_wconf 90' lang='lat' dir='ltr'>mco</span> <span class='ocrx_word' id='word_1_152' title='bbox 880 2131 1074 2210; x_wconf 92' lang='lat' dir='ltr'>contraponis</span> <span class='ocrx_word' id='word_1_153' title='bbox 1106 2131 1276 2210; x_wconf 86' lang='lat' dir='ltr'>catalogum</span> <span class='ocrx_word' id='word_1_154' title='bbox 1309 2131 1498 2211; x_wconf 88' lang='lat' dir='ltr'>pulchrorum</span> <span class='ocrx_word' id='word_1_155' title='bbox 1532 2151 1663 2195; x_wconf 91' lang='lat' dir='ltr'>meorum</span> <span class='ocrx_word' id='word_1_156' title='bbox 1695 2134 1898 2208; x_wconf 88' lang='lat' dir='ltr'>inventorum,</span> 
     </span>
     <span class='ocr_line' id='line_1_18' title="bbox 540 2219 1899 2299; baseline 0 -15"><span class='ocrx_word' id='word_1_157' title='bbox 540 2222 620 2284; x_wconf 92' lang='lat' dir='ltr'>inter</span> <span class='ocrx_word' id='word_1_158' title='bbox 652 2229 756 2283; x_wconf 86' lang='lat' dir='ltr'>cetera</span> <span class='ocrx_word' id='word_1_159' title='bbox 787 2220 879 2282; x_wconf 89' lang='lat' dir='ltr'>etiam</span> <span class='ocrx_word' id='word_1_160' title='bbox 914 2220 1071 2299; x_wconf 81' lang='lat' dir='ltr'>figuram</span> <span class='ocrx_word' id='word_1_161' title='bbox 1107 2219 1204 2280; x_wconf 81' lang='lat' dir='ltr'>nivis</span> <span class='ocrx_word' id='word_1_162' title='bbox 1238 2221 1477 2298; x_wconf 82' lang='lat' dir='ltr'>sexangulae.</span> <span class='ocrx_word' id='word_1_163' title='bbox 1533 2221 1663 2283; x_wconf 92' lang='lat' dir='ltr'>Omnino</span> <span class='ocrx_word' id='word_1_164' title='bbox 1696 2222 1899 2285; x_wconf 88' lang='lat' dir='ltr'>consolatoris</span> 
     </span>
     <span class='ocr_line' id='line_1_19' title="bbox 542 2307 1901 2388; baseline 0.002 -18"><span class='ocrx_word' id='word_1_165' title='bbox 542 2311 623 2372; x_wconf 84' lang='lat' dir='ltr'>vices</span> <span class='ocrx_word' id='word_1_166' title='bbox 647 2309 793 2371; x_wconf 81' lang='lat' dir='ltr'>sumsisse</span> <span class='ocrx_word' id='word_1_167' title='bbox 816 2308 976 2382; x_wconf 85' lang='lat' dir='ltr'>videberis,</span> <span class='ocrx_word' id='word_1_168' title='bbox 1002 2308 1086 2388; x_wconf 89' lang='lat' dir='ltr'>quasi</span> <span class='ocrx_word' id='word_1_169' title='bbox 1112 2326 1185 2387; x_wconf 87' lang='lat' dir='ltr'>erga</span> <span class='ocrx_word' id='word_1_170' title='bbox 1208 2307 1334 2370; x_wconf 85' lang='lat' dir='ltr'>amicum</span> <span class='ocrx_word' id='word_1_171' title='bbox 1358 2327 1466 2388; x_wconf 87' lang='lat' dir='ltr'>magno</span> <span class='ocrx_word' id='word_1_172' title='bbox 1494 2309 1611 2371; x_wconf 87' lang='lat' dir='ltr'>scilicet</span> <span class='ocrx_word' id='word_1_173' title='bbox 1633 2310 1799 2372; x_wconf 83' lang='lat' dir='ltr'>infortunio</span> <span class='ocrx_word' id='word_1_174' title='bbox 1822 2330 1901 2374; x_wconf 92' lang='lat' dir='ltr'>con-</span> 
     </span>
     <span class='ocr_line' id='line_1_20' title="bbox 541 2389 1900 2477; baseline 0.002 -18"><span class='ocrx_word' id='word_1_175' title='bbox 541 2400 718 2460; x_wconf 86' lang='lat' dir='ltr'>flictantem.</span> <span class='ocrx_word' id='word_1_176' title='bbox 764 2397 875 2459; x_wconf 89' lang='lat' dir='ltr'>Mirum</span> <span class='ocrx_word' id='word_1_177' title='bbox 900 2397 966 2458; x_wconf 86' lang='lat' dir='ltr'>-nisi</span> <span class='ocrx_word' id='word_1_178' title='bbox 999 2405 1030 2458; x_wconf 91' lang='lat' dir='ltr'>et</span> <span class='ocrx_word' id='word_1_179' title='bbox 1056 2396 1176 2458; x_wconf 86' lang='lat' dir='ltr'>Helena</span> <span class='ocrx_word' id='word_1_180' title='bbox 1197 2396 1364 2476; x_wconf 86' lang='lat' dir='ltr'>Wagheria</span> <span class='ocrx_word' id='word_1_181' title='bbox 1394 2405 1535 2476; x_wconf 88' lang='lat' dir='ltr'>resurgat</span> <span class='ocrx_word' id='word_1_182' title='bbox 1567 2399 1666 2477; x_wconf 88' lang='lat' dir='ltr'>(cujus</span> <span class='ocrx_word' id='word_1_183' title='bbox 1699 2389 1900 2477; x_wconf 84' lang='lat' dir='ltr'>aphdsioseos</span> 
     </span>
     <span class='ocr_line' id='line_1_21' title="bbox 542 2485 1901 2568; baseline 0.001 -19"><span class='ocrx_word' id='word_1_184' title='bbox 542 2487 667 2568; x_wconf 89' lang='lat' dir='ltr'>idylliou</span> <span class='ocrx_word' id='word_1_185' title='bbox 692 2504 730 2546; x_wconf 84' lang='lat' dir='ltr'>ex</span> <span class='ocrx_word' id='word_1_186' title='bbox 753 2486 805 2547; x_wconf 94' lang='lat' dir='ltr'>illo</span> <span class='ocrx_word' id='word_1_187' title='bbox 829 2486 1034 2564; x_wconf 89' lang='lat' dir='ltr'>phaenomeno</span> <span class='ocrx_word' id='word_1_188' title='bbox 1057 2486 1194 2564; x_wconf 89' lang='lat' dir='ltr'>petitum,</span> <span class='ocrx_word' id='word_1_189' title='bbox 1219 2486 1297 2563; x_wconf 92' lang='lat' dir='ltr'>quod</span> <span class='ocrx_word' id='word_1_190' title='bbox 1321 2494 1354 2545; x_wconf 91' lang='lat' dir='ltr'>tu</span> <span class='ocrx_word' id='word_1_191' title='bbox 1376 2485 1508 2560; x_wconf 81' lang='lat' dir='ltr'>refutas)</span> <span class='ocrx_word' id='word_1_192' title='bbox 1532 2494 1563 2547; x_wconf 91' lang='lat' dir='ltr'>et</span> <span class='ocrx_word' id='word_1_193' title='bbox 1579 2486 1725 2566; x_wconf 89' lang='lat' dir='ltr'>Princeps</span> <span class='ocrx_word' id='word_1_194' title='bbox 1753 2486 1901 2551; x_wconf 83' lang='lat' dir='ltr'>wirtem-</span> 
     </span>
     <span class='ocr_line' id='line_1_22' title="bbox 541 2574 1901 2657; baseline 0.001 -20"><span class='ocrx_word' id='word_1_195' title='bbox 541 2575 667 2654; x_wconf 87' lang='lat' dir='ltr'>bergiae</span> <span class='ocrx_word' id='word_1_196' title='bbox 699 2574 864 2635; x_wconf 86' lang='lat' dir='ltr'>Maecenas</span> <span class='ocrx_word' id='word_1_197' title='bbox 896 2593 981 2635; x_wconf 90' lang='lat' dir='ltr'>meus</span> <span class='ocrx_word' id='word_1_198' title='bbox 1013 2574 1264 2635; x_wconf 89' lang='lat' dir='ltr'>clementissimus</span> <span class='ocrx_word' id='word_1_199' title='bbox 1296 2583 1438 2653; x_wconf 87' lang='lat' dir='ltr'>reposcat</span> <span class='ocrx_word' id='word_1_200' title='bbox 1469 2574 1612 2636; x_wconf 90' lang='lat' dir='ltr'>donatum</span> <span class='ocrx_word' id='word_1_201' title='bbox 1644 2575 1717 2637; x_wconf 90' lang='lat' dir='ltr'>mihi</span> <span class='ocrx_word' id='word_1_202' title='bbox 1754 2577 1901 2657; x_wconf 83' lang='lat' dir='ltr'>cyathum</span> 
     </span>
     <span class='ocr_line' id='line_1_23' title="bbox 543 2662 1901 2742; baseline 0.001 -16"><span class='ocrx_word' id='word_1_203' title='bbox 543 2674 682 2726; x_wconf 85' lang='lat' dir='ltr'>auratum</span> <span class='ocrx_word' id='word_1_204' title='bbox 716 2679 770 2740; x_wconf 89' lang='lat' dir='ltr'>pro</span> <span class='ocrx_word' id='word_1_205' title='bbox 805 2662 922 2723; x_wconf 87' lang='lat' dir='ltr'>illarum</span> <span class='ocrx_word' id='word_1_206' title='bbox 955 2662 1145 2723; x_wconf 88' lang='lat' dir='ltr'>dedicatione</span> <span class='ocrx_word' id='word_1_207' title='bbox 1177 2663 1385 2742; x_wconf 84' lang='lat' dir='ltr'>pagellarum:</span> <span class='ocrx_word' id='word_1_208' title='bbox 1418 2664 1477 2725; x_wconf 93' lang='lat' dir='ltr'>imo</span> <span class='ocrx_word' id='word_1_209' title='bbox 1502 2671 1533 2724; x_wconf 91' lang='lat' dir='ltr'>et</span> <span class='ocrx_word' id='word_1_210' title='bbox 1566 2663 1694 2726; x_wconf 86' lang='lat' dir='ltr'>alterum</span> <span class='ocrx_word' id='word_1_211' title='bbox 1727 2664 1824 2727; x_wconf 90' lang='lat' dir='ltr'>addat</span> <span class='ocrx_word' id='word_1_212' title='bbox 1846 2671 1901 2727; x_wconf 88' lang='lat' dir='ltr'>tuo</span> 
     </span>
     <span class='ocr_line' id='line_1_24' title="bbox 537 2750 1903 2833; baseline 0.002 -21"><span class='ocrx_word' id='word_1_213' title='bbox 537 2752 666 2833; x_wconf 90' lang='lat' dir='ltr'>judicio,</span> <span class='ocrx_word' id='word_1_214' title='bbox 701 2751 771 2830; x_wconf 91' lang='lat' dir='ltr'>quia</span> <span class='ocrx_word' id='word_1_215' title='bbox 799 2751 875 2830; x_wconf 90' lang='lat' dir='ltr'>quod</span> <span class='ocrx_word' id='word_1_216' title='bbox 903 2751 992 2829; x_wconf 89' lang='lat' dir='ltr'>plane</span> <span class='ocrx_word' id='word_1_217' title='bbox 1015 2770 1123 2812; x_wconf 87' lang='lat' dir='ltr'>novum</span> <span class='ocrx_word' id='word_1_218' title='bbox 1147 2759 1228 2820; x_wconf 87' lang='lat' dir='ltr'>erat,</span> <span class='ocrx_word' id='word_1_219' title='bbox 1252 2752 1387 2813; x_wconf 88' lang='lat' dir='ltr'>maculae</span> <span class='ocrx_word' id='word_1_220' title='bbox 1410 2751 1440 2812; x_wconf 92' lang='lat' dir='ltr'>in</span> <span class='ocrx_word' id='word_1_221' title='bbox 1464 2750 1550 2825; x_wconf 88' lang='lat' dir='ltr'>Sole,</span> <span class='ocrx_word' id='word_1_222' title='bbox 1576 2752 1607 2813; x_wconf 91' lang='lat' dir='ltr'>id</span> <span class='ocrx_word' id='word_1_223' title='bbox 1633 2773 1652 2813; x_wconf 86' lang='lat' dir='ltr'>a</span> <span class='ocrx_word' id='word_1_224' title='bbox 1675 2771 1723 2814; x_wconf 90' lang='lat' dir='ltr'>me</span> <span class='ocrx_word' id='word_1_225' title='bbox 1747 2753 1903 2815; x_wconf 86' lang='lat' dir='ltr'>modestia</span> 
     </span>
     <span class='ocr_line' id='line_1_25' title="bbox 540 2839 1901 2919; baseline 0.001 -16"><span class='ocrx_word' id='word_1_226' title='bbox 540 2840 651 2903; x_wconf 82' lang='lat' dir='ltr'>infelici</span> <span class='ocrx_word' id='word_1_227' title='bbox 673 2856 727 2917; x_wconf 90' lang='lat' dir='ltr'>pro</span> <span class='ocrx_word' id='word_1_228' title='bbox 751 2840 846 2900; x_wconf 88' lang='lat' dir='ltr'>veteri</span> <span class='ocrx_word' id='word_1_229' title='bbox 870 2840 921 2900; x_wconf 91' lang='lat' dir='ltr'>illo</span> <span class='ocrx_word' id='word_1_230' title='bbox 939 2840 1089 2901; x_wconf 88' lang='lat' dir='ltr'>Mercurio</span> <span class='ocrx_word' id='word_1_231' title='bbox 1109 2840 1166 2901; x_wconf 91' lang='lat' dir='ltr'>fuit</span> <span class='ocrx_word' id='word_1_232' title='bbox 1188 2840 1336 2901; x_wconf 88' lang='lat' dir='ltr'>oblatum:</span> <span class='ocrx_word' id='word_1_233' title='bbox 1362 2840 1431 2919; x_wconf 90' lang='lat' dir='ltr'>quin</span> <span class='ocrx_word' id='word_1_234' title='bbox 1451 2840 1541 2901; x_wconf 91' lang='lat' dir='ltr'>etiam</span> <span class='ocrx_word' id='word_1_235' title='bbox 1565 2839 1652 2915; x_wconf 89' lang='lat' dir='ltr'>filius,</span> <span class='ocrx_word' id='word_1_236' title='bbox 1672 2841 1805 2915; x_wconf 89' lang='lat' dir='ltr'>Fabrici,</span> <span class='ocrx_word' id='word_1_237' title='bbox 1827 2849 1901 2905; x_wconf 89' lang='lat' dir='ltr'>tuus</span> 
     </span>
     <span class='ocr_line' id='line_1_26' title="bbox 541 2926 1901 3010; baseline 0 -18"><span class='ocrx_word' id='word_1_238' title='bbox 541 2949 626 2992; x_wconf 87' lang='lat' dir='ltr'>suum</span> <span class='ocrx_word' id='word_1_239' title='bbox 651 2927 723 2988; x_wconf 91' lang='lat' dir='ltr'>mihi</span> <span class='ocrx_word' id='word_1_240' title='bbox 751 2929 840 2989; x_wconf 86' lang='lat' dir='ltr'>cedat</span> <span class='ocrx_word' id='word_1_241' title='bbox 868 2928 1071 3002; x_wconf 87' lang='lat' dir='ltr'>honorarium,</span> <span class='ocrx_word' id='word_1_242' title='bbox 1106 2930 1175 3008; x_wconf 86' lang='lat' dir='ltr'>quia</span> <span class='ocrx_word' id='word_1_243' title='bbox 1198 2926 1279 2990; x_wconf 85' lang='lat' dir='ltr'>Solis</span> <span class='ocrx_word' id='word_1_244' title='bbox 1312 2929 1446 2990; x_wconf 86' lang='lat' dir='ltr'>maculas</span> <span class='ocrx_word' id='word_1_245' title='bbox 1474 2928 1557 3008; x_wconf 91' lang='lat' dir='ltr'>prior</span> <span class='ocrx_word' id='word_1_246' title='bbox 1585 2928 1651 3008; x_wconf 92' lang='lat' dir='ltr'>ipso</span> <span class='ocrx_word' id='word_1_247' title='bbox 1681 2929 1785 2991; x_wconf 87' lang='lat' dir='ltr'>detexi</span> <span class='ocrx_word' id='word_1_248' title='bbox 1809 2929 1901 3010; x_wconf 89' lang='lat' dir='ltr'>idque</span> 
     </span>
     <span class='ocr_line' id='line_1_27' title="bbox 542 3016 1901 3097; baseline 0 -17"><span class='ocrx_word' id='word_1_249' title='bbox 542 3028 612 3080; x_wconf 87' lang='lat' dir='ltr'>ante</span> <span class='ocrx_word' id='word_1_250' title='bbox 636 3017 790 3078; x_wconf 87' lang='lat' dir='ltr'>inventum</span> <span class='ocrx_word' id='word_1_251' title='bbox 813 3017 1009 3096; x_wconf 89' lang='lat' dir='ltr'>telesoopium</span> <span class='ocrx_word' id='word_1_252' title='bbox 1033 3017 1207 3097; x_wconf 81' lang='lat' dir='ltr'>Belgicum3</span> <span class='ocrx_word' id='word_1_253' title='bbox 1232 3025 1266 3077; x_wconf 95' lang='lat' dir='ltr'>ut</span> <span class='ocrx_word' id='word_1_254' title='bbox 1289 3017 1406 3096; x_wconf 90' lang='lat' dir='ltr'>quidem</span> <span class='ocrx_word' id='word_1_255' title='bbox 1429 3017 1544 3096; x_wconf 91' lang='lat' dir='ltr'>passim</span> <span class='ocrx_word' id='word_1_256' title='bbox 1567 3016 1595 3078; x_wconf 93' lang='lat' dir='ltr'>in</span> <span class='ocrx_word' id='word_1_257' title='bbox 1619 3017 1753 3079; x_wconf 89' lang='lat' dir='ltr'>delubris</span> <span class='ocrx_word' id='word_1_258' title='bbox 1777 3018 1901 3081; x_wconf 85' lang='lat' dir='ltr'>obvium</span> 
     </span>
     <span class='ocr_line' id='line_1_28' title="bbox 542 3105 1901 3186; baseline -0.001 -17"><span class='ocrx_word' id='word_1_259' title='bbox 542 3116 592 3169; x_wconf 91' lang='lat' dir='ltr'>est</span> <span class='ocrx_word' id='word_1_260' title='bbox 622 3105 784 3168; x_wconf 87' lang='lat' dir='ltr'>observare</span> <span class='ocrx_word' id='word_1_261' title='bbox 813 3106 868 3167; x_wconf 87' lang='lat' dir='ltr'>has</span> <span class='ocrx_word' id='word_1_262' title='bbox 900 3105 981 3168; x_wconf 91' lang='lat' dir='ltr'>Solis</span> <span class='ocrx_word' id='word_1_263' title='bbox 1013 3107 1163 3175; x_wconf 86' lang='lat' dir='ltr'>maculas,</span> <span class='ocrx_word' id='word_1_264' title='bbox 1198 3106 1275 3186; x_wconf 89' lang='lat' dir='ltr'>quod</span> <span class='ocrx_word' id='word_1_265' title='bbox 1299 3105 1488 3166; x_wconf 89' lang='lat' dir='ltr'>Ratisbonae</span> <span class='ocrx_word' id='word_1_266' title='bbox 1522 3105 1550 3165; x_wconf 89' lang='lat' dir='ltr'>in</span> <span class='ocrx_word' id='word_1_267' title='bbox 1583 3106 1696 3185; x_wconf 93' lang='lat' dir='ltr'>templo</span> <span class='ocrx_word' id='word_1_268' title='bbox 1729 3106 1901 3170; x_wconf 86' lang='lat' dir='ltr'>cathedrali</span> 
     </span>
     <span class='ocr_line' id='line_1_29' title="bbox 541 3190 1008 3259; baseline -0.009 0"><span class='ocrx_word' id='word_1_269' title='bbox 541 3215 619 3259; x_wconf 82' lang='lat' dir='ltr'>auno</span> <span class='ocrx_word' id='word_1_270' title='bbox 648 3190 729 3257; x_wconf 87' lang='grc'>1613</span> <span class='ocrx_word' id='word_1_271' title='bbox 754 3193 855 3256; x_wconf 92' lang='lat' dir='ltr'>multis</span> <span class='ocrx_word' id='word_1_272' title='bbox 879 3193 1008 3257; x_wconf 90' lang='lat' dir='ltr'>ostendi.</span> 
     </span>
    </p>

    <p class='ocr_par' dir='ltr' id='par_1_5' title="bbox 542 3281 1903 4428">
     <span class='ocr_line' id='line_1_30' title="bbox 631 3281 1901 3362; baseline 0.002 -18"><span class='ocrx_word' id='word_1_273' title='bbox 631 3282 680 3344; x_wconf 89' lang='lat' dir='ltr'>Ad</span> <span class='ocrx_word' id='word_1_274' title='bbox 718 3283 940 3343; x_wconf 84' lang='lat' dir='ltr'>revocationem</span> <span class='ocrx_word' id='word_1_275' title='bbox 978 3284 1071 3344; x_wconf 89' lang='lat' dir='ltr'>etiam</span> <span class='ocrx_word' id='word_1_276' title='bbox 1106 3293 1153 3342; x_wconf 81' lang='lat' dir='ltr'>nie</span> <span class='ocrx_word' id='word_1_277' title='bbox 1190 3281 1300 3343; x_wconf 89' lang='lat' dir='ltr'>videris</span> <span class='ocrx_word' id='word_1_278' title='bbox 1339 3299 1447 3343; x_wconf 88' lang='lat' dir='ltr'>vocare</span> <span class='ocrx_word' id='word_1_279' title='bbox 1485 3282 1638 3343; x_wconf 90' lang='lat' dir='ltr'>solennem</span> <span class='ocrx_word' id='word_1_280' title='bbox 1673 3290 1706 3345; x_wconf 91' lang='lat' dir='ltr'>et</span> <span class='ocrx_word' id='word_1_281' title='bbox 1737 3283 1901 3362; x_wconf 88' lang='lat' dir='ltr'>publicam,</span> 
     </span>
     <span class='ocr_line' id='line_1_31' title="bbox 544 3369 1902 3451; baseline 0.001 -18"><span class='ocrx_word' id='word_1_282' title='bbox 544 3371 715 3451; x_wconf 82' lang='lat' dir='ltr'>exemplo</span> <span class='ocrx_word' id='word_1_283' title='bbox 747 3371 916 3432; x_wconf 90' lang='lat' dir='ltr'>Roeslini</span> <span class='ocrx_word' id='word_1_284' title='bbox 948 3372 1111 3432; x_wconf 92' lang='lat' dir='ltr'>laudato.</span> <span class='ocrx_word' id='word_1_285' title='bbox 1163 3370 1230 3432; x_wconf 83' lang='lat' dir='ltr'>Non</span> <span class='ocrx_word' id='word_1_286' title='bbox 1264 3370 1422 3449; x_wconf 81' lang='lat' dir='ltr'>expectavi</span> <span class='ocrx_word' id='word_1_287' title='bbox 1446 3371 1499 3441; x_wconf 88' lang='lat' dir='ltr'>Te,</span> <span class='ocrx_word' id='word_1_288' title='bbox 1532 3369 1663 3431; x_wconf 84' lang='lat' dir='ltr'>Fabrici.</span> <span class='ocrx_word' id='word_1_289' title='bbox 1708 3369 1827 3433; x_wconf 92' lang='lat' dir='ltr'>Monuit</span> <span class='ocrx_word' id='word_1_290' title='bbox 1851 3391 1902 3434; x_wconf 87' lang='lat' dir='ltr'>me</span> 
     </span>
     <span class='ocr_line' id='line_1_32' title="bbox 542 3458 1902 3539; baseline 0.001 -17"><span class='ocrx_word' id='word_1_291' title='bbox 542 3462 638 3523; x_wconf 88' lang='lat' dir='ltr'>bonus</span> <span class='ocrx_word' id='word_1_292' title='bbox 662 3459 781 3539; x_wconf 89' lang='lat' dir='ltr'>quidam</span> <span class='ocrx_word' id='word_1_293' title='bbox 804 3460 909 3538; x_wconf 89' lang='lat' dir='ltr'>genius</span> <span class='ocrx_word' id='word_1_294' title='bbox 929 3461 1013 3539; x_wconf 88' lang='lat' dir='ltr'>(ipsa</span> <span class='ocrx_word' id='word_1_295' title='bbox 1033 3459 1150 3521; x_wconf 90' lang='lat' dir='ltr'>scilicet</span> <span class='ocrx_word' id='word_1_296' title='bbox 1174 3458 1338 3538; x_wconf 86' lang='lat' dir='ltr'>agnitionis</span> <span class='ocrx_word' id='word_1_297' title='bbox 1357 3458 1559 3536; x_wconf 88' lang='lat' dir='ltr'>jucunditas),</span> <span class='ocrx_word' id='word_1_298' title='bbox 1584 3467 1618 3520; x_wconf 93' lang='lat' dir='ltr'>ut</span> <span class='ocrx_word' id='word_1_299' title='bbox 1631 3458 1708 3520; x_wconf 91' lang='lat' dir='ltr'>hanc</span> <span class='ocrx_word' id='word_1_300' title='bbox 1732 3460 1902 3524; x_wconf 81' lang='lat' dir='ltr'>delormem</span> 
     </span>
     <span class='ocr_line' id='line_1_33' title="bbox 543 3547 1902 3629; baseline 0.004 -23"><span class='ocrx_word' id='word_1_301' title='bbox 543 3548 633 3623; x_wconf 87' lang='lat' dir='ltr'>(vah)</span> <span class='ocrx_word' id='word_1_302' title='bbox 656 3549 871 3609; x_wconf 91' lang='lat' dir='ltr'>necessitatem</span> <span class='ocrx_word' id='word_1_303' title='bbox 894 3558 1001 3627; x_wconf 90' lang='lat' dir='ltr'>sponte</span> <span class='ocrx_word' id='word_1_304' title='bbox 1025 3569 1093 3610; x_wconf 91' lang='lat' dir='ltr'>mea</span> <span class='ocrx_word' id='word_1_305' title='bbox 1117 3556 1351 3625; x_wconf 87' lang='lat' dir='ltr'>praeverterem,</span> <span class='ocrx_word' id='word_1_306' title='bbox 1375 3547 1503 3626; x_wconf 92' lang='lat' dir='ltr'>primum</span> <span class='ocrx_word' id='word_1_307' title='bbox 1527 3555 1617 3627; x_wconf 88' lang='lat' dir='ltr'>atque</span> <span class='ocrx_word' id='word_1_308' title='bbox 1648 3548 1752 3610; x_wconf 89' lang='lat' dir='ltr'>literas</span> <span class='ocrx_word' id='word_1_309' title='bbox 1777 3549 1902 3629; x_wconf 85' lang='lat' dir='ltr'>Apellis</span> 
     </span>
     <span class='ocr_line' id='line_1_34' title="bbox 544 3634 1902 3718; baseline 0.001 -19"><span class='ocrx_word' id='word_1_310' title='bbox 544 3638 646 3718; x_wconf 87' lang='lat' dir='ltr'>tuique</span> <span class='ocrx_word' id='word_1_311' title='bbox 670 3655 729 3697; x_wconf 89' lang='lat' dir='ltr'>uua</span> <span class='ocrx_word' id='word_1_312' title='bbox 752 3636 804 3697; x_wconf 87' lang='lat' dir='ltr'>lilii</span> <span class='ocrx_word' id='word_1_313' title='bbox 828 3637 958 3698; x_wconf 89' lang='lat' dir='ltr'>libellum</span> <span class='ocrx_word' id='word_1_314' title='bbox 984 3639 1052 3717; x_wconf 87' lang='lat' dir='ltr'>legi.</span> <span class='ocrx_word' id='word_1_315' title='bbox 1101 3635 1270 3697; x_wconf 86' lang='lat' dir='ltr'>Currebant</span> <span class='ocrx_word' id='word_1_316' title='bbox 1293 3635 1399 3696; x_wconf 90' lang='lat' dir='ltr'>eodem</span> <span class='ocrx_word' id='word_1_317' title='bbox 1421 3644 1556 3715; x_wconf 89' lang='lat' dir='ltr'>tempore</span> <span class='ocrx_word' id='word_1_318' title='bbox 1581 3643 1613 3698; x_wconf 89' lang='lat' dir='ltr'>et</span> <span class='ocrx_word' id='word_1_319' title='bbox 1633 3634 1766 3699; x_wconf 90' lang='lat' dir='ltr'>Galilaei</span> <span class='ocrx_word' id='word_1_320' title='bbox 1790 3638 1902 3701; x_wconf 86' lang='lat' dir='ltr'>literae</span> 
     </span>
     <span class='ocr_line' id='line_1_35' title="bbox 543 3725 1901 3804; baseline 0.001 -15"><span class='ocrx_word' id='word_1_321' title='bbox 543 3727 582 3789; x_wconf 89' lang='lat' dir='ltr'>ad</span> <span class='ocrx_word' id='word_1_322' title='bbox 606 3725 777 3787; x_wconf 90' lang='lat' dir='ltr'>Welsemm</span> <span class='ocrx_word' id='word_1_323' title='bbox 802 3733 834 3786; x_wconf 90' lang='lat' dir='ltr'>et</span> <span class='ocrx_word' id='word_1_324' title='bbox 856 3745 940 3786; x_wconf 89' lang='lat' dir='ltr'>meae</span> <span class='ocrx_word' id='word_1_325' title='bbox 965 3727 1003 3787; x_wconf 88' lang='lat' dir='ltr'>ad</span> <span class='ocrx_word' id='word_1_326' title='bbox 1028 3725 1198 3786; x_wconf 89' lang='lat' dir='ltr'>Galilaeum</span> <span class='ocrx_word' id='word_1_327' title='bbox 1222 3731 1439 3804; x_wconf 89' lang='lat' dir='ltr'>praetereaque</span> <span class='ocrx_word' id='word_1_328' title='bbox 1464 3726 1555 3786; x_wconf 86' lang='lat' dir='ltr'>etiam</span> <span class='ocrx_word' id='word_1_329' title='bbox 1578 3727 1618 3787; x_wconf 91' lang='lat' dir='ltr'>ad</span> <span class='ocrx_word' id='word_1_330' title='bbox 1640 3726 1678 3788; x_wconf 91' lang='lat' dir='ltr'>D.</span> <span class='ocrx_word' id='word_1_331' title='bbox 1704 3725 1901 3791; x_wconf 86' lang='lat' dir='ltr'>Herwartnm</span> 
     </span>
     <span class='ocr_line' id='line_1_36' title="bbox 543 3812 1902 3895; baseline 0 -17"><span class='ocrx_word' id='word_1_332' title='bbox 543 3823 575 3878; x_wconf 97' lang='grc'>11</span> <span class='ocrx_word' id='word_1_333' title='bbox 598 3814 636 3875; x_wconf 90' lang='lat' dir='ltr'>ad</span> <span class='ocrx_word' id='word_1_334' title='bbox 660 3814 865 3889; x_wconf 88' lang='lat' dir='ltr'>Maestlinum,</span> <span class='ocrx_word' id='word_1_335' title='bbox 892 3816 975 3895; x_wconf 91' lang='lat' dir='ltr'>cujus</span> <span class='ocrx_word' id='word_1_336' title='bbox 1003 3815 1151 3875; x_wconf 89' lang='lat' dir='ltr'>intererat</span> <span class='ocrx_word' id='word_1_337' title='bbox 1182 3812 1366 3891; x_wconf 87' lang='lat' dir='ltr'>intelligere,</span> <span class='ocrx_word' id='word_1_338' title='bbox 1400 3833 1433 3873; x_wconf 90' lang='lat' dir='ltr'>se</span> <span class='ocrx_word' id='word_1_339' title='bbox 1462 3814 1617 3875; x_wconf 88' lang='lat' dir='ltr'>victoriam</span> <span class='ocrx_word' id='word_1_340' title='bbox 1641 3813 1711 3875; x_wconf 91' lang='lat' dir='ltr'>mihi</span> <span class='ocrx_word' id='word_1_341' title='bbox 1741 3814 1902 3895; x_wconf 88' lang='lat' dir='ltr'>largiendo</span> 
     </span>
     <span class='ocr_line' id='line_1_37' title="bbox 543 3901 1901 3985; baseline 0 -19"><span class='ocrx_word' id='word_1_342' title='bbox 543 3903 682 3985; x_wconf 89' lang='lat' dir='ltr'>sibiipsi</span> <span class='ocrx_word' id='word_1_343' title='bbox 706 3903 813 3965; x_wconf 89' lang='lat' dir='ltr'>fecisse</span> <span class='ocrx_word' id='word_1_344' title='bbox 836 3904 984 3984; x_wconf 86' lang='lat' dir='ltr'>injuriam.</span> <span class='ocrx_word' id='word_1_345' title='bbox 1025 3901 1128 3973; x_wconf 83' lang='lat' dir='ltr'>Quid?</span> <span class='ocrx_word' id='word_1_346' title='bbox 1153 3903 1235 3963; x_wconf 86' lang='lat' dir='ltr'>&#39;lune</span> <span class='ocrx_word' id='word_1_347' title='bbox 1252 3901 1379 3962; x_wconf 86' lang='lat' dir='ltr'>fidiculis</span> <span class='ocrx_word' id='word_1_348' title='bbox 1403 3920 1477 3980; x_wconf 92' lang='lat' dir='ltr'>opus</span> <span class='ocrx_word' id='word_1_349' title='bbox 1502 3922 1570 3963; x_wconf 85' lang='lat' dir='ltr'>esse</span> <span class='ocrx_word' id='word_1_350' title='bbox 1598 3911 1688 3981; x_wconf 88' lang='lat' dir='ltr'>putas</span> <span class='ocrx_word' id='word_1_351' title='bbox 1712 3903 1752 3964; x_wconf 93' lang='lat' dir='ltr'>ad</span> <span class='ocrx_word' id='word_1_352' title='bbox 1775 3905 1901 3966; x_wconf 78' lang='lat' dir='ltr'>conlea-</span> 
     </span>
     <span class='ocr_line' id='line_1_38' title="bbox 543 3990 1903 4073; baseline -0.001 -17"><span class='ocrx_word' id='word_1_353' title='bbox 543 3993 644 4056; x_wconf 89' lang='lat' dir='ltr'>siones</span> <span class='ocrx_word' id='word_1_354' title='bbox 668 3992 716 4054; x_wconf 94' lang='lat' dir='ltr'>hic</span> <span class='ocrx_word' id='word_1_355' title='bbox 741 3993 961 4073; x_wconf 85' lang='lat' dir='ltr'>extorquendas</span> <span class='ocrx_word' id='word_1_356' title='bbox 986 4001 1039 4053; x_wconf 89' lang='lat' dir='ltr'>aut</span> <span class='ocrx_word' id='word_1_357' title='bbox 1062 3990 1323 4070; x_wconf 85' lang='lat' dir='ltr'>deprecationibus</span> <span class='ocrx_word' id='word_1_358' title='bbox 1348 3990 1386 4050; x_wconf 89' lang='lat' dir='ltr'>ad</span> <span class='ocrx_word' id='word_1_359' title='bbox 1415 3991 1631 4052; x_wconf 87' lang='lat' dir='ltr'>eblandiendas</span> <span class='ocrx_word' id='word_1_360' title='bbox 1660 3991 1825 4067; x_wconf 87' lang='lat' dir='ltr'>intereos,</span> <span class='ocrx_word' id='word_1_361' title='bbox 1852 3993 1903 4073; x_wconf 90' lang='lat' dir='ltr'>qui</span> 
     </span>
     <span class='ocr_line' id='line_1_39' title="bbox 543 4078 1902 4161; baseline 0.001 -19"><span class='ocrx_word' id='word_1_362' title='bbox 543 4100 602 4143; x_wconf 96' lang='lat' dir='ltr'>non</span> <span class='ocrx_word' id='word_1_363' title='bbox 625 4100 680 4161; x_wconf 91' lang='lat' dir='ltr'>pro</span> <span class='ocrx_word' id='word_1_364' title='bbox 704 4081 801 4161; x_wconf 88' lang='lat' dir='ltr'>gloria</span> <span class='ocrx_word' id='word_1_365' title='bbox 824 4082 877 4142; x_wconf 90' lang='lat' dir='ltr'>sed</span> <span class='ocrx_word' id='word_1_366' title='bbox 901 4082 938 4142; x_wconf 92' lang='lat' dir='ltr'>de</span> <span class='ocrx_word' id='word_1_367' title='bbox 971 4080 1101 4143; x_wconf 89' lang='lat' dir='ltr'>veritate</span> <span class='ocrx_word' id='word_1_368' title='bbox 1135 4079 1278 4140; x_wconf 91' lang='lat' dir='ltr'>certant?</span> <span class='ocrx_word' id='word_1_369' title='bbox 1310 4079 1388 4139; x_wconf 73' lang='lat' dir='ltr'>ham</span> <span class='ocrx_word' id='word_1_370' title='bbox 1412 4080 1490 4158; x_wconf 90' lang='lat' dir='ltr'>quod</span> <span class='ocrx_word' id='word_1_371' title='bbox 1521 4078 1672 4158; x_wconf 90' lang='lat' dir='ltr'>publicam</span> <span class='ocrx_word' id='word_1_372' title='bbox 1695 4079 1785 4160; x_wconf 90' lang='lat' dir='ltr'>hujus</span> <span class='ocrx_word' id='word_1_373' title='bbox 1809 4082 1902 4161; x_wconf 85' lang='lat' dir='ltr'>agni-</span> 
     </span>
     <span class='ocr_line' id='line_1_40' title="bbox 544 4167 1902 4250; baseline 0.001 -20"><span class='ocrx_word' id='word_1_374' title='bbox 544 4169 634 4230; x_wconf 86' lang='lat' dir='ltr'>tionis</span> <span class='ocrx_word' id='word_1_375' title='bbox 658 4170 906 4250; x_wconf 86' lang='lat' dir='ltr'>significationem</span> <span class='ocrx_word' id='word_1_376' title='bbox 930 4189 987 4232; x_wconf 92' lang='lat' dir='ltr'>non</span> <span class='ocrx_word' id='word_1_377' title='bbox 1013 4169 1091 4243; x_wconf 88' lang='lat' dir='ltr'>dedi,</span> <span class='ocrx_word' id='word_1_378' title='bbox 1116 4188 1208 4230; x_wconf 89' lang='lat' dir='ltr'>causa</span> <span class='ocrx_word' id='word_1_379' title='bbox 1231 4176 1281 4229; x_wconf 92' lang='lat' dir='ltr'>est</span> <span class='ocrx_word' id='word_1_380' title='bbox 1303 4167 1373 4247; x_wconf 88' lang='lat' dir='ltr'>quia</span> <span class='ocrx_word' id='word_1_381' title='bbox 1395 4168 1478 4229; x_wconf 86' lang='lat' dir='ltr'>locus</span> <span class='ocrx_word' id='word_1_382' title='bbox 1502 4168 1545 4229; x_wconf 92' lang='lat' dir='ltr'>illi</span> <span class='ocrx_word' id='word_1_383' title='bbox 1569 4187 1627 4230; x_wconf 95' lang='lat' dir='ltr'>non</span> <span class='ocrx_word' id='word_1_384' title='bbox 1657 4168 1715 4229; x_wconf 85' lang='lat' dir='ltr'>luit</span> <span class='ocrx_word' id='word_1_385' title='bbox 1738 4168 1816 4232; x_wconf 82' lang='lat' dir='ltr'>alius</span> <span class='ocrx_word' id='word_1_386' title='bbox 1841 4169 1902 4232; x_wconf 85' lang='lat' dir='ltr'>uisi</span> 
     </span>
     <span class='ocr_line' id='line_1_41' title="bbox 545 4256 1901 4338; baseline 0.001 -18"><span class='ocrx_word' id='word_1_387' title='bbox 545 4258 594 4320; x_wconf 89' lang='lat' dir='ltr'>hio</span> <span class='ocrx_word' id='word_1_388' title='bbox 619 4258 693 4337; x_wconf 88' lang='lat' dir='ltr'>ipsc,</span> <span class='ocrx_word' id='word_1_389' title='bbox 718 4259 767 4324; x_wconf 90' lang='lat' dir='ltr'>ubi</span> <span class='ocrx_word' id='word_1_390' title='bbox 791 4258 868 4322; x_wconf 89' lang='lat' dir='ltr'>inter</span> <span class='ocrx_word' id='word_1_391' title='bbox 898 4267 1016 4321; x_wconf 89' lang='lat' dir='ltr'>ceteros</span> <span class='ocrx_word' id='word_1_392' title='bbox 1044 4260 1184 4338; x_wconf 87' lang='lat' dir='ltr'>planetas</span> <span class='ocrx_word' id='word_1_393' title='bbox 1213 4257 1304 4318; x_wconf 88' lang='lat' dir='ltr'>etiam</span> <span class='ocrx_word' id='word_1_394' title='bbox 1330 4256 1366 4317; x_wconf 90' lang='lat' dir='ltr'>de</span> <span class='ocrx_word' id='word_1_395' title='bbox 1390 4256 1539 4319; x_wconf 86' lang='lat' dir='ltr'>Mercurio</span> <span class='ocrx_word' id='word_1_396' title='bbox 1563 4275 1632 4336; x_wconf 88' lang='lat' dir='ltr'>ago.</span> <span class='ocrx_word' id='word_1_397' title='bbox 1679 4256 1803 4320; x_wconf 90' lang='lat' dir='ltr'>Librum</span> <span class='ocrx_word' id='word_1_398' title='bbox 1824 4275 1901 4321; x_wconf 89' lang='lat' dir='ltr'>vero</span> 
     </span>
     <span class='ocr_line' id='line_1_42' title="bbox 546 4339 1700 4428; baseline -0.002 -21"><span class='ocrx_word' id='word_1_399' title='bbox 546 4347 728 4427; x_wconf 84' lang='lat' dir='ltr'>peculiarem</span> <span class='ocrx_word' id='word_1_400' title='bbox 752 4348 808 4410; x_wconf 90' lang='lat' dir='ltr'>hoc</span> <span class='ocrx_word' id='word_1_401' title='bbox 831 4349 884 4410; x_wconf 85' lang='lat' dir='ltr'>vili</span> <span class='ocrx_word' id='word_1_402' title='bbox 908 4355 1083 4428; x_wconf 85' lang='lat' dir='ltr'>argumento</span> <span class='ocrx_word' id='word_1_403' title='bbox 1107 4347 1246 4420; x_wconf 88' lang='lat' dir='ltr'>scribere,</span> <span class='ocrx_word' id='word_1_404' title='bbox 1272 4345 1302 4406; x_wconf 92' lang='lat' dir='ltr'>id</span> <span class='ocrx_word' id='word_1_405' title='bbox 1326 4345 1383 4406; x_wconf 88' lang='lat' dir='ltr'>fuit</span> <span class='ocrx_word' id='word_1_406' title='bbox 1405 4345 1546 4406; x_wconf 88' lang='lat' dir='ltr'>insanire.</span> <span class='ocrx_word' id='word_1_407' title='bbox 1698 4339 1700 4344; x_wconf 67' lang='grc'><strong>’</strong></span> 
     </span>
    </p>

    <p class='ocr_par' dir='ltr' id='par_1_6' title="bbox 543 4432 1903 4873">
     <span class='ocr_line' id='line_1_43' title="bbox 632 4432 1900 4518; baseline 0 -21"><span class='ocrx_word' id='word_1_408' title='bbox 632 4436 740 4498; x_wconf 88' lang='lat' dir='ltr'>Jactas</span> <span class='ocrx_word' id='word_1_409' title='bbox 765 4446 796 4498; x_wconf 91' lang='lat' dir='ltr'>tu</span> <span class='ocrx_word' id='word_1_410' title='bbox 829 4446 1012 4518; x_wconf 87' lang='lat' dir='ltr'>repertam</span> <span class='ocrx_word' id='word_1_411' title='bbox 1036 4444 1113 4498; x_wconf 87' lang='lat' dir='ltr'>ate</span> <span class='ocrx_word' id='word_1_412' title='bbox 1145 4433 1319 4497; x_wconf 91' lang='lat' dir='ltr'>Mercurii</span> <span class='ocrx_word' id='word_1_413' title='bbox 1353 4433 1596 4513; x_wconf 89' lang='lat' dir='ltr'>hypothesin,</span> <span class='ocrx_word' id='word_1_414' title='bbox 1629 4452 1666 4494; x_wconf 79' lang='lat' dir='ltr'>er</span> <span class='ocrx_word' id='word_1_415' title='bbox 1689 4433 1775 4512; x_wconf 89' lang='lat' dir='ltr'>cujus</span> <span class='ocrx_word' id='word_1_416' title='bbox 1804 4432 1900 4497; x_wconf 93' lang='lat' dir='ltr'>ductu</span> 
     </span>
     <span class='ocr_line' id='line_1_44' title="bbox 543 4517 1903 4603; baseline -0.002 -15"><span class='ocrx_word' id='word_1_417' title='bbox 543 4526 694 4589; x_wconf 89' lang='lat' dir='ltr'>incursum</span> <span class='ocrx_word' id='word_1_418' title='bbox 717 4526 858 4588; x_wconf 89' lang='lat' dir='ltr'>Mercurii</span> <span class='ocrx_word' id='word_1_419' title='bbox 881 4527 935 4588; x_wconf 91' lang='lat' dir='ltr'>sub</span> <span class='ocrx_word' id='word_1_420' title='bbox 960 4525 1062 4588; x_wconf 87' lang='lat' dir='ltr'>Solem</span> <span class='ocrx_word' id='word_1_421' title='bbox 1085 4525 1152 4603; x_wconf 88' lang='lat' dir='ltr'>ligis</span> <span class='ocrx_word' id='word_1_422' title='bbox 1177 4524 1205 4585; x_wconf 89' lang='lat' dir='ltr'>in</span> <span class='ocrx_word' id='word_1_423' title='bbox 1233 4521 1282 4585; x_wconf 88' lang='grc'>17.</span> <span class='ocrx_word' id='word_1_424' title='bbox 1307 4523 1382 4601; x_wconf 92' lang='lat' dir='ltr'>Maji</span> <span class='ocrx_word' id='word_1_425' title='bbox 1411 4523 1481 4584; x_wconf 90' lang='lat' dir='ltr'>anni</span> <span class='ocrx_word' id='word_1_426' title='bbox 1508 4517 1609 4596; x_wconf 82' lang='lat'>1607,</span> <span class='ocrx_word' id='word_1_427' title='bbox 1633 4540 1728 4602; x_wconf 91' lang='lat' dir='ltr'>eaque</span> <span class='ocrx_word' id='word_1_428' title='bbox 1752 4540 1785 4584; x_wconf 90' lang='lat' dir='ltr'>re</span> <span class='ocrx_word' id='word_1_429' title='bbox 1807 4530 1903 4601; x_wconf 80' lang='lat' dir='ltr'>putas</span> 
     </span>
     <span class='ocr_line' id='line_1_45' title="bbox 544 4610 1902 4696; baseline -0.003 -18"><span class='ocrx_word' id='word_1_430' title='bbox 544 4625 574 4678; x_wconf 91' lang='lat' dir='ltr'>te</span> <span class='ocrx_word' id='word_1_431' title='bbox 599 4633 696 4677; x_wconf 89' lang='lat' dir='ltr'>meam</span> <span class='ocrx_word' id='word_1_432' title='bbox 719 4617 957 4695; x_wconf 87' lang='lat' dir='ltr'>persuasionem,</span> <span class='ocrx_word' id='word_1_433' title='bbox 981 4616 1059 4696; x_wconf 91' lang='lat' dir='ltr'>quod</span> <span class='ocrx_word' id='word_1_434' title='bbox 1082 4615 1130 4675; x_wconf 91' lang='lat' dir='ltr'>die</span> <span class='ocrx_word' id='word_1_435' title='bbox 1150 4612 1288 4692; x_wconf 88' lang='lat' dir='ltr'>sequenti</span> <span class='ocrx_word' id='word_1_436' title='bbox 1311 4611 1466 4690; x_wconf 87' lang='lat' dir='ltr'>planetam</span> <span class='ocrx_word' id='word_1_437' title='bbox 1485 4611 1515 4673; x_wconf 92' lang='lat' dir='ltr'>in</span> <span class='ocrx_word' id='word_1_438' title='bbox 1535 4610 1607 4673; x_wconf 90' lang='lat' dir='ltr'>Sole</span> <span class='ocrx_word' id='word_1_439' title='bbox 1627 4610 1763 4685; x_wconf 77' lang='lat' dir='ltr'>viderim,</span> <span class='ocrx_word' id='word_1_440' title='bbox 1788 4612 1902 4675; x_wconf 81' lang='lat' dir='ltr'>erroris</span> 
     </span>
     <span class='ocr_line' id='line_1_46' title="bbox 543 4699 1903 4784; baseline -0.003 -16"><span class='ocrx_word' id='word_1_441' title='bbox 543 4706 731 4768; x_wconf 87' lang='lat' dir='ltr'>convincere.</span> <span class='ocrx_word' id='word_1_442' title='bbox 777 4705 823 4766; x_wconf 85' lang='lat' dir='ltr'>At</span> <span class='ocrx_word' id='word_1_443' title='bbox 847 4706 874 4767; x_wconf 91' lang='lat' dir='ltr'>si</span> <span class='ocrx_word' id='word_1_444' title='bbox 897 4706 993 4767; x_wconf 90' lang='lat' dir='ltr'>solum</span> <span class='ocrx_word' id='word_1_445' title='bbox 1016 4724 1071 4784; x_wconf 88' lang='lat' dir='ltr'>per</span> <span class='ocrx_word' id='word_1_446' title='bbox 1101 4703 1180 4764; x_wconf 93' lang='lat' dir='ltr'>hunc</span> <span class='ocrx_word' id='word_1_447' title='bbox 1209 4710 1290 4762; x_wconf 91' lang='lat' dir='ltr'>tuum</span> <span class='ocrx_word' id='word_1_448' title='bbox 1324 4700 1470 4761; x_wconf 86' lang='lat' dir='ltr'>calculum</span> <span class='ocrx_word' id='word_1_449' title='bbox 1494 4720 1543 4762; x_wconf 90' lang='lat' dir='ltr'>res</span> <span class='ocrx_word' id='word_1_450' title='bbox 1576 4707 1767 4773; x_wconf 87' lang='lat' dir='ltr'>cerneretur,</span> <span class='ocrx_word' id='word_1_451' title='bbox 1792 4699 1903 4764; x_wconf 83' lang='lat' dir='ltr'>obser-</span> 
     </span>
     <span class='ocr_line' id='line_1_47' title="bbox 545 4787 1902 4873; baseline -0.004 -18"><span class='ocrx_word' id='word_1_452' title='bbox 545 4794 695 4856; x_wconf 86' lang='lat' dir='ltr'>vationem</span> <span class='ocrx_word' id='word_1_453' title='bbox 720 4812 775 4873; x_wconf 86' lang='lat' dir='ltr'>ego</span> <span class='ocrx_word' id='word_1_454' title='bbox 800 4803 899 4857; x_wconf 86' lang='lat' dir='ltr'>tuerer</span> <span class='ocrx_word' id='word_1_455' title='bbox 923 4802 956 4854; x_wconf 95' lang='lat' dir='ltr'>ut</span> <span class='ocrx_word' id='word_1_456' title='bbox 979 4812 1091 4854; x_wconf 84' lang='lat' dir='ltr'>veram.</span> <span class='ocrx_word' id='word_1_457' title='bbox 1125 4791 1171 4853; x_wconf 87' lang='lat' dir='ltr'>At</span> <span class='ocrx_word' id='word_1_458' title='bbox 1194 4790 1292 4852; x_wconf 89' lang='lat' dir='ltr'>celare</span> <span class='ocrx_word' id='word_1_459' title='bbox 1316 4797 1347 4849; x_wconf 89' lang='lat' dir='ltr'>te</span> <span class='ocrx_word' id='word_1_460' title='bbox 1371 4808 1433 4852; x_wconf 86' lang='lat' dir='ltr'>nou</span> <span class='ocrx_word' id='word_1_461' title='bbox 1452 4807 1585 4869; x_wconf 92' lang='lat' dir='ltr'>possum,</span> <span class='ocrx_word' id='word_1_462' title='bbox 1609 4787 1687 4867; x_wconf 89' lang='lat' dir='ltr'>quod</span> <span class='ocrx_word' id='word_1_463' title='bbox 1711 4807 1779 4850; x_wconf 86' lang='lat' dir='ltr'>mea</span> <span class='ocrx_word' id='word_1_464' title='bbox 1801 4788 1902 4870; x_wconf 82' lang='lat' dir='ltr'>hypo-</span> 
     </span>
    </p>
   </div>
   <div class='ocr_carea' id='block_1_3' title="bbox 544 4874 1905 5232">
    <p class='ocr_par' dir='ltr' id='par_1_7' title="bbox 544 4874 1905 5232">
     <span class='ocr_line' id='line_1_48' title="bbox 544 4874 1903 4962; baseline -0.004 -17"><span class='ocrx_word' id='word_1_465' title='bbox 544 4882 641 4946; x_wconf 89' lang='lat' dir='ltr'>thesis</span> <span class='ocrx_word' id='word_1_466' title='bbox 664 4883 742 4945; x_wconf 89' lang='lat' dir='ltr'>hanc</span> <span class='ocrx_word' id='word_1_467' title='bbox 766 4883 1002 4962; x_wconf 89' lang='lat' dir='ltr'>conjunctionem</span> <span class='ocrx_word' id='word_1_468' title='bbox 1026 4881 1108 4944; x_wconf 85' lang='lat' dir='ltr'>Solia</span> <span class='ocrx_word' id='word_1_469' title='bbox 1133 4888 1165 4941; x_wconf 91' lang='lat' dir='ltr'>et</span> <span class='ocrx_word' id='word_1_470' title='bbox 1187 4877 1327 4940; x_wconf 83' lang='lat' dir='ltr'>Mercurii</span> <span class='ocrx_word' id='word_1_471' title='bbox 1353 4877 1399 4939; x_wconf 94' lang='lat' dir='ltr'>die</span> <span class='ocrx_word' id='word_1_472' title='bbox 1423 4897 1478 4939; x_wconf 92' lang='lat' dir='ltr'>nec</span> <span class='ocrx_word' id='word_1_473' title='bbox 1505 4875 1554 4940; x_wconf 84' lang='lat'>18.</span> <span class='ocrx_word' id='word_1_474' title='bbox 1579 4895 1634 4938; x_wconf 88' lang='lat' dir='ltr'>nec</span> <span class='ocrx_word' id='word_1_475' title='bbox 1661 4874 1710 4940; x_wconf 88' lang='grc'>17.</span> <span class='ocrx_word' id='word_1_476' title='bbox 1735 4886 1903 4958; x_wconf 81' lang='lat' dir='ltr'>computet,</span> 
     </span>
     <span class='ocr_line' id='line_1_49' title="bbox 544 4964 1904 5049; baseline -0.006 -13"><span class='ocrx_word' id='word_1_477' title='bbox 544 4973 598 5036; x_wconf 86' lang='lat' dir='ltr'>sed</span> <span class='ocrx_word' id='word_1_478' title='bbox 622 4970 731 5035; x_wconf 80' lang='lat' dir='ltr'>btotis</span> <span class='ocrx_word' id='word_1_479' title='bbox 755 4972 859 5034; x_wconf 90' lang='lat' dir='ltr'>diebus</span> <span class='ocrx_word' id='word_1_480' title='bbox 884 4971 1081 5044; x_wconf 85' lang='lat' dir='ltr'>transmissis,</span> <span class='ocrx_word' id='word_1_481' title='bbox 1105 4971 1195 5049; x_wconf 85' lang='lat' dir='ltr'>plane</span> <span class='ocrx_word' id='word_1_482' title='bbox 1219 4964 1271 5028; x_wconf 80' lang='lat'>22.</span> <span class='ocrx_word' id='word_1_483' title='bbox 1292 4974 1417 5040; x_wconf 80' lang='lat' dir='ltr'>stret,</span> <span class='ocrx_word' id='word_1_484' title='bbox 1444 4968 1501 5028; x_wconf 87' lang='lat' dir='ltr'>etsi</span> <span class='ocrx_word' id='word_1_485' title='bbox 1525 4984 1616 5045; x_wconf 87' lang='lat' dir='ltr'>supra</span> <span class='ocrx_word' id='word_1_486' title='bbox 1644 4965 1755 5028; x_wconf 89' lang='lat' dir='ltr'>dictum</span> <span class='ocrx_word' id='word_1_487' title='bbox 1779 4967 1817 5028; x_wconf 91' lang='lat' dir='ltr'>de</span> <span class='ocrx_word' id='word_1_488' title='bbox 1842 4987 1904 5030; x_wconf 93' lang='lat' dir='ltr'>nuo</span> 
     </span>
     <span class='ocr_line' id='line_1_50' title="bbox 545 5053 1902 5139; baseline -0.005 -15"><span class='ocrx_word' id='word_1_489' title='bbox 545 5061 593 5124; x_wconf 91' lang='lat' dir='ltr'>die</span> <span class='ocrx_word' id='word_1_490' title='bbox 617 5080 674 5124; x_wconf 94' lang='lat' dir='ltr'>non</span> <span class='ocrx_word' id='word_1_491' title='bbox 699 5061 914 5123; x_wconf 90' lang='lat' dir='ltr'>contenderim.</span> <span class='ocrx_word' id='word_1_492' title='bbox 961 5059 1057 5139; x_wconf 89' lang='lat' dir='ltr'>Igitur</span> <span class='ocrx_word' id='word_1_493' title='bbox 1078 5066 1204 5138; x_wconf 92' lang='lat' dir='ltr'>propter</span> <span class='ocrx_word' id='word_1_494' title='bbox 1232 5055 1309 5117; x_wconf 90' lang='lat' dir='ltr'>banc</span> <span class='ocrx_word' id='word_1_495' title='bbox 1333 5054 1483 5117; x_wconf 90' lang='lat' dir='ltr'>residuam</span> <span class='ocrx_word' id='word_1_496' title='bbox 1512 5053 1752 5117; x_wconf 90' lang='lat' dir='ltr'>incertitudinem</span> <span class='ocrx_word' id='word_1_497' title='bbox 1776 5056 1806 5117; x_wconf 93' lang='lat' dir='ltr'>in</span> <span class='ocrx_word' id='word_1_498' title='bbox 1830 5056 1902 5118; x_wconf 90' lang='lat' dir='ltr'>lon-</span> 
     </span>
     <span class='ocr_line' id='line_1_51' title="bbox 546 5143 1905 5232; baseline -0.001 -22"><span class='ocrx_word' id='word_1_499' title='bbox 546 5147 690 5232; x_wconf 83' lang='lat' dir='ltr'>gitudinis</span> <span class='ocrx_word' id='word_1_500' title='bbox 713 5150 855 5216; x_wconf 87' lang='lat' dir='ltr'>Mercurii</span> <span class='ocrx_word' id='word_1_501' title='bbox 882 5156 964 5211; x_wconf 93' lang='lat' dir='ltr'>motu</span> <span class='ocrx_word' id='word_1_502' title='bbox 993 5148 1105 5210; x_wconf 88' lang='lat' dir='ltr'>nullum</span> <span class='ocrx_word' id='word_1_503' title='bbox 1128 5155 1178 5208; x_wconf 89' lang='lat' dir='ltr'>est</span> <span class='ocrx_word' id='word_1_504' title='bbox 1206 5144 1343 5207; x_wconf 88' lang='lat' dir='ltr'>idoneum</span> <span class='ocrx_word' id='word_1_505' title='bbox 1371 5144 1590 5218; x_wconf 89' lang='lat' dir='ltr'>testimonium,</span> <span class='ocrx_word' id='word_1_506' title='bbox 1622 5143 1693 5225; x_wconf 86' lang='lat' dir='ltr'>quid</span> <span class='ocrx_word' id='word_1_507' title='bbox 1716 5144 1780 5209; x_wconf 88' lang='lat' dir='ltr'>veri</span> <span class='ocrx_word' id='word_1_508' title='bbox 1809 5144 1905 5208; x_wconf 83' lang='lat' dir='ltr'>fuerit</span> 
     </span>
    </p>
   </div>
   <div class='ocr_carea' id='block_1_4' title="bbox 0 0 2304 6192">
    <p class='ocr_par' dir='ltr' id='par_1_8' title="bbox 0 0 2304 6192">
     <span class='ocr_line' id='line_1_52' title="bbox 0 0 2304 6192; baseline 0 0"><span class='ocrx_word' id='word_1_509' title='bbox 0 0 2304 6192; x_wconf 95' lang='lat' dir='ltr'> </span> 
     </span>
    </p>
   </div>
  </div>
 </body>
</html>
