4584 6192
946 595 1079 663 573
1200 566 1208 573 ’
1684 601 1709 629 ο
1908 587 2702 653 &suanense-pennati

942 778 1274 859 planeque,
1325 770 1524 853 quoad
1579 768 1984 831 dimensiones
2031 776 2097 828 et
2142 774 2450 845 tempora,
2509 764 2854 843 aequalem,
2902 763 2963 825 in
3010 785 3164 826 aura
3207 764 3516 827 aetherea
3559 762 3682 827 cir·

947 874 1188 928 cumeat
1235 861 1491 944 quilibet
1536 878 1643 920 suo
1682 857 1832 919 loco.
1913 857 1979 917 In
2026 856 2336 917 schemate
2384 854 2626 934 adjecto
2673 854 2756 914 sit
2781 855 2844 914 A
2873 853 3078 927 Terra,
3109 851 3344 916 BCDE
3392 853 3682 915 circuitus

1802 944 2000 1006 Solis:
2073 944 2156 1006 sit
2210 946 2405 1024 primo
2453 941 2563 1004 Sol
2611 942 2671 1003 in
2715 942 2800 1016 B,
2860 941 3114 1021 planeta
3159 941 3222 1003 in
3269 942 3355 1016 P,
3408 951 3482 1003 ut
3527 941 3684 1003 linea

1278 1030 1387 1095 1²⁵ss-
1426 1024 1476 1076 ⁸·
1800 1033 2009 1095 Solem
2052 1034 2339 1112 planetae
2385 1040 2753 1094 connectens
2797 1030 2882 1091 sit
2906 1030 3035 1106 BP,
3082 1050 3243 1112 quae
3291 1030 3528 1092 educta
3571 1030 3680 1092 sub

1794 1124 1947 1183 fixas
1993 1122 2178 1184 cadat
2221 1122 2280 1182 in
2329 1123 2401 1182 F.
2473 1121 2639 1182 Dato
2689 1120 2870 1198 igitur
2916 1119 3075 1200 quod
3118 1121 3387 1200 planeta
3430 1118 3708 1199 proprio¹

1799 1223 1964 1273 motu
2026 1222 2271 1284 careat,
2347 1219 2416 1271 ut
2472 1208 2623 1270 haec
2683 1209 2863 1270 Nova
2937 1208 3175 1271 caruit:
3255 1219 3478 1271 tamen
3551 1209 3680 1287 lege

1803 1304 2188 1375 σνμπαθεαις
2251 1300 2411 1362 linea
2453 1297 2562 1359 BP
2627 1299 2721 1370 (et
2768 1298 2826 1358 in
2891 1299 3024 1378 ejus
3088 1307 3374 1359 extremo
3433 1296 3683 1376 planeta

1805 1389 1864 1449 in
1917 1389 2000 1462 P)
2064 1408 2196 1449 cnm
2256 1388 2388 1466 ipso
2449 1385 2595 1449 Sole
2661 1386 2973 1460 circumit,
3033 1406 3292 1448 manens
3361 1387 3510 1465 ipsa
3569 1384 3680 1448 sihi

1802 1478 2150 1558 parallelos,
2198 1485 2264 1537 et
2292 1476 2531 1537 sistitur
2569 1476 2626 1536 in
2657 1472 2792 1548 QC,
2819 1474 2964 1545 XD,
2992 1473 3115 1536 IE:
3166 1474 3386 1555 itaque
3431 1475 3678 1554 planeta

1804 1566 2017 1628 scribit
2045 1566 2158 1626 hoc
2187 1572 2364 1645 raptu
2411 1575 2703 1626 extraneo
2734 1564 3047 1625 circuitum
3075 1561 3312 1636 PQXI,
3365 1564 3679 1644 aequalem

1802 1654 1919 1734 ipsi
1962 1652 2219 1726 BCDE,
2266 1664 2523 1733 apparet
2567 1672 2710 1715 vero
2755 1652 2869 1714 sub
2915 1653 3048 1714 fixis
3095 1653 3157 1713 in
3203 1651 3468 1715 FKZY.
3564 1649 3676 1723 Qui

1804 1742 1918 1804 hoc
1946 1744 2186 1815 statuit,
2235 1745 2374 1824 quid
2414 1762 2634 1803 causae
2659 1742 2895 1814 aflerat,
2945 1742 3266 1822 quominus
3296 1741 3468 1803 idem
3499 1741 3678 1803 faciat

1804 1832 2040 1893 Novum
2085 1831 2275 1906 sidus,
2325 1834 2479 1912 quod
2509 1831 2740 1892 faciunt
2770 1832 3054 1910 planetae
3092 1848 3333 1904 omnes,
3385 1830 3446 1892 si
3473 1830 3676 1892 eodem

1250 1945 1314 2006 f
1407 1953 1415 1994 ,ι
1806 1938 1940 1982 cum
1985 1920 2250 2000 planetis
2298 1921 2429 1982 loco
2483 1920 2798 1981 constitit?
2856 1923 2959 1981 An
3021 1920 3421 1999 planetarum
3486 1919 3674 1982 nullu

1374 1969 1419 2086 ljr
1809 2009 1961 2070 adeo
1992 2009 2165 2070 fortis
2196 2019 2312 2083 est,
2361 2010 2459 2089 qui
2488 2007 2623 2071 Soli
2667 2009 3103 2086 circumagenti
3135 2008 3423 2083 resistat,
3476 2026 3674 2070 omues

1370 2089 1403 2125 ἢ
1808 2097 2140 2169 vincuntur,
2190 2118 2399 2160 omnes
2445 2098 2802 2159 trahuntur:
2851 2098 3048 2160 solum
3085 2097 3200 2158 hoc
3239 2115 3474 2160 novum
3515 2097 3672 2159 sid-

1246 2185 1316 2229 Ε*
1808 2185 1967 2248 viam
2012 2186 2224 2248 didicit
2287 2188 2684 2260 contrariam,
2751 2187 2871 2249 vim
2935 2186 3224 2267 adeptum
3271 2196 3376 2248 est
3421 2195 3670 2260 tantan,

1801 2293 1920 2354 qua
1964 2274 2024 2335 vi
2073 2293 2307 2356 quaque
2353 2278 2455 2337 via
2501 2277 2619 2338 iter
2664 2275 2840 2350 illud,
2905 2294 3016 2355 per
3060 2274 3222 2356 quod
3289 2275 3668 2355 raptabatur,

944 2363 1247 2426 contrario
1293 2364 1429 2427 nisu
1476 2362 1792 2443 relegeret,
1843 2363 2047 2443 itaque
2084 2363 2228 2425 Sole
2276 2365 2445 2425 eluso
2490 2384 2600 2427 suo
2648 2365 2782 2427 loco
2827 2362 3240 2427 consisteret?
3291 2361 3504 2436 Quam
3533 2365 3668 2426 haee

944 2464 1088 2516 sunt
1133 2451 1551 2517 incredibilia?
1605 2471 1782 2531 quam
1828 2449 2318 2531 ἀπαιτιολογηταὲ
2381 2454 2466 2515 Et
2510 2464 2715 2516 tamen
2761 2464 2991 2515 certum
3039 2462 3165 2528 est,
3216 2472 3300 2513 ex
3344 2451 3666 2515 immobili·

943 2550 1077 2604 tate
1142 2542 1362 2604 sideris
1421 2541 1741 2622 apparenti
1805 2550 1913 2602 aut
1956 2542 2043 2602 sic
2091 2544 2455 2604 translatum
2512 2562 2630 2605 non
2687 2562 2824 2604 esse
2871 2544 2950 2604 ad
2996 2542 3413 2604 imitationem
3477 2553 3666 2604 motu

942 2628 1109 2694 Solis
1156 2631 1374 2706 annui,
1435 2639 1545 2691 aut
1609 2629 2069 2692 translationem
2118 2630 2274 2692 hanc
2324 2633 2379 2692 in
2426 2642 2602 2693 tanta
2665 2630 2986 2694 altitudine
3054 2640 3356 2711 tantaque
3426 2631 3666 2693 fixarum

943 2719 1339 2799 amplitudine
1404 2718 1755 2797 contigisse,
1822 2727 1889 2780 ut
1935 2718 1992 2780 in
2041 2739 2117 2780 ea
2161 2729 2300 2781 tota
2345 2718 2508 2783 Solis
2574 2721 2775 2782 orbita
2833 2739 2949 2782 non
2999 2716 3063 2781 2¹
3109 2739 3324 2783 arcum
3379 2736 3662 2800 occupare

938 2808 1157 2888 possit.
1248 2808 1379 2869 Hoc
1424 2824 1570 2867 vero
1604 2808 1734 2886 jam
1782 2816 2079 2888 repugnat
2125 2807 2561 2888 hypothesibus
2608 2808 2754 2871 dicti
2801 2810 3096 2884 auctoris,
3148 2819 3218 2870 ut
3266 2808 3374 2891 qui
3421 2809 3661 2871 fixarum

942 2895 1240 2977 sphaerae
1309 2896 1606 2959 diametro
1682 2895 1892 2958 tribuit
1951 2915 2068 2959 non
2145 2899 2282 2977 plus
2364 2894 2579 2961 14000
2643 2898 3228 2960 semidiametrorum
3301 2898 3534 2961 Terrae
3591 2894 3662 2958 ad

942 3003 1258 3047 summum.
1337 2987 1429 3047 At
1473 2984 1525 3047 si
1573 2984 1628 3046 in
1660 2983 1951 3047 Saturnia
1998 2985 2239 3065 regione
2286 2985 2609 3049 translatio
2656 2986 2992 3065 hujusmodi
3039 2986 3263 3048 sideris
3313 2989 3390 3059 (a
3434 2984 3661 3067 proprio

940 3083 1109 3135 motu
1157 3074 1312 3136 alias
1360 3073 1671 3147 immunis)
1719 3074 2104 3153 contigisset,
2165 3074 2405 3136 omuino
2452 3075 2531 3136 ad
2584 3072 2699 3138 12⁰
2746 3076 2994 3137 fecisset
3038 3085 3243 3137 motus
3289 3094 3406 3155 per
3451 3072 3661 3137 YZFK

944 3163 1386 3243 apparentiam.
1479 3161 1669 3242 Finge
1732 3181 1985 3242 namque
2044 3180 2251 3223 verum
2317 3164 2444 3243 ejus
2512 3165 2734 3227 locum-
2767 3166 2951 3225 fuisse
3001 3164 3059 3225 in
3113 3158 3232 3226 18⁰
3280 3170 3345 3237 ,ἒ
3395 3164 3558 3225 linea
3593 3178 3664 3223 ex

940 3249 1087 3313 Sole
1133 3270 1242 3331 per
1288 3252 1459 3314 sidus
1504 3250 1752 3325 educta,
1820 3250 1997 3332 inque
2045 3250 2158 3311 hac
2217 3253 2424 3313 mobili
2481 3253 2643 3315 linea
2704 3253 2980 3314 haesisse
3039 3252 3453 3314 immobilem:
3509 3257 3662 3314 certo

943 3340 1220 3420 equidem
1267 3341 1428 3402 linea
1470 3340 1585 3402 hac
1632 3360 1752 3400 una
1797 3358 1930 3400 cum
1977 3340 2177 3402 sidere
2224 3341 2303 3402 ad
2352 3350 2578 3403 motum
2617 3341 2781 3404 Solis
2830 3343 3151 3414 translata,
3200 3342 3380 3404 sidus
3421 3337 3664 3403 Octobri

938 3446 1147 3491 meuse
1194 3430 1579 3509 apparuisset
1624 3429 1681 3489 in
1739 3423 1854 3490 12⁰
1899 3434 1959 3500 ,ἶ
2006 3429 2235 3506 (posito
2284 3431 2441 3508 quod
2488 3431 2739 3492 fixarum
2786 3431 3049 3511 sphaera
3105 3430 3325 3492 statim
3384 3429 3662 3494 succedat

941 3515 1259 3592 Saturno),
1314 3538 1518 3579 mense
1563 3515 1746 3578 Junio
1813 3518 1953 3577 anni
2008 3513 2193 3579 1605.
2246 3517 2304 3578 in
2355 3514 2476 3581 24⁰
2522 3526 2581 3592 ,ἰ
2627 3520 2884 3582 circiter.
2975 3520 3193 3599 Itaque
3261 3528 3333 3581 ut
3399 3518 3660 3582 immunis

941 3606 1019 3668 ab
1068 3608 1226 3668 omni
1294 3618 1588 3669 extranea
1645 3624 1753 3684 per
1811 3604 2015 3667 Solem
2085 3606 2247 3667 sacta
2311 3610 2654 3688 raptatione
2716 3609 3049 3670 consistere
3113 3618 3371 3688 posset,
3435 3607 3660 3671 omniuo

947 3715 1196 3758 necesse
1244 3697 1358 3758 fuit
1403 3696 1589 3759 altius
1637 3714 1675 3755 a
1721 3693 1984 3756 Saturno
2033 3696 2355 3767 elevatum,
2404 3698 2561 3759 inter
2607 3698 2775 3778 ipsas
2822 3699 2974 3759 fixas
3022 3698 3212 3759 fuisse
3259 3697 3562 3769 abditum.
3602 3702 3662 3757 ut

943 3784 1054 3847 illa
1103 3795 1230 3847 tarn
1279 3803 1599 3847 numerosa
1659 3784 1955 3846 societate
2020 3785 2330 3846 suffultum
2404 3795 2578 3847 tanto
2636 3787 2871 3849 facilius
2919 3785 3051 3848 Soli
3099 3787 3471 3850 vecturienti
3517 3783 3657 3849 resi-

944 3884 1108 3936 stere
1169 3883 1401 3954 posset.
1496 3874 1654 3940 Nam
1717 3874 1978 3952 sphaera
2044 3874 2192 3935 haec
2253 3874 2503 3954 ejusque
2565 3876 2765 3938 lucida
2829 3895 3083 3956 corpora
3144 3875 3309 3954 apud
3368 3875 3658 3938 Braheum

939 3960 1105 4025 Solis
1173 3963 1371 4025 isthoc
1438 3962 1498 4024 in
1564 3982 1700 4024 sese
1763 3962 2074 4041 imperium
2140 3982 2254 4023 non
2323 3975 2679 4043 agnoscunt.
2754 3966 2916 4026 Vide
2971 3965 3302 4044 Progymn.
3370 3962 3657 4047 Tychonis

941 4051 1164 4126 Brahe,
1215 4052 1319 4114 fol.
1369 4047 1501 4114 406
1550 4060 1613 4113 et
1656 4047 1787 4113 437
1836 4069 1968 4111 cum
2015 4070 2180 4130 seqq.
2271 4052 2477 4132 Atque
2528 4053 2676 4115 haec
2724 4053 2798 4115 de
2847 4053 3399 4116 immobilitate.

1117 4139 1404 4221 Sequitur
1452 4140 1524 4202 de
1575 4139 1868 4213 lumine,
1937 4141 2103 4219 cujus
2157 4140 2409 4202 claritas
2475 4151 2540 4204 et
2584 4143 2937 4204 scintillatio
2983 4142 3383 4222 rapidissima
3429 4142 3654 4205 stellam

939 4227 1096 4290 hanc
1140 4229 1279 4290 fixis
1325 4229 1563 4292 omnino
1611 4227 1974 4290 simillimam
2023 4228 2184 4289 feeit.
2277 4229 2519 4292 Etenim
2567 4232 2775 4293 tritum
2813 4241 2909 4293 est
2937 4231 3012 4293 ab
3041 4231 3385 4293 Aristotele
3435 4232 3653 4295 axioma

940 4316 1082 4393 hoc,
1148 4317 1645 4380 scintillationem
1711 4317 1868 4378 inter
1932 4326 2204 4378 errantes
2268 4327 2333 4380 et
2396 4319 2728 4382 immobiles
2785 4321 3033 4392 stellas,
3096 4339 3253 4400 quae
3320 4321 3384 4382 in
3453 4331 3653 4384 octava

934 4408 1196 4487 sphaera
1241 4407 1511 4480 haerent,
1563 4407 1952 4485 distinguere.
2045 4406 2182 4467 Etsi
2231 4408 2389 4469 enim
2436 4428 2544 4469 sua
2592 4411 2779 4472 Marti
2826 4410 3183 4472 scintillatio
3232 4416 3302 4471 et
3345 4409 3650 4480 Mercurio.

933 4514 1045 4558 nec
1091 4496 1348 4558 obscura
1393 4505 1458 4558 et
1503 4495 1727 4558 Veneri
1741 4514 1760 4568 ;
1809 4495 2012 4556 nescio
2059 4504 2281 4571 tamen,
2333 4516 2446 4577 quo
2493 4508 2672 4576 pacto
2721 4500 2962 4560 diversa
3006 4507 3105 4560 est
3150 4519 3188 4559 a
3234 4497 3651 4562 scintillatione

934 4584 1217 4659 fixarum3
1267 4584 1434 4646 lenta
1479 4585 1757 4646 nimirum
1805 4591 1867 4644 et
1913 4584 2146 4664 magnis
2194 4585 2532 4647 intervallis
2579 4589 2956 4649 continuata:
3018 4607 3153 4649 cum
3196 4586 3466 4650 fixarum
3507 4587 3651 4650 sciu-

934 4674 1160 4736 tillatio
1208 4674 1469 4754 abrupta
1514 4682 1578 4734 et
1638 4672 2023 4753 rapidissima
2080 4674 2554 4753 reciprocatione
2611 4676 2806 4739 visum
2867 4677 3226 4750 confundat,
3296 4676 3428 4739 alia.
3490 4677 3652 4740 alian

891 4762 1222 4824 'obruente
1272 4762 1673 4824 exundatione
1721 4762 2039 4824 radiorum.
2117 4760 2386 4832 Quarum
2432 4766 2684 4827 fixarum
2730 4785 2863 4827 cum
2909 4765 3075 4827 nulla
3119 4765 3221 4840 sit,
3273 4786 3460 4847 quam
3495 4767 3651 4831 Non

934 4849 1085 4912 haec
1133 4868 1249 4911 non
1297 4851 1675 4931 superaverit
1720 4859 1846 4912 tam
1893 4852 2156 4931 puritate
2224 4852 2463 4915 luminis
2530 4874 2703 4935 quam
2764 4854 3163 4916 scintillarum
3228 4856 3651 4936 promieatione

933 4938 1349 5018 rapidissima,
1398 4938 1546 5001 nihil
1593 4946 1692 5000 est
1736 4958 1841 5001 cur
1886 4940 2170 5021 physicus
2217 4941 2278 5001 in
2323 4941 2649 5005 Aristoteli
2695 4944 2907 5005 schola
2963 4942 3178 5005 doctus
3227 4945 3308 5006 de
3359 4943 3497 5020 loco
3539 4944 3651 5023 ejus

935 5044 1067 5091 curn
1115 5027 1315 5090 stellis
1360 5028 1494 5090 fixis
1542 5028 1835 5089 communi
1882 5029 2159 5092 dubitare
2204 5039 2445 5110 pergat.
