4584 6192
904 631 911 638 .
931 586 963 638 ds
980 586 1054 640 rebus
1072 582 1177 650 Opticir.
1699 588 1739 658 13

374 762 463 827 sednlo;
483 761 568 827 plura
586 777 615 812 n.
634 777 685 812 uon
705 774 810 826 possum.
847 760 903 811 Non
923 766 1007 812 ιιιιιι
1026 760 1111 810 dubito
1135 763 1194 826 quin
1214 760 1328 811 clementi
1348 762 1417 813 rultn
1437 761 1505 813 Deus
1524 772 1564 823 te,
1592 782 1663 817 snum
1682 783 1741 818 con-

376 843 474 884 stantem
494 834 611 882 militem
631 842 657 883 et
675 848 732 882 rere
750 838 899 893 martyrem,
916 834 948 881 sit
966 837 1129 894 respecturus.

455 904 536 964 Quod
558 905 591 953 de
611 906 698 967 eclipsi
718 900 749 961 Q
770 905 866 955 scribis.
887 917 918 952 ea
936 904 1019 951 omnia
1038 901 1128 951 dudum
1148 902 1379 963 animadverteram,
1401 904 1516 954 uidelicet
1533 907 1597 970 quod
1617 907 1656 956 lux
1676 910 1740 958 redli

377 977 470 1039 ampliet
491 972 527 1034 Q
551 983 580 1023 et
598 978 697 1023 minuat
716 967 743 1037 D
763 973 918 1023 diametrum.
947 974 1038 1022 Verum
1056 974 1077 1020 si
1090 987 1223 1022 scenasen
1237 975 1413 1023 observationis
1432 975 1500 1024 locus
1518 979 1551 1025 sit
1564 978 1667 1041 amplior
1685 982 1739 1035 feu·

376 1048 475 1110 jusmodi
497 1046 587 1095 locum
606 1048 632 1094 iu
651 1052 736 1095 nostro
753 1045 844 1108 templo
863 1060 917 1095 esse
938 1042 1029 1103 nosti),
1049 1045 1095 1091 -isti
1115 1045 1290 1107 impedimento
1313 1048 1411 1109 egregie
1430 1049 1581 1110 prospicitur.
1618 1050 1739 1099 Foramen

379 1135 400 1168 u.
417 1119 515 1167 factum
534 1132 614 1179 quarn
633 1116 685 1165 fieri
704 1122 786 1180 potest
810 1117 937 1164 minimum
957 1113 1015 1176 (uec
1031 1129 1092 1177 opus
1112 1124 1164 1168 est.
1190 1130 1243 1163 esse
1262 1125 1379 1178 punctum
1398 1115 1613 1179 mathematicum)
1634 1121 1741 1171 excludit

380 1202 472 1237 ornnem
493 1188 692 1237 sensibilitatem
707 1187 738 1235 ιι
751 1186 903 1235 distantiam.
930 1186 1003 1235 lbiu.
1017 1192 1234 1234 cornuaextrema
1254 1182 1285 1245 Q
1306 1188 1447 1236 acutissime
1461 1196 1601 1237 cernuntur.
1627 1189 1670 1240 Sin
1684 1206 1740 1240 rero

379 1259 487 1308 toramen
512 1258 590 1306 fuerit
619 1257 772 1321 aliquantum
800 1259 894 1319 majus.
923 1263 1008 1320 utpote
1027 1255 1146 1303 dimidiati
1168 1256 1237 1319 digiti
1257 1256 1294 1305 rel
1318 1258 1383 1305 ultra
1401 1258 1610 1308 semidiametrum
1629 1262 1666 1309 rel
1686 1263 1739 1310 dia-

379 1338 480 1378 metrum
497 1327 591 1390 hujus:
610 1328 639 1376 fit
657 1330 764 1382 omniun.
784 1336 812 1375 ut
830 1328 913 1376 radius
931 1328 1038 1390 undique
1057 1327 1199 1388 amplietur,
1221 1335 1247 1373 ιι
1269 1341 1361 1377 ιοιιιι
1378 1327 1442 1376 finnt
1460 1329 1557 1378 obtusa.
1585 1330 1660 1394 ldque
1683 1347 1736 1380 cer·

380 1401 498 1449 ιιιιιιιιιιιι
519 1405 696 1463 ιιςιιιιιιιιιι
715 1406 766 1451 ιιι.
786 1398 981 1447 observationem
995 1397 1112 1457 ejusmodi
1127 1411 1181 1445 esse
1200 1396 1330 1453 fallacem
1351 1398 1410 1446 aber
1422 1399 1507 1448 dorten
1520 1402 1585 1463 gibts
1599 1402 1639 1450 die
1653 1402 1737 1465 Spitze

380 1486 404 1519 so
420 1470 538 1533 scharpf‚
567 1469 613 1519 das
633 1483 659 1518 es
678 1470 723 1517 vol
743 1470 933 1518 aureruunderu
951 1471 991 1517 ist.
1029 1468 1061 1515 Et
1079 1468 1176 1530 quidem
1196 1470 1220 1516 in
1240 1469 1358 1530 ejusmodi
1378 1470 1584 1520 observationibus
1604 1472 1735 1537 aliquoties

379 1540 530 1605 deprehendi
548 1540 696 1589 diametrum
716 1533 742 1602 ἰ
762 1540 895 1593 minorem.
915 1554 990 1603 quarn
1008 1537 1143 1586 secuudum
1161 1538 1283 1588 calculum
1303 1553 1356 1588 esse
1375 1539 1489 1590 debebat.
1599 1531 1605 1540 ’

467 1610 587 1660 Proxima
605 1610 690 1674 eclipsi
709 1609 804 1659 coelum
823 1611 893 1657 uobis
912 1611 993 1659 denno
1012 1610 1059 1656 fuit
1077 1608 1215 1657 adversum.
1253 1610 1314 1658 Erat
1331 1609 1508 1667 mitissimus,
1529 1612 1561 1660 ad
1580 1614 1633 1673 ejus
1653 1613 1736 1663 obser·

381 1684 506 1732 moenem
525 1696 612 1731 omnes
630 1695 698 1730 meos
718 1682 841 1729 auditores
860 1681 989 1730 aduncare.
1018 1678 1066 1728 Sed
1086 1679 1182 1729 coelum
1201 1679 1310 1728 nubilum
1329 1681 1433 1730 obstitit.
1452 1681 1558 1731 Paratus
1571 1683 1604 1732 ιι
1622 1682 1738 1735 observa·

381 1754 472 1802 tionem
492 1754 603 1808 accessi,
632 1767 716 1801 rerum
734 1766 781 1801 nec
800 1753 896 1799 initium
915 1766 961 1801 uec
979 1752 1053 1799 finem
1072 1751 1134 1806 vidi3
1162 1752 1307 1800 intermedio
1332 1757 1441 1815 tempore
1459 1753 1534 1801 semel
1554 1759 1629 1817 atque
1647 1756 1736 1804 iterum

383 1824 491 1874 dabatur
515 1821 586 1872 locus
613 1822 726 1877 ridendi.
755 1829 782 1872 ιι
800 1824 838 1870 ιιι
857 1823 955 1872 ridendi
974 1821 1050 1876 Solis,
1078 1822 1130 1884 ipse
1148 1837 1173 1870 n.
1194 1822 1322 1871 confertim
1345 1836 1373 1871 se
1398 1823 1513 1872 subduxit
1535 1824 1638 1873 nubibus
1657 1826 1738 1876 denuo

382 1893 511 1950 conditus,
531 1892 595 1942 adeo
612 1898 642 1941 ut
659 1907 785 1957 nunqnam
804 1892 840 1941 rel
860 1894 993 1942 diametros
1014 1888 1045 1951 Q
1066 1897 1092 1940 et
1110 1884 1151 1954 ),
1172 1898 1219 1941 n'ec
1237 1892 1327 1956 digitos
1341 1891 1484 1944 deficientes
1503 1901 1590 1944 notare
1607 1898 1736 1959 potuerim.

380 1964 491 2016 Unicum
509 1963 557 2013 hoc
576 1966 670 2027 excepi,
690 1964 754 2027 quod
772 1963 914 2012 notabiliter
930 1964 997 2012 ultra
1014 1961 1140 2010 dimidium
1161 1959 1193 2022 Q
1213 1963 1311 2012 defecit

468 2035 550 2084 Priori
567 2036 706 2099 quaestioni
724 2034 791 2085 istud
809 2034 882 2083 sodo.
918 2033 1054 2097 Propositio
1074 2033 1097 2081 5.
1117 2033 1171 2082 libri
1190 2034 1209 2081 l.
1224 2032 1325 2097 Optices
1343 2034 1451 2098 vulgaris
1469 2050 1533 2099 qnae
1552 2044 1591 2085 est
1606 2051 1675 2100 prop.
1695 2035 1739 2087 aa.

382 2107 421 2156 lib.
432 2105 469 2155 ll.
490 2104 593 2162 vireu„
611 2107 632 2154 si
651 2119 737 2155 crassa
754 2106 942 2161 sitebserratio.
961 2118 1020 2155 vera
1038 2111 1084 2154 est
1111 2103 1204 2153 Verum
1217 2106 1238 2152 si
1250 2119 1282 2153 eu
1294 2117 1344 2168 qua
1355 2120 1401 2168 par
1413 2113 1452 2154 est
1464 2106 1593 2171 diligentia
1612 2110 1739 2158 examina·

382 2186 431 2234 tur,
460 2190 513 2226 uon
542 2176 687 2239 simpliciter
711 2191 793 2226 reram
814 2190 868 2224 esse
886 2176 980 2239 aliquot
997 2174 1104 2238 pluribus
1124 2175 1334 2224 obseruationibus
1353 2175 1510 2239 deprehendi.
1548 2176 1660 2228 Circulos
1676 2194 1740 2230 saue

384 2254 486 2312 apparet
506 2245 618 2310 (oportet
636 2254 720 2296 ιιιιιι
738 2248 803 2296 inter
820 2246 931 2295 foramen
955 2252 981 2295 et
999 2245 1094 2294 radium
1113 2252 1244 2308 exceptum
1264 2247 1416 2308 aliquantam
1434 2260 1489 2295 esse
1508 2247 1660 2308 distantiam,
1680 2250 1740 2299 alio·

381 2320 419 2383 ιιι
436 2317 565 2368 radiorum
583 2332 634 2365 non
653 2318 760 2368 omnium
779 2317 850 2366 fieret
868 2317 993 2366 conversio
1013 2317 1038 2365 in
1051 2313 1215 2379 oppositum),
1245 2323 1272 2365 ιι
1290 2315 1395 2365 eirculm
1412 2316 1455 2365 ille
1476 2318 1611 2367 secuudum
1630 2320 1741 2370 foramen

384 2389 503 2455 angulare
521 2387 553 2438 ht
569 2388 700 2452 gibbosus,
720 2395 747 2438 et
764 2387 883 2438 ιιιιιιιιι
900 2389 926 2437 in
944 2386 1039 2437 tabella
1056 2388 1170 2450 opposita
1182 2387 1329 2450 descriptum
1343 2387 1448 2436 excedit
1473 2387 1534 2437 lude
1547 2403 1605 2453 ergo
1624 2403 1671 2440 sua
1689 2406 1739 2441 ser·

385 2471 442 2510 rata
459 2461 560 2509 ιιιιοιι
578 2458 756 2523 magnitudinis
774 2460 874 2521 majoris
892 2458 1019 2507 foraminis
1038 2459 1114 2506 etiam
1133 2458 1230 2507 rotundi
1248 2457 1305 2506 talis
1315 2456 1427 2520 deceptio
1446 2459 1470 2506 in
1490 2459 1575 2523 eclipsi
1588 2460 1668 2510 Solari
1680 2476 1739 2527 quo·

344 2543 346 2558 ¹
385 2546 428 2596 que
446 2532 595 2595 confingere
611 2535 708 2593 potest;
736 2534 899 2594 praecavetur
918 2536 1002 2579 antem
1020 2528 1151 2578 minutiore
1170 2530 1288 2578 foramine
1311 2542 1387 2592 eoque
1414 2536 1521 2589 remoto,
1548 2532 1579 2581 ibi
1602 2547 1627 2581 n.
1647 2545 1741 2583 comus

386 2608 433 2651 tam
451 2607 532 2650 acuta
550 2600 629 2656 finnt,
648 2606 677 2649 ut
695 2599 726 2649 de
744 2599 810 2649 nullo
829 2614 909 2649 errore
928 2599 1035 2648 sensibili
1055 2601 1162 2662 supersit
1180 2600 1295 2661 suspicio.

469 2670 545 2731 Quae
561 2671 727 2733 superioribus
744 2671 830 2720 diebus
849 2671 879 2719 de
898 2670 1007 2734 epistolis
1025 2671 1087 2719 meis
1097 2669 1252 2733 publicandis
1270 2668 1396 2733 scripsisti,
1417 2670 1517 2720 obsecm
1530 2686 1562 2723 ne
1574 2672 1662 2721 facias.
1689 2674 1740 2723 Eas

385 2744 515 2792 manicas
533 2741 568 2791 ιι
586 2743 693 2791 amicum
711 2742 808 2805 scripsi,
828 2755 933 2806 eumque
951 2755 1001 2790 non
1014 2741 1112 2790 demum
1130 2756 1174 2804 per
1191 2748 1290 2789 mutuas
1308 2741 1393 2790 literas
1411 2743 1573 2805 acquisitum,
1591 2745 1662 2808 quasi
1680 2752 1740 2795 ante

386 2817 482 2879 ignotus
500 2813 595 2862 fuisset
636 2810 730 2874 Quodsi
748 2813 866 2878 cogitatio
886 2814 996 2861 animum
1008 2825 1090 2861 meum
1108 2825 1217 2876 unquam
1231 2811 1360 2867 subiisset,
1381 2825 1424 2860 eas
1437 2812 1740 2877 aliquandopublicaudas

388 2887 451 2941 fore,
469 2881 548 2932 multo
568 2883 768 2947 circumspectius
786 2884 945 2946 scripsissem.
985 2881 1056 2942 Quae
1075 2883 1122 2931 isto
1140 2883 1213 2932 modo
1230 2885 1301 2945 Juxta
1319 2882 1443 2931 dictamen
1461 2897 1559 2946 pennae
1577 2887 1669 2948 scripta
1687 2887 1739 2936 fue·

387 2962 453 3011 runt,
485 2969 536 3003 nou
555 2968 581 3002 n.
599 2953 633 3003 ιι
651 2954 727 3013 alios,
755 2952 800 3003 sed
819 2953 852 3002 ad
869 2960 895 3003 ts
913 2954 1010 3016 scripsi.
1035 2954 1076 3017 qui
1097 2967 1164 3003 esses
1183 2953 1303 3002 candidus
1322 2954 1429 3001 omnium
1448 2954 1574 3003 verborum
1592 2958 1668 3005 etiam
1686 2958 1741 3006 rudi

386 3024 495 3075 llinersa
513 3025 659 3088 scriptorum
679 3026 817 3087 interpres;
836 3026 897 3073 satis
909 3024 969 3073 milri
990 3024 1053 3081 fuit,
1073 3032 1098 3073 te
1112 3026 1221 3073 animum
1233 3038 1315 3072 meum
1328 3023 1475 3087 intelligere,
1494 3031 1551 3073 utut
1563 3028 1637 3076 rerba
1648 3028 1741 3090 scripta

387 3104 474 3147 ιιιιιιι.
511 3094 695 3145 anetensem
714 3102 770 3151 est.
796 3096 817 3144 ιι
836 3097 903 3145 intra
922 3097 1030 3165 parietes
1047 3096 1131 3145 mundi
1151 3109 1225 3159 quam
1244 3095 1317 3143 amici
1336 3096 1423 3157 privati
1441 3095 1589 3159 loquendum
1607 3100 1648 3147 sit.
1685 3097 1740 3148 Neo

388 3183 429 3232 ago
446 3166 578 3216 eonsilium
596 3180 679 3216 eorum
698 3166 787 3231 probo,
807 3168 847 3230 qui
866 3173 918 3215 tam
936 3166 1022 3216 faciles
1041 3167 1142 3215 suntin
1162 3166 1296 3214 amicorum
1318 3168 1481 3228 privatorum,
1509 3167 1541 3217 de
1559 3170 1660 3231 privatis
1678 3172 1738 3218 scri-

387 3239 506 3294 bendum,
525 3238 602 3287 literis
620 3237 784 3300 publicandis.
823 3237 864 3286 lta
881 3252 928 3286 nec
947 3236 991 3285 tibi
1010 3252 1062 3285 rem
1081 3243 1180 3302 gratam
1197 3250 1237 3285 me
1256 3236 1379 3285 facturum
1399 3235 1485 3297 credo,
1504 3238 1524 3285 si
1543 3243 1600 3287 tuas
1619 3239 1737 3303 epistolas

387 3306 418 3368 (iu
435 3309 523 3373 quibua
542 3308 665 3357 interdum
684 3322 767 3357 eornm
786 3307 815 3356 fit
831 3309 940 3367 mentio,
961 3323 982 3356 ι.
996 3322 1021 3372 g.
1035 3323 1094 3372 quos
1114 3315 1241 3369 suspectos
1259 3305 1381 3364 habuisti,
1401 3308 1471 3370 qnasi
1490 3321 1550 3370 opus
1569 3317 1638 3359 tunm
1657 3317 1736 3361 astro·

385 3382 500 3429 nomicum
520 3379 586 3443 apud
604 3385 715 3428 nostrum
734 3380 869 3442 prinoipem
887 3379 1058 3442 impedirerint
1076 3374 1134 3436 ee.)
1153 3378 1267 3427 similiter
1285 3377 1444 3440 publicarem.

466 3450 537 3514 Ego.
557 3458 586 3498 ut
604 3450 636 3500 de
654 3451 716 3499 meis
734 3451 834 3513 privatis
852 3450 925 3500 rebus
939 3450 1059 3506 scribam,
1079 3451 1105 3498 in
1123 3451 1232 3498 maxime
1244 3448 1313 3497 luctu
1325 3445 1394 3510 (rere
1406 3446 1535 3510 Heraleid)
1547 3463 1637 3500 sersor.
1663 3452 1741 3501 Filius

387 3536 457 3577 usu.
477 3536 552 3586 quam
569 3519 697 3584 hucusque
716 3520 833 3577 educari,
851 3521 960 3577 institui.
978 3535 1058 3570 mores
1077 3523 1130 3583 ejus
1149 3521 1251 3569 formari
1270 3533 1301 3569 au
1323 3520 1489 3569 exorbitantes
1511 3519 1598 3570 sedulo
1611 3523 1741 3574 emendari

388 3601 410 3641 et
423 3592 514 3655 judicio
534 3594 588 3653 eius
605 3594 658 3654 jam
677 3591 745 3641 facto
764 3590 885 3640 adultiore
904 3593 928 3640 iu
948 3593 989 3641 ιιι
1007 3597 1077 3641 recta
1094 3590 1267 3641 confirmatum
1285 3592 1394 3654 sperari,
1414 3592 1434 3640 ir
1454 3590 1550 3641 occulto
1569 3594 1676 3657 quaein
1694 3596 1740 3643 ιιι-

385 3663 513 3714 ιιιιιιιιιι
531 3662 666 3727 aliquando
685 3664 751 3728 agit.
770 3677 836 3712 nnnc
855 3664 881 3711 iu
899 3663 1033 3724 majoribus
1052 3662 1221 3717 sustinuerim
1240 3676 1315 3726 reque
1334 3662 1476 3725 patefacta,
1496 3662 1652 3713 cumdolore
1671 3664 1738 3715 ride-

387 3734 467 3790 tur.
485 3734 613 3799 grandiori
632 3732 728 3783 scelere
746 3732 914 3783 accumulavit
931 3740 958 3782 et
975 3734 1091 3798 perfugit.
1128 3732 1187 3782 Jam
1206 3732 1249 3781 nbi
1267 3734 1404 3789 sitnescio‚
1422 3732 1539 3797 profugus
1558 3740 1605 3791 est,
1624 3734 1678 3784 exul
1692 3742 1738 3791 est.

386 3806 409 3853 ιι
425 3811 585 3868 compecmm
602 3817 686 3854 meum
703 3818 849 3869 errorumque
868 3804 947 3854 redire
966 3812 993 3855 et
1009 3804 1108 3867 prodire
1126 3818 1176 3852 non
1196 3803 1280 3854 audet.
1318 3803 1422 3853 Utinam
1438 3803 1499 3852 mihi
1527 3806 1582 3868 quis
1599 3807 1739 3860 nunciaret.

386 3878 458 3938 ipsum
475 3878 516 3939 pie
536 3875 682 3925 defunctum
701 3880 727 3924 et
743 3874 876 3924 honorifice
895 3874 1018 3938 sepultum
1037 3888 1100 3924 esse.
1139 3874 1240 3922 iuterim
1259 3888 1305 3939 ego
1324 3874 1374 3923 filio
1399 3888 1485 3931 careo,
1513 3875 1628 3925 baculum
1650 3890 1737 3925 senec·

386 3948 523 3996 mtismeae
536 3946 616 3995 amisi.
643 3944 796 4008 Respublica
810 3946 888 3995 civem
907 3947 999 4001 amisit,
1017 3946 1113 3994 ιιιιιιι
1131 3943 1220 3993 haeres
1240 3952 1359 3994 aeternae
1377 3953 1496 4002 maneat,
1514 3960 1602 4009 meum
1619 3960 1738 4009 sumque

388 4024 460 4065 tutam
479 4018 655 4082 cognationem
675 4031 724 4065 non
745 4016 828 4079 aliqua
848 4032 873 4065 re
891 4017 1002 4066 infamet.
1029 4015 1084 4075 Quo
1103 4017 1252 4075 animuum,
1271 4023 1342 4078 potes
1356 4017 1486 4077 conjicere.
1523 4016 1590 4066 Vere
1608 4017 1671 4075 dico,
1691 4030 1738 4082 ego

387 4089 420 4136 ιιι
435 4102 495 4151 prae
513 4087 640 4137 moestitia
657 4086 723 4151 apnd
742 4101 782 4136 me
799 4100 862 4136 ιιιιι.
883 4087 951 4136 Deus
970 4086 1084 4149 adjuret!

469 4159 534 4208 Vale
554 4154 654 4221 optime.
691 4160 782 4208 Actum
800 4158 879 4209 veloci
897 4158 994 4210 calamo
1014 4155 1038 4206 9.
1054 4153 1124 4218 (ιι.)
1143 4155 1200 4207 Oct.
1216 4153 1292 4206 1600.
1430 4210 1441 4219 ,

1436 4296 1472 4347 M.
1491 4298 1526 4347 tt.
1546 4295 1583 4347 ll.

468 4458 614 4522 inscriptio:
643 4456 798 4518 Clarissimo,
826 4460 921 4521 pietate
940 4464 966 4507 et
984 4457 1074 4521 insigni
1093 4456 1230 4505 eruditione
1249 4457 1337 4505 eximio
1355 4455 1428 4512 Viro,
1454 4456 1486 4505 D.
1505 4455 1541 4506 ιι.
1560 4456 1584 4506 J.
1605 4456 1738 4523 Kspplero.

386 4529 563 4581 llathematico
582 4530 742 4593 peritissimo,
767 4533 868 4594 ejusque
886 4531 911 4579 in
926 4528 1011 4579 schola
1030 4527 1175 4579 (iraetnensi
1194 4527 1327 4577 Professori
1346 4528 1504 4577 celeberrimo
1522 4526 1566 4578 ae.
1587 4527 1694 4579 Domino
1713 4537 1739 4579 et

385 4603 465 4652 Amico
482 4616 528 4651 sno
547 4599 700 4650 honorando.

468 4672 643 4736 Suspicionem
661 4686 735 4738 qnam
754 4672 846 4736 profert
857 4670 1005 4721 Maestlinus
1020 4671 1067 4729 „de
1080 4669 1158 4718 literis
1170 4669 1221 4717 ιιιι
1234 4668 1405 4731 publicandis“
1420 4668 1522 4718 firmiter
1539 4669 1633 4719 refutat
1644 4668 1738 4734 Κοριο-

385 4758 434 4801 rus,
460 4743 544 4809 neum
567 4744 645 4807 ipsius
669 4743 757 4793 literae
776 4756 837 4806 quas
855 4744 908 4792 siue
927 4742 1000 4790 dubio
1018 4746 1117 4805 spectat
1135 4739 1284 4790 Messalinus
1302 4737 1339 4802 (ι’.
1360 4736 1562 4803 astipuletur)
1581 4740 1658 4789 ullum
1681 4741 1738 4789 huic

384 4814 512 4879 aspiciam
530 4814 615 4863 locum
633 4814 755 4877 praebent
768 4809 864 4876 (Comp.
884 4811 940 4861 Vol.
954 4812 974 4861 l.
994 4828 1017 4875 p.
1032 4810 1074 4861 bf.
1089 4808 1145 4871 bb).
1184 4810 1250 4871 Quid
1267 4810 1316 4859 filio
1329 4810 1456 4861 Maestliui
1475 4812 1594 4862 acciderit
1605 4813 1737 4861 nescimus.

384 4882 409 4934 ln
425 4886 501 4936 liteds
521 4885 555 4935 ad
569 4884 728 4934 Hervmtnm
747 4884 812 4933 datis
830 4879 1188 4946 (12.Jau.160³)1{sptems
1206 4881 1241 4929 illi
1259 4883 1373 4931 nunciat:
1392 4881 1421 4930 ln
1440 4881 1631 4932 melancholiam
1643 4881 1737 4933 Maest-

382 4954 440 5007 liuus
457 4956 548 5006 incidit
566 4955 599 5005 ob
617 4954 704 5020 fugam
722 4955 778 5012 tilii,
797 4969 870 5019 qnam
889 4957 961 5016 ajunt
979 4953 1069 5002 alicubi
1089 4951 1154 5016 apud
1172 4952 1283 5001 Jesuitas
1302 4952 1409 5002 latitare.

464 5027 627 5092 Keplerus
646 5024 779 5077 Decembri
806 5026 866 5075 anni
885 5022 951 5074 tout
973 5022 1134 5075 Maestliunm
1162 5024 1251 5072 iterum
1270 5022 1346 5080 adiit,
1373 5030 1462 5088 petens
1488 5027 1517 5073 ut
1540 5023 1587 5088 ipsi
1612 5025 1737 5074 mitteret:

385 5115 474 5184 „quas
498 5108 533 5163 et
556 5104 642 5184 quot,
657 5097 787 5181 eclipses
811 5097 859 5160 vel
883 5096 1033 5161 invenerit
1055 5096 1086 5159 iu
1109 5095 1262 5196 veteribus
1291 5095 1340 5158 rel
1370 5096 1600 5177 computaverit.
1639 5094 1737 5194 data-
