4584 6192
558 569 626 636 533
1171 564 1298 627 nepum

557 747 653 809 multo
676 744 801 815 lumine;
834 743 943 803 debilis
966 761 1019 801 sen
1043 740 1185 810 obscura,
1220 759 1286 799 cum
1310 758 1359 799 res
1382 741 1502 802 ridetur
1524 744 1611 822 quasi
1635 744 1666 803 in
1691 744 1776 805 tenui
1801 745 1928 816 lumine,

558 836 648 917 quale
670 847 720 893 est
743 833 772 891 in
796 832 900 909 eclipsi
925 830 1004 890 Solis
1029 839 1081 888 ant
1106 829 1224 888 lucente
1249 829 1343 887 Luna.

649 922 732 983 LIX
780 920 1007 997 Propositio
1064 916 1244 994 Superticies
1278 918 1377 988 densi,
1413 938 1490 995 quae
1524 920 1688 997 parallelos
1724 940 1780 998 per
1811 941 1926 1000 corpus

559 1013 716 1072 venientes
739 1019 810 1087 post
832 1028 940 1087 corpus
964 1007 1144 1067 refractione
1172 1007 1252 1065 lacta
1277 1008 1410 1083 perfecte
1434 1026 1612 1068 concurrere
1633 1011 1717 1081 tacit,
1743 1021 1795 1068 est
1812 1011 1927 1089 hyper·

560 1101 676 1161 bolicae
701 1098 816 1156 adfinis.

648 1188 724 1247 Esto
747 1186 849 1245 circuli
873 1204 943 1261 pars
968 1180 1165 1243 Ancorjfo'
1190 1195 1292 1241 centro
1314 1183 1340 1240 H
1364 1197 1395 1240 et
1418 1183 1675 1260 perpendicularis
1691 1185 1751 1243 HD
1775 1187 1928 1263 producta

741 1337 756 1346 ,.
1012 1272 1259 1330 sitsutlieienter.
1298 1271 1430 1349 Eiusque
1449 1273 1587 1348 paralleli
1608 1273 1676 1345 Ra
1693 1274 1757 1346 PB,
1774 1273 1926 1346 mnf,

730 1336 783 1398 ¹¹⁸·
805 1334 846 1380 ¹¹¹
1016 1361 1082 1430 ru,
1108 1358 1179 1427 oo.

1103 1446 1219 1516 Quodsi
1252 1447 1448 1507 retractiones
1481 1467 1584 1507 omnes
1611 1461 1715 1508 essent
1739 1449 1926 1510 incidentiae

1016 1538 1272 1615 proportionales,
1307 1538 1486 1595 refractione
1521 1539 1602 1595 tacta
1643 1539 1785 1615 paralleli
1819 1556 1927 1598 omnes

1017 1629 1044 1684 in
1062 1627 1138 1684 idem
1154 1641 1294 1701 punctum
1310 1639 1527 1696 concurrerent,
1549 1640 1622 1703 puta
1641 1630 1670 1684 in
1688 1628 1701 1686 Ι
1716 1645 1772 1704 per
1787 1626 1927 1688 xm.

1017 1713 1078 1773 Sed
1109 1715 1179 1792 quia
1214 1735 1270 1773 non
1306 1727 1374 1772 suut
1405 1715 1643 1791 proportionales
1677 1734 1732 1792 per
1761 1716 1837 1775 XII.
1873 1716 1927 1775 sed

1017 1815 1163 1879 augentur
1187 1823 1276 1880 supra
1300 1804 1449 1861 modulum
1474 1803 1501 1860 in
1527 1804 1642 1879 magnis
1666 1804 1926 1877 inclinationibus,

822 1909 825 1916 ·
878 1913 886 1926 ·
962 1892 965 1895 ’
1017 1894 1142 1971 ideoque
1173 1890 1224 1951 LC
1258 1892 1376 1970 quidem
1408 1905 1438 1949 et
1466 1891 1521 1950 ΚΕ
1553 1905 1733 1952 concurrunt
1770 1894 1800 1952 in
1833 1894 1863 1964 Ι,
1896 1905 1928 1953 at

1016 1981 1142 2057 proximi
1176 1980 1226 2038 l'Il
1257 1993 1287 2038 et
1318 1981 1375 2039 Me*
1408 1993 1586 2039 concurrunt
1620 1981 1712 2040 altius
1750 1982 1780 2041 iu
1813 1982 1864 2053 N,
1897 1991 1928 2041 et

1019 2069 1175 2128 ulteriores
1200 2069 1267 2136 Ra,
1293 2067 1353 2137 QG
1379 2068 1475 2127 adhoc
1499 2070 1589 2127 altius
1614 2071 1644 2129 in
1669 2070 1707 2129 Ο.

1105 2157 1147 2216 [t
1171 2158 1262 2234 igitur
1286 2169 1396 2235 puncta
1415 2157 1451 2227 0,
1469 2158 1506 2228 X,
1523 2158 1537 2216 1
1557 2165 1664 2217 coeant
1690 2160 1718 2217 in
1740 2159 1779 2228 N,
1807 2167 1928 2237 oportet

1018 2247 1045 2305 in
1065 2246 1150 2315 A,G
1172 2247 1233 2305 lieri
1259 2248 1389 2305 minores
1408 2247 1615 2316 retractiones,
1642 2249 1670 2306 in
1687 2245 1723 2317 C,
1741 2246 1766 2305 E
1784 2248 1926 2325 majores.

1016 2335 1115 2394 Minor
1139 2345 1238 2393 autem
1263 2336 1320 2394 erit
1345 2336 1372 2393 in
1397 2337 1439 2405 A,
1467 2333 1494 2393 G
1520 2335 1678 2406 retractio,
1712 2336 1739 2394 si
1763 2337 1867 2395 minor
1888 2336 1927 2395 sit

1017 2424 1077 2482 illic
1110 2423 1264 2483 inclinatio
1289 2423 1369 2495 Ra,
1393 2422 1452 2490 QG
1483 2424 1521 2481 ad
1546 2425 1748 2500 superficiem,
1775 2426 1876 2502 major
1898 2425 1926 2483 in

563 2512 600 2585 C,
624 2514 660 2586 E,
685 2514 713 2573 ai
736 2514 832 2591 major
856 2513 1009 2573 inclinatio
1034 2510 1097 2583 LC,
1123 2512 1189 2571 ΚΕ.

655 2603 754 2663 Minor
778 2612 878 2660 autern
904 2601 1055 2661 inclinatio
1080 2600 1186 2659 fiilia
1212 2601 1250 2659 ad
1270 2601 1337 2667 AB,
1362 2601 1387 2660 si
1403 2601 1459 2659 AB
1484 2600 1651 2659 terminoB
1676 2601 1733 2678 ipsi
1758 2599 1788 2659 R
1813 2619 1926 2680 appro-

566 2690 702 2770 pinquet,
727 2692 783 2750 hoe
807 2701 855 2749 est
878 2692 903 2749 si
929 2690 1100 2768 superficies
1124 2690 1225 2766 aliqua
1249 2690 1303 2752 sit.
1328 2709 1404 2767 quae
1428 2690 1603 2748 circularem
1627 2684 1817 2766 superficiem
1842 2688 1925 2750 ΑΒΕ

567 2781 596 2838 in
621 2782 650 2838 A
674 2789 775 2850 secet,
812 2780 902 2838 altior
933 2780 1074 2838 incedens
1107 2798 1195 2857 quam
1231 2777 1325 2837 Aac.
1374 2778 1488 2836 Eadem
1523 2778 1548 2837 si
1579 2776 1662 2837 BCD
1694 2776 1777 2838 iuC¹
1809 2797 1927 2838 rursum

568 2869 708 2939 secuerit,
734 2869 830 2945 major
854 2867 910 2927 erit
934 2869 1027 2945 ipsius
1043 2866 1096 2927 LC
1121 2887 1211 2944 super
1235 2885 1301 2925 eam
1326 2867 1489 2926 inclinatio.
1529 2865 1580 2926 Sic
1604 2879 1635 2925 et
1655 2867 1683 2925 in
1700 2867 1736 2938 E,
1753 2865 1795 2926 G.
1832 2866 1926 2927 Secat

568 2956 660 3035 igitur
684 2976 760 3016 nora
786 2958 865 3017 linea
889 2967 1020 3016 veterem
1046 2957 1074 3016 in
1099 2958 1218 3033 punctis
1243 2968 1379 3032 quatuor.
1421 2956 1502 3014 Idem
1527 2965 1627 3014 autem
1649 2956 1721 3014 lacit
1747 2955 1925 3035 hyperbola.

565 3045 634 3107 Non
659 3046 733 3105 facit
756 3046 880 3123 ellipsis,
929 3047 1006 3106 Nam
1032 3046 1146 3123 ellipsis
1171 3046 1337 3121 portionem
1362 3043 1548 3103 semicirculo
1577 3045 1719 3103 minorem
1745 3064 1804 3103 non
1830 3055 1924 3117 secat,

567 3135 625 3195 nisi
642 3136 669 3194 in
689 3135 803 3195 duobus
827 3136 956 3212 punctis.
999 3134 1149 3193 Parabola
1172 3152 1243 3192 rero
1268 3134 1325 3191 etsi
1351 3133 1428 3191 idem
1445 3134 1526 3202 lacit,
1553 3144 1675 3192 nonest
1699 3145 1803 3193 tamen
1819 3134 1925 3194 similis

568 3224 724 3302 quaesitae
756 3224 921 3301 superficiei
952 3223 989 3281 ob
1022 3223 1097 3281 hane
1131 3242 1263 3280 eausam.
1312 3221 1434 3280 Nullum
1465 3222 1543 3280 enim
1568 3223 1605 3280 ad
1634 3231 1750 3281 certum
1784 3225 1926 3301 angulum

568 3331 637 3373 sese
661 3314 878 3373 accommodat.
926 3314 970 3372 At
993 3312 1165 3388 superficies
1194 3311 1333 3388 quaesita
1361 3330 1428 3368 sese
1454 3311 1491 3368 ad
1517 3311 1656 3388 angulum
1685 3323 1802 3370 certum
1835 3313 1925 3371 debet

569 3403 813 3472 accommodare,
849 3401 897 3479 qui
923 3412 971 3460 est
994 3398 1064 3471 96⁰,
1096 3400 1166 3478 quia
1190 3399 1331 3459 retractio
1361 3399 1490 3457 maxima
1514 3410 1561 3458 est
1585 3396 1653 3469 45⁰,
1687 3401 1773 3476 cujus
1804 3401 1924 3478 duplum

567 3501 616 3551 est
639 3487 700 3552 96⁰
722 3510 775 3569 per
798 3491 855 3550 IX.

656 3581 724 3640 LX.
771 3577 999 3656 Propositio.
1048 3576 1251 3654 t'rystallious
1276 3577 1378 3635 humor
1403 3575 1479 3633 oculi
1504 3586 1550 3634 est
1576 3577 1639 3633 lens
1656 3595 1803 3648 convexa,
1832 3579 1924 3637 forma

568 3670 761 3748 hyperbolae,
787 3682 817 3727 et
843 3667 1004 3727 retitormis
1025 3667 1135 3731 tunica,
1161 3666 1282 3742 spiritus
1300 3666 1399 3742 plena,
1425 3677 1494 3741 post
1510 3665 1727 3741 crystallinum,
1755 3675 1805 3724 est
1821 3667 1923 3746 papyri

568 3760 632 3819 rice
657 3769 688 3818 et
710 3759 873 3836 pinguntur
897 3755 924 3813 in
950 3775 985 3814 ea
1010 3756 1140 3813 risibilia
1166 3758 1280 3832 pictura
1306 3754 1389 3812 reali.
1439 3754 1514 3811 Esse
1539 3752 1747 3831 crpstalliuum
1771 3754 1923 3816 humorem

568 3851 680 3909 lentem
704 3865 867 3906 convexam
891 3845 1166 3922 pellucirlissimam
1193 3854 1313 3901 constat
1336 3843 1521 3918 experientia
1542 3842 1790 3902 anatomicorum.
1832 3847 1922 3923 Pigu-

567 3957 631 3999 ram
655 3938 747 3995 etiam
770 3935 937 4013 posteriore
961 3947 1047 4011 parte
1073 3952 1139 3992 esse
1165 3932 1402 4009 hyperbolicam,
1437 3945 1467 3990 et
1501 3932 1684 3989 retiformem
1719 3931 1749 3991 in
1783 3934 1923 3994 circulum

568 4047 621 4088 seu
645 4027 747 4086 orbern
771 4043 875 4084 carum
900 4023 1043 4100 explicari
1069 4022 1196 4098 undique
1221 4021 1301 4080 circa
1331 4021 1537 4098 crystallinum
1567 4019 1596 4078 in
1626 4020 1774 4079 distantia
1801 4033 1924 4083 certaa

568 4115 754 4196 crystallino,
780 4122 810 4172 et
835 4121 992 4189 praeterea
1016 4112 1112 4169 albam
1138 4110 1291 4169 subrutam
1316 4129 1383 4167 esse
1409 4118 1439 4168 ut
1464 4127 1617 4186 papyrum,
1644 4119 1801 4170 testantur
1826 4112 1923 4172 iidem.

657 4205 747 4263 llisce
772 4201 878 4281 positis
903 4201 1037 4278 sequitur
1061 4199 1218 4269 (XLUI.),
1248 4200 1396 4275 picturam
1421 4199 1550 4256 existere
1575 4197 1738 4256 visibilium
1768 4218 1867 4260 rerum
1897 4201 1924 4261 in

567 4292 724 4365 retiformi,
750 4302 781 4350 et
804 4291 873 4368 quia
897 4290 1014 4360 (LIX.)
1040 4300 1087 4347 est
1110 4290 1204 4364 figura
1228 4287 1408 4366 hyperbolae
1434 4297 1580 4363 cognata,
1605 4298 1845 4349 consentaneum
1869 4299 1922 4361 est,

568 4383 599 4444 id
618 4383 680 4442 fieri
696 4382 734 4440 ad
750 4379 966 4440 conciliandum
982 4377 1127 4454 penicillis
1153 4379 1318 4453 perlectum
1343 4385 1374 4435 et
1397 4395 1501 4453 purum
1525 4394 1649 4435 acumen
1665 4375 1760 4453 iisque
1777 4380 1924 4455 picturam

568 4473 631 4533 fieri
656 4469 924 4531 distinctissimam.

658 4561 741 4622 LXI,
781 4556 1008 4636 Propositio.
1056 4555 1141 4614 I'isio
1167 4562 1214 4612 est
1239 4552 1338 4611 sensio
1363 4553 1489 4613 allectae
1510 4552 1671 4611 retit'ormis
1696 4553 1806 4631 spiritu
1831 4556 1924 4617 visiro

568 4652 693 4730 plenae:
719 4651 782 4709 sire
808 4648 909 4707 ridere
934 4653 981 4705 est
1006 4644 1117 4703 sentire
1143 4644 1281 4702 allectam
1307 4642 1488 4701 retitormem
1514 4650 1661 4718 quatenus
1686 4642 1809 4704 affecta.

657 4737 836 4799 Retiformis
865 4736 968 4795 tunica
1000 4734 1133 4811 pingitur
1166 4753 1185 4790 a
1215 4731 1307 4790 radiis
1332 4731 1474 4790 coloratis
1499 4749 1596 4790 rerum
1619 4730 1795 4794 visibilium.
1842 4734 1924 4795 Haec

568 4830 689 4909 pictura
713 4846 765 4886 seu
791 4825 954 4885 illustratio
979 4834 1026 4883 est
1048 4821 1153 4900 passio
1177 4819 1295 4897 aliqua,
1320 4838 1376 4879 non
1401 4828 1517 4879 tantum
1542 4819 1768 4896 superficiaria,
1804 4831 1838 4885 ut
1862 4841 1925 4884 cum

570 4917 679 4998 parieti
704 4925 788 4976 creta
812 4914 969 4975 affricatur
995 4920 1047 4971 aut
1072 4911 1170 4970 lumen
1195 4909 1224 4967 in
1249 4927 1315 4968 eum
1340 4908 1498 4977 allabitur,
1526 4908 1579 4967 sed
1610 4908 1701 4967 etiam
1733 4911 1925 4987 qualitativa,

569 5013 733 5086 penetrans
757 5004 785 5065 in
810 5003 942 5082 spiritus.
981 5000 1079 5060 Probo
1103 4998 1230 5076 primum
1255 5017 1273 5055 a
1297 5005 1405 5057 natura
1421 4997 1504 5069 lucia,
1531 5015 1606 5075 quae
1630 4996 1656 5055 si
1681 4997 1771 5059 fortis
1796 5010 1830 5063 et
1852 5020 1927 5063 eou-

570 5095 709 5167 densata,
733 5093 794 5153 urit
816 5090 909 5163 (50).
953 5087 1069 5159 Quodsi
1093 5086 1185 5148 fuerit
1208 5085 1312 5147 eadem
1336 5086 1490 5164 proportio
1514 5084 1730 5147 subtilissimae
1754 5088 1876 5152 luculae
1898 5088 1926 5150 in
