4584 6192
960 609 1354 677 murno-‚ann

703 841 713 862 ,
849 787 1386 861 ωωωὲοποοοποὶιοιοπιὶε

848 869 1432 944 Kohhnoeneloerirhtlrerirlu,

775 1021 781 1032 Ι
848 949 1396 1021 liexestperpetusmdnninds.

567 1055 620 1118 tte
641 1073 714 1117 uero
734 1052 763 1116 si
784 1054 919 1117 retiones
940 1054 1031 1136 hujus
1052 1055 1225 1116 seutentise
1245 1055 1337 1135 plane
1358 1054 1611 1134 constringerent,
1635 1061 1745 1116 unes
1766 1053 1832 1135 ipss

478 1145 589 1227 religio
610 1143 670 1206 tuit
690 1143 921 1206 mmm-tm
938 1142 977 1205 ed
990 1143 1086 1205 nodos
1099 1144 1319 1207 dissolvendos.
1356 1143 1489 1206 Primum
1506 1144 1585 1208 enirn
1598 1143 1683 1207 mule
1705 1143 1833 1218 viritem

479 1233 588 1318 quoffli
610 1231 700 1296 simul
722 1239 756 1294 et
775 1231 924 1307 hilariter,
946 1251 1076 1313 nequem
1097 1231 1237 1295 hilariter
1260 1233 1302 1295 eit
1322 1241 1465 1313 oportet:
1494 1251 1625 1314 nequem
1648 1232 1749 1313 igitur
1769 1232 1833 1294 ‹hr-

480 1323 610 1404 elplins,
641 1339 718 1403 quse
740 1321 820 1383 hune
840 1320 1028 1384 hileritstem
1059 1321 1173 1397 auoit,
1205 1331 1307 1386 tuetur
1336 1321 1569 1404 poppysmisque
1596 1321 1662 1384 suis
1694 1321 1832 1424 instiget

479 1411 627 1476 Deuites
649 1409 856 1486 moerorem,
878 1410 959 1473 rstio
978 1410 1081 1472 sobrie
1098 1411 1165 1484 erit,
1189 1421 1221 1472 et
1234 1419 1269 1473 nt
1282 1411 1404 1474 aberret
1424 1429 1536 1486 suero,
1560 1410 1704 1473 uitem
1693 1429 1832 1483 sums,

445 1497 710 1581 ‚moprotous
755 1496 1690 1581 Sioenimetchristuslleusgentemsuemsoletur,
1723 1509 1833 1561 metum

357 1605 360 1610 ’
478 1587 824 1672 prodigiorumdemit,
853 1587 1324 1662 sollieitudinemdeorrstino‚
1353 1589 1717 1671 eumquseooredit,
1747 1588 1834 1668 louge

479 1695 549 1742 aee
575 1677 681 1759 juhet;
709 1695 769 1739 non
791 1677 873 1758 quod
900 1676 977 1740 nihil
1007 1677 1163 1739 ἱππὶοοοὶ
1193 1678 1338 1740 mulorum
1370 1678 1530 1782 gentihus,
1561 1679 1616 1741 sed
1644 1677 1731 1781 quod
1752 1677 1833 1739 Deus

480 1765 684 1848 sogor-nnus
703 1765 795 1829 rebus
812 1765 936 1828 intimus
954 1766 1144 1838 interveniet,
1168 1767 1232 1829 suis
1249 1766 1400 1847 praesidio
1418 1768 1468 1842 sit,
1491 1767 1711 1830 hrluritutem
1699 1784 1833 1848 rpoorun

480 1863 583 1930 ποιοῖς
611 1861 647 1918 st
667 1871 728 1917 non
754 1853 881 1917 stultum
902 1854 1000 1931 illurn,
1022 1873 1101 1936 quse
1122 1855 1153 1916 in
1176 1876 1210 1918 se
1236 1856 1317 1937 ipso,
1341 1857 1395 1918 sed
1425 1875 1503 1937 quse
1523 1857 1555 1918 in
1577 1856 1645 1918 Deo
1677 1855 1831 1937 glorietur.

455 1941 672 2010 -lilumenim
699 1943 909 2024 ploristiouem
935 1945 1071 2007 meslino
1101 1944 1606 2025 lortmsediesinlumosupet,
1638 1945 1832 2008 hunonent

479 2032 738 2098 ιπὶοἱοοποοὶι.
773 2031 1409 2115 DeindemoretmeetDoirespeotus.
1445 2035 1736 2107 Fetentmornner,
1760 2051 1830 2114 per·

479 2121 1831 2204 ouhosmwimoehomiuumreinorueinooelomiountr'suspeemquumri

478 2212 530 2276 rel
559 2211 722 2275 most
749 2218 859 2273 nermo
887 2211 1017 2274 tulitnt
1046 2219 1237 2286 uusoemm,
1269 2212 1376 2274 eedem
1406 2211 1501 2276 etium
1531 2212 1602 2275 tulit
1630 2219 1769 2285 notun,
1801 2219 1831 2272 ut

478 2299 615 2365 homims
644 2299 678 2363 in
706 2299 753 2362 rui
784 2298 1012 2362 ιᾶπὶπὶἱοοοπ
1041 2307 1172 2382 raperet.
1219 2298 1280 2372 Qui
1308 2319 1381 2381 ergo
1412 2301 1510 2363 Deum
1539 2300 1642 2363 mundi
1677 2311 1830 2364 suetan

479 2390 608 2460 letetur.
638 2407 707 2452 oum
735 2396 770 2450 et
799 2389 896 2452 totius
924 2397 1051 2452 numm
1082 2390 1217 2453 ordinem
1240 2398 1273 2452 et
1300 2390 1402 2452 omnio
1430 2391 1495 2472 ejus
1527 2408 1620 2470 opere
1654 2389 1829 2472 singulmiu,

478 2479 618 2542 nimirum
640 2478 720 2540 huno
741 2495 860 2560 qnoque
882 2477 1004 2540 stellam
1021 2487 1055 2541 et
1071 2497 1149 2560 quse
1170 2479 1248 2541 hono
1270 2479 1462 2560 consequitur
1484 2477 1721 2542 somirsdooeu
1734 2479 1828 2542 Ιὶοπὶ·

477 2587 565 2641 ἱππ,
587 2567 687 2631 eidem
701 2566 770 2629 Deo
789 2566 1011 2630 mererium:
1034 2567 1172 2656 equidem
1194 2568 1252 2631 hoe
1274 2587 1333 2631 non
1355 2575 1479 2641 metuet,
1502 2573 1537 2631 ut
1557 2568 1645 2630 Dens
1669 2569 1726 2631 ille
1748 2569 1828 2649 hujus

477 2655 687 2740 prodigii-hoo
706 2656 798 2718 modo
819 2656 1005 2718 constitutus
1033 2663 1140 2719 ouotor
1168 2657 1318 2720 iuream
1343 2657 1411 2719 huie
1438 2657 1591 2720 hominnm
1623 2657 1826 2720 sdmirstiori

479 2743 541 2818 Qui
562 2763 635 2808 vero
656 2744 706 2807 rel
728 2745 889 2808 Βοππιιι
925 2754 1080 2826 ποιιοὶ
1108 2764 1177 2808 oum
1198 2746 1350 2827 liugom,
1373 2747 1421 2809 vel
1444 2747 1542 2826 ipsum
1564 2747 1712 2809 mundum
1737 2747 1827 2809 nnn

346 2849 349 2854 ’
481 2835 606 2898 om
683 2831 907 2916 Pythegorseis
937 2833 1092 2896 veteribus
1125 2835 1175 2897 rel
1204 2841 1272 2898 ounl
1307 2836 1374 2915 ipso
1404 2833 1551 2915 Epicuro,
1592 2854 1698 2898 eurum
1735 2853 1828 2898 rerurs

480 2931 649 3002 nostrornm
670 2922 710 2986 ob
731 2941 769 2986 οο
791 2923 910 2986 eulert:
937 2922 989 2986 ille
1010 2925 1105 2986 multo
1130 2924 1230 2987 minus
1251 2943 1363 2990 osusso
1385 2924 1522 2999 hebebit,
1551 2943 1606 2986 eur
1628 2925 1772 2998 homines
1793 2923 1827 2986 nl

478 3013 538 3076 hro
557 3011 704 3076 noritstis
725 3011 926 3076 admiratione
947 3012 1131 3076 dehortetur.
1169 3014 1276 3095 loque
1297 3022 1412 3076 eertum
1430 3021 1508 3088 esto,
1531 3032 1591 3076 nou
1605 3014 1723 3076 offendi
1737 3015 1827 3077 Deum

479 3102 682 3166 oelehrstione
699 3101 779 3164 tenti
796 3100 937 3183 pmdrgii.
973 3100 1064 3164 At
1034 3102 1169 3164 moiss'm
1189 3109 1288 3166 metus
1308 3101 1425 3181 ingens,
1449 3121 1486 3164 πο
1506 3102 1636 3164 lorsitsn
1660 3103 1827 3167 onenduu

471 3191 563 3258 Deus
584 3189 721 3272 ejusdem
741 3190 973 3253 exteoustione·
997 3208 1137 3271 quorsum
1159 3191 1240 3253 vium
1262 3192 1387 3254 edeotst
1404 3192 1479 3253 hseo
1502 3191 1658 3253 sententio
1679 3209 1741 3273 per
1761 3211 1825 3254 suos

478 3288 663 3346 tesremrum
693 3280 807 3361 jsotus.
859 3280 928 3341 Non
962 3298 1029 3343 snm
1059 3279 1201 3361 delepsne
1233 3299 1272 3342 ex
1302 3280 1426 3342 oonsilio
1459 3281 1592 3342 Deorum
1625 3299 1685 3343 neo
1718 3289 1826 3345 uem

478 3370 612 3445 storum
634 3369 688 3433 sed
706 3376 807 3431 tumen
825 3368 897 3449 quid
909 3366 937 3430 si
949 3387 1010 3430 uon
1021 3387 1122 3432 rermn
1138 3377 1249 3433 ustura
1261 3369 1375 3444 tulerit,
1397 3378 1433 3433 ut
1448 3370 1506 3432 hoo
1523 3369 1608 3432 sidus
1630 3368 1826 3434 nosceretur?

479 3457 560 3531 Quid
582 3459 609 3521 si
622 3459 705 3521 Deus
728 3477 766 3519 ox
788 3457 942 3520 destiosto
964 3465 1052 3520 extro
1068 3459 1203 3521 ordinem
1224 3459 1368 3539 peculiari
1391 3458 1517 3520 oonsilio
1540 3466 1632 3539 capto
1651 3460 1825 3524 miruouluu

479 3549 536 3611 hoo
559 3548 709 3611 hominnm
729 3547 823 3609 oculis
846 3546 1034 3626 exposuerit,
1057 3547 1135 3610 huno
1158 3566 1260 3610 eornm
1283 3549 1445 3610 attonitum
1467 3557 1621 3628 stuporem
1646 3548 1826 3630 quaesiverit

480 3637 584 3701 dedito
614 3636 729 3718 opero?
758 3635 875 3698 seilicet
896 3643 931 3697 nt
957 3653 1010 3698 eos
1037 3638 1236 3700 admoueret?
1267 3634 1347 3707 Quid
1378 3647 1449 3699 tnnc
1472 3637 1499 3697 ei
1527 3637 1664 3700 dicturus
1700 3636 1826 3712 sim,si

481 3746 559 3809 quoe
580 3726 647 3808 ipse
669 3744 780 3807 mogun
801 3722 897 3787 videri
918 3725 1014 3788 voluit
1036 3744 1092 3806 οιο
1114 3735 1294 3788 extenuem:
1317 3725 1462 3801 nimimm,
1486 3725 1608 3807 siquae
1633 3736 1711 3790 sunt
1733 3730 1764 3791 in
1778 3728 1826 3789 hoc

482 3816 581 3879 sidere
614 3816 806 3890 admirando,
838 3814 879 3876 od
909 3831 1012 3878 essum
1040 3814 1217 3878 retulerim?
1247 3816 1327 3877 Nom
1358 3814 1416 3878 etsi
1444 3833 1499 3895 per
1527 3816 1690 3896 superiore
1722 3817 1827 3898 sliquol

479 3906 583 3986 ospits
608 3905 665 3967 hoo
692 3905 759 3985 egi,
791 3911 827 3967 ut
847 3903 966 3966 modum
997 3904 1179 3974 invenirem,
1209 3923 1266 3985 qno
1293 3911 1402 3966 nature
1428 3903 1497 3984 ipso
1524 3906 1629 3967 ederet
1659 3903 1826 3987 hujusmodi

481 3995 601 4057 sidero:
633 4013 683 4057 res
705 4002 805 4056 tumen
828 3993 868 4055 od
890 3992 988 4055 Deum
1009 3993 1089 4057 redit
1114 4003 1242 4055 nstnroe
1273 4002 1445 4068 suctorem3
1478 4001 1510 4055 et
1531 3993 1598 4074 ipso
1628 3995 1746 4059 sideris
1767 4004 1826 4057 ortu

480 4091 606 4147 nstnroo
635 4082 803 4146 ordinariae
824 4082 1040 4162 trunssoripto,
1070 4083 1295 4163 relinquebatur
1309 4083 1418 4145 'tumeo
1447 4082 1530 4145 locus
1553 4084 1620 4145 Deo
1644 4084 1679 4147 in
1710 4085 1826 4148 concin-

480 4173 589 4235 nandis
619 4171 679 4236 lori
705 4180 739 4235 et
767 4171 912 4254 temporis
944 4171 1188 4235 circumstantiis.
1235 4170 1334 4234 Coeus
1366 4189 1439 4233 voro
1468 4171 1539 4251 quid
1568 4172 1643 4234 est?
1685 4174 1826 4238 Nimirum

480 4261 591 4326 idolum
613 4271 661 4324 est
682 4261 981 4326 detestabilissimum
1003 4269 1035 4322 et
1057 4260 1129 4322 nihil
1153 4262 1234 4323 aliod
1258 4261 1315 4322 nisi
1338 4261 1520 4323 contumelio
1542 4261 1653 4323 summi
1678 4273 1714 4327 et
1736 4262 1826 4326 omui-

480 4352 615 4434 potentis
636 4351 708 4426 Dei,
737 4360 770 4413 et
791 4369 878 4432 quem
900 4349 951 4411 ille
973 4350 1120 4424 condidit,
1145 4350 1247 4412 mnndi
1270 4350 1495 4423 absolutissimi,
1520 4350 1567 4412 oui
1591 4359 1699 4416 motus
1726 4369 1826 4415 neore

481 4449 516 4504 et
535 4441 713 4516 temerarius
735 4449 785 4502 ost
805 4458 860 4521 pro
882 4438 998 4514 anime,
1022 4438 1115 4500 choos
1142 4439 1287 4502 infinitum
1310 4457 1365 4519 pro
1388 4457 1521 4519 oorporo.
1567 4439 1647 4501 Huio
1673 4452 1707 4504 et
1728 4451 1825 4510 setor-

481 4531 564 4596 uitoe
585 4537 619 4593 et
639 4529 855 4610 omnipotentio
871 4535 903 4591 et
915 4527 1015 4590 muudi
1038 4527 1162 4603 creatio,
1186 4528 1244 4590 Dei
1265 4528 1397 4610 propris,
1420 4528 1686 4592 trsnssoribuntur
1708 4530 1826 4593 nelarie.

570 4620 639 4701 Διο
670 4619 781 4699 igitur,
817 4617 1006 4699 experiemur
1036 4617 1066 4679 in
1099 4617 1188 4698 hujus
1220 4617 1390 4680 sententiae
1426 4617 1605 4680 rationibus.
1658 4619 1776 4683 Demus
1802 4615 1827 4680 ei

482 4710 695 4774 uetornitstem
716 4708 749 4769 ei
770 4727 846 4789 quae
873 4707 936 4769 elio
965 4706 1091 4787 requirit
1116 4705 1158 4767 ed
1184 4724 1255 4768 suos
1286 4714 1469 4768 tesserarum
1495 4706 1609 4786 jactus.
1659 4709 1743 4771 Num
1764 4709 1826 4771 ideo

483 4799 616 4862 etlooorit
638 4796 758 4859 omnio?
787 4797 856 4859 Non
885 4795 982 4876 dioom
1008 4794 1097 4865 iliud,
1129 4794 1204 4858 nihil
1226 4815 1264 4858 ex
1285 4795 1416 4858 inanimo
1448 4812 1522 4857 oosn
1550 4795 1722 4860 snimoturn
1750 4796 1826 4868 terh

483 4905 579 4969 neque
600 4886 687 4962 illud,
721 4904 759 4948 ex
780 4884 871 4948 simili
892 4884 990 4948 simile
1012 4903 1085 4946 ouon
1107 4903 1293 4965 nequaquem
1315 4884 1400 4948 nusoi
1420 4901 1529 4963 poseo:
1560 4903 1635 4948 nem
1658 4887 1738 4950 huus
1758 4884 1826 4950 nihil

324 5023 353 5062 Ι.
376 5007 387 5028 -1
484 4977 525 5039 od
545 4985 681 5039 nostmm
702 4974 794 5037 sidus.
839 4974 899 5037 illo
920 4991 1052 5050 sornam,
1079 4972 1109 5034 in
1133 4973 1241 5053 quibus
1267 4974 1396 5037 maxime
1418 4991 1506 5036 ossus
1535 4974 1688 5040 (ἱοὶπὶποὶἱ
1717 4974 1825 5039 intelli-

346 5065 349 5070 ’
483 5063 574 5146 pitnr,
596 5064 794 5146 geometricus
808 5063 918 5145 liguros
936 5080 1132 5143 numerosque
1149 5062 1380 5126 innumerobiles
1394 5069 1426 5125 et
1439 5062 1610 5144 projeotilie
1632 5066 1824 5130 multilstert

373 5183 400 5194 ··
483 5151 569 5218 nteit
589 5152 681 5236 igitur
702 5153 777 5217 hoeo
803 5150 968 5229 sententio,
990 5150 1018 5213 si
1038 5151 1138 5233 jootns
1158 5149 1267 5215 infiniti
1288 5151 1363 5215 dont
1382 5151 1452 5215 inde
1476 5152 1516 5215 uh
1538 5161 1683 5234 aeterno,
1705 5172 1823 5220 neeesse
