4584 6192
978 625 1146 692 mmm·
1677 633 1742 704 tus

384 801 464 885 quod
487 801 520 863 fit
544 800 719 863 contionata
742 798 800 864 00
824 808 855 863 ει
878 820 968 881 super
992 804 1050 866 hac
1073 805 1154 867 linea
1176 807 1343 869 constituto
1367 809 1553 888 semicirculo
1570 810 1663 888 ΕΒΙ),
1688 833 1744 895 per

381 892 472 971 signa
493 891 531 966 Ε,
557 891 582 952 Β
612 890 767 963 traducto,
799 891 885 968 cujus
915 900 1050 954 centrum
1074 892 1124 955 A:
1154 896 1287 974 prodibit
1320 897 1407 960 nobis
1438 919 1493 980 pro
1526 899 1593 961 fixis
1625 919 1743 966 summa

379 979 671 1043 semidiametrorum
688 980 800 1041 Terrae
815 975 1045 1062 340770667„
1071 1002 1147 1062 qnae
1172 1003 1289 1046 summa
1311 986 1442 1049 noudum
1466 997 1608 1068 estpars
1633 1000 1743 1071 quarta

380 1071 420 1131 ds
443 1069 631 1148 illapsione,
664 1085 753 1147 qnam
777 1068 816 1128 ad
839 1071 1009 1149 exemplum
1038 1072 1256 1152 multiplicatae
1279 1073 1310 1134 in
1334 1077 1430 1138 veteri
1454 1078 1607 1140 sententia
1630 1079 1741 1143 celeri·-

379 1159 457 1221 tatis
481 1176 730 1219 assumseramus.

470 1245 551 1319 Quid
575 1246 666 1325 igitur
689 1252 834 1324 satagunt
860 1246 1047 1327 philosophi,
1082 1248 1211 1310 eximere
1235 1268 1274 1310 ex
1298 1252 1383 1322 oculo
1408 1249 1567 1334 (iopemici
1592 1254 1741 1319 festucam

378 1338 458 1400 hauc
481 1335 694 1397 immensitatis
724 1335 865 1407 totamm,
897 1354 963 1396 cum
997 1336 1115 1399 iuterim
1150 1337 1340 1401 dissimulent
1363 1341 1392 1401 in
1417 1360 1471 1402 suo
1500 1342 1586 1403 oculo
1619 1343 1738 1407 trabem

377 1426 541 1506 ingentem,
567 1424 695 1503 amplius
720 1442 807 1503 quam
833 1433 939 1503 quater
963 1426 1116 1503 majorem,
1140 1426 1266 1487 insanae
1291 1428 1458 1490 celeritatis
1481 1430 1627 1504 lixarum
1650 1440 1739 1495 tanto

377 1514 570 1578 absurdiores
585 1532 674 1594 quam
689 1511 884 1591 Copemicus,
910 1523 1022 1593 quanto
1046 1515 1196 1576 difficilius
1211 1524 1268 1590 est,
1294 1517 1435 1579 accidens
1450 1528 1572 1599 praeter
1586 1519 1738 1583 modulum

376 1602 504 1683 subjecti
528 1601 693 1674 intendere,
719 1618 806 1682 quam
830 1600 998 1679 subjectum
1028 1623 1137 1684 augere
1163 1606 1227 1665 sine
1256 1606 1423 1667 accidente.
1472 1607 1575 1688 Tycho
1598 1607 1738 1671 Braheus

376 1691 490 1772 sliqnid
513 1691 562 1753 hic
587 1689 704 1768 adjuvit
727 1689 908 1751 sententiam
931 1699 1080 1764 veterum,
1108 1701 1230 1754 retenta
1254 1693 1290 1753 de
1315 1693 1439 1755 Saturni
1464 1696 1624 1760 altitudine
1648 1704 1737 1775 parte

377 1780 565 1842 solummodo
584 1778 676 1841 tertia
694 1779 783 1858 paulo
802 1778 888 1858 plus;
914 1780 982 1859 quia
996 1781 1080 1859 ponit
1095 1781 1178 1842 illam
1198 1782 1491 1846 semidiametrorum
1506 1786 1618 1847 Terrae
1634 1782 1737 1848 70002

376 1869 446 1931 fixis
468 1888 540 1931 vero
563 1868 690 1947 largitur
714 1867 835 1946 duplum
858 1866 964 1945 hujus:
991 1869 1062 1929 illud
1081 1870 1200 1950 quidem
1224 1872 1398 1933 necessaria
1421 1873 1676 1935 demonstratione
1700 1891 1739 1935 ex

376 1958 537 2037 supposita
559 1956 680 2036 propria
703 1956 804 2017 muudi
829 1957 940 2017 forma:
965 1957 1022 2019 hoc
1045 1976 1115 2019 vero
1140 1978 1178 2019 ex
1201 1960 1348 2038 probabili
1372 1962 1557 2041 conjectura.
1604 1963 1649 2023 At
1672 1962 1737 2024 sive

375 2046 455 2108 duae
477 2045 587 2107 tertiae
621 2045 685 2106 sive
707 2066 785 2117 una,
819 2045 957 2125 utrinque
989 2046 1086 2108 adhuc
1118 2066 1191 2125 pars
1224 2055 1333 2128 quarta
1355 2049 1404 2110 vel
1434 2050 1539 2130 quinta
1572 2050 1736 2113 exceditur.

374 2136 419 2199 Et
434 2135 504 2215 quid
523 2135 612 2196 unica
626 2132 748 2195 Saturni
773 2133 865 2194 stella
884 2134 922 2194 ad
939 2134 1097 2197 immanem
1121 2136 1247 2198 lixarum
1271 2137 1517 2201 multitudinem?
1540 2158 1616 2219 quae
1633 2158 1737 2202 omnes

377 2224 460 2304 apud
482 2231 621 2304 receptas
644 2222 828 2304 hypotheses
848 2222 899 2282 illo
922 2223 1129 2302 pernicissimo
1149 2233 1231 2285 motu
1250 2235 1416 2302 moventur,
1443 2228 1522 2309 apud
1538 2226 1738 2308 (ioperuicum

377 2312 549 2375 immobiles
574 2311 748 2393 quiescunt,
773 2312 847 2372 solis
871 2311 890 2374 7
915 2312 1100 2391 corpusculis
1125 2314 1273 2375 euntibus.

465 2399 527 2462 Sed
551 2402 682 2462 fortasse
706 2401 834 2461 mundus
866 2399 923 2461 hac
954 2421 973 2461 a
1005 2421 1051 2462 me
1085 2411 1323 2465 commonstrata
1351 2403 1547 2482 proportione
1571 2406 1736 2463 exornatus

372 2490 428 2552 het
450 2497 597 2569 angustus
621 2497 653 2549 et
675 2496 738 2550 tam
760 2488 957 2568 propinquus,
991 2498 1024 2550 ut
1053 2490 1222 2569 parallauio
1247 2493 1378 2572 aliquam
1410 2492 1525 2552 faciant
1556 2491 1649 2565 lixae,
1680 2489 1737 2551 hoo

372 2587 422 2641 est
444 2585 480 2640 ut
500 2579 598 2640 lineae
624 2578 680 2641 οΚ
703 2578 751 2638 vel
771 2575 837 2645 00,
862 2596 921 2656 qua
940 2576 993 2639 Sol
1019 2587 1050 2639 et
1069 2580 1163 2639 Terra
1182 2580 1305 2652 distant,
1331 2582 1484 2660 proportio
1507 2580 1562 2640 liat
1584 2577 1737 2639 sensibilis

371 2668 411 2730 ad
436 2665 493 2729 01)
516 2667 692 2729 distantiam
716 2666 797 2729 Solis
822 2674 853 2726 et
883 2666 1027 2728 lixarum?
1060 2667 1191 2730 Minime.
1238 2669 1318 2730 Nam
1350 2669 1440 2747 paulo
1470 2687 1561 2747 snpra
1589 2665 1737 2729 distantis

371 2755 465 2818 vicies
489 2756 581 2818 semel
606 2757 698 2835 (quae
721 2756 812 2835 paulo
835 2754 930 2815 minor
954 2764 1002 2816 est
1025 2756 1176 2817 sedecima
1199 2756 1288 2837 hujus
1310 2766 1413 2838 parte,
1442 2774 1549 2836 nempe
1574 2754 1736 2817 trecenties

371 2845 569 2925 quadragies)
593 2844 691 2923 potuit
715 2845 813 2905 lacere
837 2840 869 2904 2¹
901 2845 1087 2922 parallasin3
1116 2845 1218 2923 itaque
1242 2847 1403 2907 tercenties
1426 2844 1617 2926 quadragies,
1643 2842 1735 2904 sede-

371 2934 480 2996 cimum
504 2931 591 3012 hujus
614 2932 703 3011 paulo
729 2933 834 3005 minus,
858 2931 1008 3010 parallaxi
1032 2932 1207 3008 vindicabit,
1232 2935 1350 2996 scilicet
1368 2934 1487 2996 circiter
1503 2941 1644 2995 octavam
1658 2949 1733 3012 par-

371 3030 434 3084 tem
457 3020 543 3083 unius
567 3021 683 3082 minuti.
731 3021 791 3081 Vel
815 3021 1005 3082 artificiosius
1029 3030 1060 3082 et
1083 3021 1203 3083 brevius
1228 3023 1286 3084 sic:
1311 3021 1392 3095 Quia
1406 3021 1459 3084 Sol
1482 3018 1643 3084 habet30‘
1657 3039 1733 3081 cou-

371 3118 497 3191 metus
521 3129 559 3171 ex
582 3109 691 3184 Terra,
725 3109 781 3170 hoc
815 3115 863 3170 est
895 3110 964 3189 quia
997 3110 1124 3189 angulus
1149 3109 1222 3173 CKI
1255 3121 1303 3173 est
1329 3109 1396 3173 15⁴:
1430 3120 1462 3173 et
1488 3129 1559 3173 vero
1583 3108 1733 3171 Saturnus

372 3200 500 3277 decuplo
524 3198 614 3261 altior
637 3205 694 3271 est,
719 3196 771 3260 Sol
795 3198 887 3278 igitur
910 3217 947 3258 ex
963 3196 1094 3260 Saturno
1109 3208 1290 3279 conspectus
1312 3200 1436 3262 habebit
1455 3200 1601 3262 decimam
1616 3206 1734 3279 partem

372 3290 411 3351 de
436 3284 499 3362 30,
533 3288 590 3350 hoc
615 3294 662 3348 est
685 3284 732 3356 3‘3
765 3306 871 3366 nempe
901 3286 976 3347 haec
1007 3288 1162 3367 quantitas
1193 3298 1241 3350 est
1272 3291 1392 3369 duplum
1416 3288 1517 3370 auguli
1543 3286 1626 3350 001.
1673 3284 1736 3347 Sed

372 3376 505 3459 ponitur,
529 3384 563 3438 ut
586 3376 628 3439 10
652 3374 705 3437 Sol
730 3377 768 3437 ad
793 3374 850 3438 00
874 3375 1130 3438 semidiametmm
1155 3377 1285 3440 ambitus
1309 3377 1443 3453 Saturni,
1467 3378 1511 3439 sic
1531 3374 1590 3439 00
1613 3375 1662 3437 vel
1682 3372 1735 3436 OB

329 3479 347 3506 ·
372 3466 412 3529 ad
428 3463 484 3528 01)
499 3464 753 3527 semidiametmm
776 3465 919 3525 fixarum:
944 3466 1086 3527 connexis
1109 3467 1211 3548 itaque
1226 3467 1302 3540 B,D
1319 3467 1449 3548 punctis,
1473 3456 1625 3545 triangula
1648 3460 1733 3525 Bcn

373 3563 406 3618 et
429 3552 504 3617 100
532 3562 620 3615 erunt
651 3554 776 3626 similia;
811 3572 902 3634 quare
935 3554 1037 3632 anguli
1060 3554 1144 3618 BDC
1170 3564 1201 3616 et
1223 3553 1298 3618 100
1328 3556 1480 3636 aequales.
1526 3555 1608 3633 Ergo
1640 3551 1733 3613 etiam

372 3644 422 3706 hic
446 3641 570 3706 Saturni
594 3642 725 3704 ambitus
750 3641 802 3705 CB
827 3662 864 3703 ex
888 3642 1018 3723 sphaera
1041 3643 1166 3705 lixamm
1190 3663 1243 3704 seu
1266 3653 1377 3724 puncto
1401 3644 1431 3705 D
1453 3650 1635 3721 conspectus
1659 3657 1733 3717 spe-

372 3734 450 3795 ciem
474 3732 631 3794 exhiberet
656 3725 714 3813 1¹1,
722 3733 741 3792 ‘.
778 3732 824 3794 At
846 3751 912 3792 cum
930 3730 985 3795 00
1000 3727 1129 3793 Telluris
1153 3732 1269 3793 coelum
1293 3733 1335 3794 sit
1358 3732 1475 3793 decima
1497 3750 1569 3810 pars
1593 3727 1734 3790 diametri

371 3819 506 3884 Satumii
532 3819 599 3895 οΒ,
624 3838 696 3898 ergo
720 3822 847 3900 angulus
871 3818 957 3882 ODG
982 3821 1040 3882 erit
1062 3838 1131 3898 pars
1156 3820 1272 3881 decima
1295 3820 1332 3880 de
1356 3820 1465 3900 angulo
1488 3816 1572 3882 Boc
1596 3818 1676 3890 fere,
1700 3823 1735 3877 ut

371 3911 418 3973 ita
441 3910 663 3972 semidiameter
686 3910 766 3971 orbis
791 3909 881 3971 annui
904 3909 1035 3971 Telluris
1059 3907 1114 3971 00
1138 3928 1196 3969 uon
1219 3909 1287 3989 plus
1311 3927 1399 3989 quam
1423 3904 1475 3984 9‘1,
1505 3907 1561 3969 hoc
1589 3914 1639 3967 est
1661 3922 1734 3983 sep-

371 4000 467 4062 timae
489 3998 587 4079 partis
611 3998 715 4059 minuti
739 3999 826 4059 unius
850 3998 1018 4078 parallaxin
1042 4007 1193 4060 causetur.
1241 3997 1286 4059 At
1309 4016 1395 4060 uerno
1423 4004 1472 4059 est
1495 4005 1734 4058 astronomorum

370 4087 489 4169 peritus
514 4087 710 4160 observandi,
745 4086 792 4166 qui
826 4086 985 4166 septimam
1015 4089 1063 4149 vel
1096 4096 1237 4149 octavam
1269 4086 1374 4148 minuti
1403 4094 1522 4166 partem
1545 4081 1734 4145 observando

371 4176 495 4257 assequi
519 4176 671 4257 glorietur.
718 4174 813 4236 Verbi
838 4176 952 4254 gratia,
986 4175 1045 4236 etsi
1077 4175 1225 4238 distantia
1257 4177 1393 4238 binarum
1421 4175 1586 4236 stellarum·
1602 4168 1734 4252 apudl)

373 4266 507 4347 signum.
532 4265 643 4326 Terrae
673 4264 808 4325 versanti
837 4264 865 4324 in
891 4262 918 4325 Ο
943 4265 1076 4344 (quando
1099 4266 1129 4327 D
1153 4272 1310 4345 reputatur
1342 4265 1370 4326 in
1395 4263 1542 4344 quadrato
1566 4260 1648 4323 Solis
1679 4276 1735 4320 ssu

374 4355 458 4419 linea
481 4351 553 4427 00)
577 4354 708 4435 septima
739 4352 844 4414 minuti
875 4363 963 4432 parte
992 4352 1089 4416 minor
1115 4354 1169 4430 sit,
1202 4373 1290 4435 quam
1323 4372 1389 4415 cum
1412 4353 1440 4414 D
1464 4361 1513 4414 est
1540 4350 1571 4412 io
1595 4346 1734 4429 opposito

374 4443 470 4519 Solis,
495 4443 590 4504 Terra
612 4444 642 4503 in
662 4443 862 4504 Kversaute:
887 4449 1076 4504 astronomus
1100 4450 1201 4505 tamen
1226 4462 1284 4504 non
1309 4442 1459 4503 discernet
1480 4441 1536 4503 has
1560 4436 1732 4509 distantias,

370 4532 539 4595 observans
563 4551 616 4593 eas
639 4539 671 4593 et
693 4532 723 4592 in
748 4529 775 4593 0
800 4531 947 4611 quadrato
972 4539 1003 4592 et
1025 4530 1054 4591 in
1078 4532 1108 4592 K
1127 4531 1267 4612 opposito
1291 4528 1387 4604 Solis;
1419 4549 1486 4592 cum
1517 4529 1586 4608 ipsa
1608 4526 1734 4588 lixarum

370 4639 500 4702 corpora
522 4620 685 4701 plemnque
712 4618 740 4694 1,
765 4618 795 4695 2,
821 4617 840 4682 3
864 4621 913 4682 vel
936 4616 969 4683 d‘
993 4621 1167 4701 corporibus
1189 4628 1337 4699 occupent
1359 4628 1391 4681 et
1413 4617 1607 4682 subtendent.

464 4708 517 4772 Sic
537 4709 629 4789 igitur
652 4719 807 4771 ostensum
830 4718 888 4778 est,
911 4708 1022 4770 nemini
1046 4710 1213 4772 consultum
1233 4727 1310 4781 esse,
1335 4716 1371 4769 ut
1386 4707 1618 4771 immensitatem
1632 4698 1733 4763 mundi

371 4798 502 4879 objiciat
524 4796 705 4878 Copemico‚
738 4799 788 4877 qui
820 4816 1024 4877 quamcunque
1053 4816 1090 4859 ex
1117 4797 1335 4880 hypothesibus
1364 4816 1418 4877 pro
1448 4815 1520 4857 vera
1542 4789 1734 4874 amplectitur

369 4906 468 4969 neque
492 4888 661 4949 universam
686 4888 900 4949 astronomiam
925 4886 1057 4948 funditus
1082 4905 1218 4948 eversam
1242 4886 1334 4966 cupit.

462 4976 532 5038 Jam
557 4976 648 5038 etiam
672 4975 841 5048 videndum,
866 4976 1042 5058 quibusnam
1066 4976 1210 5057 exemplis
1233 4974 1371 5036 immanis
1394 4972 1456 5034 ista
1473 4968 1626 5051 proportio
1645 4966 1733 5031 nobis

369 5065 525 5128 mitescat.
571 5066 630 5127 Hic
653 5066 760 5127 solitus
783 5086 849 5128 sum
880 5064 1008 5145 objicere
1032 5065 1152 5126 Braheo
1180 5065 1403 5145 proportionem
1436 5059 1621 5128 animalculi,
1654 5057 1733 5138 quod

371 5155 527 5217 cuniculos
547 5155 651 5217 subter
663 5161 763 5216 cutem
782 5174 888 5217 manus
907 5154 982 5236 agit,
1005 5155 1043 5217 ad
1063 5162 1232 5233 serpentem
1251 5153 1335 5216 illum
1348 5150 1518 5214 Plinianum
1535 5145 1599 5211 120
1614 5147 1732 5238 pedum,

1458 5251 1520 5304 4³*
