4584 6192
964 755 1018 814 ΔΙ)
1041 754 1247 816 merom
1269 756 1498 817 tortosano.

648 948 724 1010 Cum
748 948 832 1008 multi
856 949 1036 1009 sententiam
1060 968 1155 1008 meam
1181 968 1270 1027 snper
1295 949 1427 1010 Galilaei
1442 948 1558 1010 Nuncio
1574 945 1699 1007 Sidereo
1725 954 1913 1024 expeterent,

560 1038 739 1099 satisfacere
763 1037 877 1115 placuit
910 1038 1046 1096 omnibus
1080 1038 1135 1096 hoc
1169 1056 1278 1115 operae
1302 1038 1487 1114 compendio,
1514 1045 1546 1096 ut
1569 1036 1729 1113 epistolam
1754 1036 1792 1095 ad
1819 1033 1914 1096 Gali-

556 1127 655 1187 laeum
679 1127 801 1186 missam
835 1127 958 1201 (magna
987 1126 1105 1203 quidem
1140 1126 1332 1186 festinatione
1366 1127 1444 1186 inter
1477 1125 1689 1202 occupationes
1721 1125 1914 1186 necessarias

557 1215 637 1276 intra
659 1214 875 1293 praescriptum
899 1214 977 1273 diem
1003 1216 1113 1283 fusam)
1138 1214 1264 1292 puhlicis
1290 1215 1370 1294 typis
1395 1214 1607 1274 exscriberem.

644 1303 738 1383 Atqui
762 1302 849 1362 amici
874 1321 910 1360 ea
929 1302 993 1378 jain
1019 1322 1129 1361 excusa
1155 1314 1344 1371 monuerunt,
1378 1302 1473 1362 videri
1507 1303 1595 1379 paulo
1620 1310 1797 1377 conceptam
1822 1301 1909 1361 inso-

556 1392 675 1453 lentius.
722 1390 811 1451 Alius
835 1391 913 1450 enlm
937 1392 1070 1451 ablatum
1095 1392 1236 1470 cupiebat
1260 1392 1428 1464 exordium,
1455 1390 1574 1470 quidam
1598 1390 1737 1466 mitigata
1761 1389 1910 1449 voluisset

523 1510 527 1513 >
554 1480 647 1541 verba
670 1479 821 1550 nonnulla,
846 1498 921 1557 quae
946 1480 1113 1539 sententias
1138 1501 1157 1538 a
1180 1481 1348 1539 scholarum
1373 1479 1586 1539 cousuetudine
1612 1478 1788 1537 recedentes
1813 1489 1906 1537 anta·

556 1569 694 1647 gonistae
718 1567 848 1627 tribuere
872 1567 967 1627 videri
982 1569 1100 1645 possint
1115 1568 1305 1645 improvidis:
1331 1588 1388 1627 non
1411 1587 1496 1627 nemo
1512 1567 1632 1645 parcius
1648 1567 1809 1625 etiamnum
1837 1567 1906 1626 lau-

557 1656 658 1717 datum
674 1654 843 1716 Galilaeum
864 1655 1066 1730 desiderabat,
1091 1665 1124 1715 ut
1149 1657 1230 1716 locus
1255 1657 1470 1734 relinqueretur
1485 1656 1653 1715 sententiae
1670 1654 1908 1715 clarissimorum

555 1745 693 1817 virorum,
719 1762 792 1823 quos
817 1744 966 1804 diversum
990 1765 1009 1805 a
1032 1764 1079 1805 me
1102 1745 1215 1805 sentire
1239 1744 1372 1805 audiant.

643 1833 749 1912 Itaque
774 1832 930 1891 eonsilium
954 1833 1009 1892 hoc
1033 1833 1092 1904 inii,
1119 1843 1151 1892 ut
1167 1852 1317 1893 monerem
1332 1833 1483 1905 lectorem,
1509 1852 1593 1892 snum
1617 1832 1721 1909 cuique
1736 1831 1905 1909 pulchrum,

555 1920 713 2000 plerosque
738 1920 944 1980 contendendo
969 1920 1198 1988 excandescere.
1223 1922 1294 1982 mihi
1319 1923 1435 1999 gratius
1455 1921 1692 1997 disputationum
1708 1919 1803 1979 videri
1828 1939 1904 1981 con-

555 2009 717 2070 dimentum
750 2008 950 2069 hilaritatem:
976 2009 1025 2069 alii
1050 2009 1201 2087 gravitate
1225 2013 1481 2070 asseverationum
1502 2010 1680 2086 dignitatem
1706 2009 1853 2068 affectant
1876 2009 1904 2068 in

556 2097 705 2158 tradenda
728 2097 926 2175 philosophia,
952 2098 1025 2157 liunt
1049 2107 1149 2158 tamen
1174 2109 1205 2158 et
1228 2098 1285 2176 ipsi
1309 2119 1399 2177 saepe
1424 2106 1544 2176 praeter
1577 2096 1748 2156 institutum
1773 2096 1905 2168 ridiculi;

556 2203 613 2264 ego
637 2185 729 2246 adid
753 2193 861 2246 natura
886 2187 982 2245 factus
1006 2186 1118 2260 videor,
1143 2196 1177 2246 nt
1200 2186 1330 2247 laborem
1355 2197 1385 2247 ot
1400 2187 1606 2247 difficultatem
1623 2186 1777 2245 doctrinae
1796 2185 1904 2245 remis-

555 2274 639 2335 sione
663 2273 753 2334 animi
776 2274 855 2354 stylo
879 2292 1024 2351 expressa
1048 2282 1221 2352 temperem.

645 2359 733 2431 Quod
756 2360 848 2439 igitur
872 2362 1023 2423 exordium
1049 2364 1167 2436 attinet,
1192 2363 1360 2423 meminerit
1383 2364 1486 2433 lector,
1510 2362 1595 2422 idad
1616 2382 1681 2422 eum
1707 2362 1904 2440 perscriptum

554 2468 634 2519 esse,
658 2469 746 2529 quem
769 2459 1003 2511 consentaneum
1027 2452 1067 2512 sit
1090 2452 1201 2529 legisse
1226 2452 1443 2530 praefationem
1459 2470 1555 2511 meam
1572 2470 1662 2529 snper
1678 2449 1904 2511 commentaria

553 2538 663 2600 Martis
687 2557 779 2617 nuper
802 2540 893 2612 edita,
919 2559 993 2618 quae
1019 2549 1050 2600 et
1073 2541 1207 2617 allegata
1230 2541 1322 2601 videt.
1361 2541 1458 2601 Lusus
1483 2540 1561 2601 enim
1584 2558 1635 2600 seu
1647 2540 1736 2617 jocus
1751 2539 1902 2611 militaris,

553 2644 611 2706 quo
635 2646 700 2688 sum
723 2646 793 2687 usus
816 2629 845 2688 in
870 2645 959 2705 opere
984 2627 1033 2688 illo
1057 2629 1192 2706 publico,
1228 2629 1381 2689 derivatus
1412 2639 1459 2689 est
1491 2630 1520 2688 in
1552 2629 1607 2689 hoc
1631 2628 1723 2688 etiam
1747 2627 1902 2688 exordium

552 2716 691 2796 privatae
715 2716 861 2793 epistolae
881 2716 951 2794 jure
974 2734 1031 2775 non
1056 2716 1208 2776 deteriori.
1846 2708 1852 2715 ’

638 2804 689 2865 Ad
714 2805 839 2863 alteram
864 2823 1019 2864 censuram
1044 2806 1149 2865 eadem
1174 2812 1222 2864 est
1245 2804 1398 2881 responsio
1409 2823 1418 2876 3
1455 2806 1534 2881 tingo
1568 2804 1657 2862 animi
1691 2804 1792 2881 gratia
1825 2802 1903 2864 inter

550 2892 743 2977 disputantes
765 2892 858 2965 litem,
884 2892 974 2967 rixas,
1000 2893 1121 2954 victoris
1147 2893 1343 2971 triumphum,
1369 2893 1465 2952 minas
1489 2900 1627 2952 atroces:
1662 2911 1789 2970 poenam
1817 2892 1901 2965 victi,

552 2975 865 3054 mhorem,'vinoula,
890 3000 1044 3049 carceres,
1070 2981 1209 3041 exilium:
1247 2999 1323 3059 quae
1347 2982 1458 3040 serium
1483 2981 1552 3060 quid
1577 2981 1774 3058 pollicentur,
1814 3000 1850 3040 ac
1874 2980 1900 3041 si

549 3076 674 3147 uterque
699 3087 788 3147 super
811 3088 867 3129 sua
890 3070 1041 3130 sententia
1063 3070 1157 3130 veluti
1181 3070 1354 3148 superaris
1378 3078 1409 3128 et
1434 3070 1507 3129 focis
1523 3069 1683 3146 depugnet.
1723 3070 1819 3149 Atqui
1844 3088 1902 3129 non

548 3164 598 3217 est
620 3174 694 3236 opus
718 3157 829 3217 moneri
854 3157 1041 3217 academicos
1071 3157 1179 3229 (ceteri
1203 3158 1313 3216 saltem
1337 3158 1486 3235 cogitent)
1512 3159 1581 3236 quid
1605 3158 1646 3217 sit
1670 3158 1903 3236 positionem

549 3263 654 3305 snam
678 3243 888 3305 custodire:
914 3246 991 3325 quod
1016 3245 1084 3306 dum
1110 3247 1182 3317 facit
1203 3246 1288 3317 alter,
1314 3265 1371 3305 non
1396 3254 1513 3306 tantum
1537 3265 1609 3306 vera
1634 3254 1664 3306 et
1688 3254 1820 3324 recepta,
1847 3246 1903 3306 sed

508 3386 511 3393 .
547 3331 640 3391 etiam
664 3333 813 3405 absurda,
847 3333 926 3393 falsa
950 3334 1024 3404 (imo
1048 3335 1076 3394 in
1100 3335 1212 3394 scholis
1237 3352 1326 3411 saepe
1351 3335 1443 3394 etiarn
1467 3334 1566 3412 impia,
1592 3334 1776 3413 perniciosa,
1812 3334 1900 3395 hlas-

549 3419 672 3498 phema)
697 3439 750 3499 pro
775 3420 837 3480 suis
860 3430 995 3499 usurpat,
1021 3441 1132 3501 eaque,
1158 3430 1191 3481 ut
1216 3421 1274 3480 fert
1308 3422 1425 3485 dicendi
1459 3423 1596 3494 occasio,
1633 3424 1680 3482 vel
1712 3423 1768 3481 sibi
1804 3421 1901 3482 videri

547 3506 597 3567 vel
620 3527 653 3568 se
672 3509 803 3581 credere,
830 3529 862 3569 se
886 3519 1030 3583 statuere,
1057 3530 1089 3569 se
1105 3511 1231 3587 probare
1248 3511 1293 3568 vel
1309 3512 1503 3588 probaturum
1519 3513 1684 3588 profitetur,
1711 3531 1777 3571 cum
1799 3529 1903 3570 secum

547 3595 622 3658 nihil
646 3598 741 3658 minus
765 3598 886 3672 credat,
918 3607 1033 3659 tantum
1058 3606 1090 3658 ut
1113 3598 1310 3659 exercitatum
1343 3600 1451 3658 reddat
1485 3600 1610 3659 altorum
1645 3599 1673 3658 in
1706 3599 1904 3659 defendenda

548 3685 688 3746 veritate.
737 3688 881 3765 Adeoque
905 3688 1000 3765 major
1025 3696 1072 3746 est
1097 3687 1247 3746 festivitas
1281 3688 1499 3758 contentionis,
1535 3689 1560 3747 si
1592 3687 1756 3763 simplicior
1793 3687 1904 3766 aliquis

550 3773 587 3834 de
612 3774 741 3834 veritate
766 3776 848 3834 velut
871 3776 907 3833 de
942 3785 1024 3835 statu
1058 3795 1111 3833 suo
1145 3776 1285 3834 contrarii
1320 3776 1482 3852 improvisa
1515 3776 1682 3835 assertione
1715 3776 1904 3841 deturbetur,

545 3861 746 3941 jubeatnrque
771 3863 941 3936 defendere,
967 3865 1043 3943 quod
1068 3863 1251 3922 defensionis
1276 3881 1363 3939 egere
1389 3883 1535 3941 nunquam
1560 3864 1757 3941 cogitaverat.

637 3948 724 4020 Quod
749 3951 869 4011 tertium
894 3961 984 4030 caput
1008 3951 1184 4028 objectionis
1210 3951 1338 4021 attinet,
1372 3952 1507 4029 equidem
1532 3954 1624 4013 fucati
1648 3951 1721 4011 nihil
1747 3953 1782 4011 de
1810 3951 1902 4012 Gali-

546 4038 613 4098 laco
636 4039 753 4116 scripsi.
801 4039 928 4117 Semper
952 4041 1028 4099 huno
1053 4058 1165 4098 morem
1191 4039 1287 4110 tenui,
1323 4048 1356 4098 ut
1378 4060 1454 4117 quae
1479 4041 1554 4100 hene
1580 4041 1617 4100 ab
1642 4040 1709 4099 aliis
1735 4041 1819 4101 dicta
1842 4059 1902 4117 pu-

544 4132 651 4193 tarem,
677 4128 898 4200 collaudarem,
924 4146 999 4205 quae
1024 4128 1116 4198 male,
1143 4128 1329 4203 refellerem3
1363 4147 1511 4205 nunquam
1536 4138 1705 4188 contemtor
1728 4138 1781 4189 aut
1805 4129 1901 4188 dissi-

543 4212 674 4273 mulator
711 4215 827 4275 alienae
860 4214 1024 4287 scientiae,
1064 4214 1113 4274 nbi
1145 4215 1266 4292 propria
1299 4216 1479 4288 caruissem;
1519 4236 1668 4295 nunquam
1705 4218 1753 4276 vel
1792 4235 1901 4277 servus

544 4300 672 4362 oliorum
696 4304 744 4362 vel
768 4304 824 4363 mei
850 4303 1021 4380 negligens,
1057 4303 1081 4362 si
1115 4302 1185 4382 quid
1218 4303 1337 4381 proprio
1361 4306 1460 4364 Marte
1494 4306 1674 4365 invenissem
1706 4305 1814 4365 melius
1848 4312 1905 4364 aut

543 4387 634 4470 prior.
672 4390 777 4469 Neque
801 4399 882 4468 puto,
910 4398 1025 4450 tantum
1046 4390 1082 4449 de
1102 4410 1146 4449 me
1165 4389 1316 4450 Germano
1333 4390 1501 4452 Galilaeum
1526 4395 1634 4454 Italum
1659 4413 1726 4452 esse
1750 4394 1903 4466 meritum,

545 4484 579 4538 ut
602 4477 629 4538 ei
654 4480 786 4539 vicissim
811 4480 991 4538 adulandum
1017 4478 1107 4538 fuerit
1131 4478 1160 4538 in
1185 4480 1324 4539 veritatis
1349 4489 1402 4540 aut
1423 4481 1630 4558 penitissimas
1663 4501 1748 4542 meae
1772 4491 1901 4542 senten-

542 4564 607 4626 tiae
630 4568 855 4645 praejudicinm.

635 4654 731 4716 Nemo
757 4665 857 4715 tamen
882 4655 1043 4729 existimet,
1069 4674 1115 4716 nte
1140 4656 1197 4714 hac
1222 4676 1288 4716 mea
1323 4657 1506 4717 liberalitate
1539 4658 1723 4718 assentiendi
1749 4656 1904 4727 Galilaeo,

543 4742 741 4803 dissentiendi
776 4743 813 4803 ab
848 4744 912 4822 ipso
938 4745 1110 4805 libertatem
1135 4744 1203 4803 aliis
1227 4753 1361 4823 ereptum
1386 4746 1436 4805 ire.
1487 4744 1580 4806 Salvo
1614 4748 1755 4826 cujusque
1786 4747 1903 4826 judicio

543 4830 627 4891 illum
652 4831 781 4891 laudavi.
830 4830 986 4906 Quinimo,
1012 4833 1038 4891 si
1065 4852 1123 4911 qua
1147 4832 1194 4891 hic
1218 4833 1310 4892 etiam
1334 4835 1455 4913 propria
1480 4836 1624 4912 dogmata
1648 4836 1766 4914 suscepi
1792 4836 1901 4896 defen-

544 4917 651 4989 denda,
677 4919 813 4998 quamvis
837 4920 866 4979 id
891 4921 1029 4981 veritatis
1054 4918 1193 4998 opinione
1219 4923 1354 4999 serioque
1379 4923 1478 4982 animo
1504 4924 1578 4998 feci,
1615 4944 1672 4984 non
1699 4933 1801 4984 tamen
1826 4942 1902 5001 gra-

545 5003 640 5064 vatim
663 5009 768 5068 eadem
789 5027 835 5067 me
851 5008 996 5086 polliceor
1020 5008 1218 5086 abjecturum,
1244 5010 1369 5085 primum
1394 5019 1483 5090 atque
1508 5013 1580 5071 mihi
1601 5012 1766 5072 doctiorum
1792 5012 1903 5092 aliquis

542 5109 675 5154 errorem
699 5096 835 5175 legitima
859 5096 1000 5157 methodo
1025 5096 1289 5158 demonstraverit.

1106 5222 1343 5233 h-——u
